2356 4200
482 291 509 335 e.
527 276 597 336 ltro
613 276 711 335 habit.
993 278 1055 347 135

140 453 368 510 etreverenter
403 447 520 511 heberi.
575 447 789 511 Saaotifioatur
828 456 932 514 auteur
967 453 1052 515 ‘mul-

137 530 168 591 t'a
205 529 325 609 modio,
371 532 450 592 siout
497 539 606 593 eontra
652 540 683 593 et
728 532 886 613 polluitur.
950 535 1052 598 Primo

136 611 197 673 dum
238 613 370 695 indigne
417 615 494 675 illud
534 622 710 695 portamur,
759 615 877 678 eoilioet
925 618 1053 700 indigne

134 702 160 756 et
184 697 315 776 turpiter
344 697 502 775 piventee,
538 716 606 759 eum
640 700 680 759 eit
713 717 827 760 nomen
860 702 926 762 eius
963 703 1050 764 invo-

132 784 226 840 eatum
247 799 343 860 euper
362 799 441 857 noe,
477 786 620 860 uteunt,
655 783 706 861 qui
743 785 879 862 peccatis
896 789 899 794 '
916 786 1053 848 serviunt

131 863 349 942 exterioribus,
395 863 505 942 quibua
544 864 632 924 dioit:
681 864 786 926 Sanoti
824 873 942 946 estote,
976 887 1050 947 quo·

129 946 207 1006 niam
240 964 303 1028 ego
341 951 466 1007 sanetur
499 965 577 1008 eum.
629 945 772 1009 Secundo
808 951 907 1030 megia
941 950 1051 1030 pollui·

129 1034 186 1107 tur,
222 1027 298 1090 dum
333 1028 423 1090 nobie
453 1028 529 1090 illud
571 1049 768 1111 arrogamus,
801 1038 835 1092 ιιι
868 1039 956 1111 suut,
996 1035 1048 1113 qui

127 1117 231 1172 eenote
267 1113 391 1190 vivunt,
432 1119 541 1174 eontra
574 1121 606 1174 et
641 1115 723 1175 intus
761 1114 942 1194 superbiunt
989 1116 1048 1179 eibi

125 1195 192 1255 inuti
220 1213 262 1255 ae
280 1196 396 1273 saneti,
427 1215 492 1257 non
513 1196 735 1275 vendicantes,
767 1216 836 1257 oum
858 1197 944 1259 eolus
966 1198 1050 1260 Deua

125 1277 218 1338 inatus
254 1283 289 1339 et
321 1285 447 1338 sanetus
481 1279 530 1338 eit
577 1278 625 1339 llli
662 1280 767 1358 itaque
795 1298 910 1343 nomen
940 1281 1051 1343 Deio

125 1378 158 1421 re
183 1360 360 1440 repellunt,
394 1360 425 1421 hi
452 1381 473 1421 a
493 1361 562 1422 Deo
583 1361 739 1432 auferunt,
765 1361 811 1423 illi
831 1363 942 1424 volunt
960 1383 1049 1425 eane

125 1441 243 1521 tilioari,
265 1443 298 1504 hi
319 1443 429 1504 volunt
448 1445 549 1505 Deum
569 1462 633 1505 uon
661 1444 861 1522 eanotilioari,
883 1445 929 1506 illi
950 1445 990 1506 ad
1010 1449 1048 1507 ei-

125 1527 253 1587 nietram
275 1527 392 1603 vivunt,
415 1526 448 1587 hi
469 1525 510 1588 ad
531 1525 686 1605 dextram,
715 1527 759 1587 illi
780 1529 872 1589 nimie
900 1528 1050 1590 reoedunt

124 1610 339 1688 aaanotitate,
359 1609 392 1669 hi
412 1610 502 1670 nimis
524 1628 544 1668 a
563 1609 752 1689 pollutione,
782 1610 844 1691 illi,
872 1616 940 1672 utut
960 1611 1049 1673 liouit

124 1689 199 1770 dari,
222 1691 311 1772 nihil,
333 1690 365 1751 hi
387 1698 490 1753 autem
514 1693 621 1753 omnia
635 1694 731 1753 etiam
743 1693 827 1754 Deae
845 1693 956 1755 volunt
968 1713 1048 1756 eeee.

123 1773 226 1836 ledia
246 1774 425 1854 virileque
446 1775 581 1836 tenenda
602 1781 663 1855 eet,
691 1775 860 1837 seeundum
882 1775 975 1856 illud,
1007 1797 1049 1838 ue

124 1858 164 1918 eie
184 1858 279 1918 nimia
299 1858 413 1935 inetua3
434 1858 495 1920 hoo
516 1857 652 1919 medium
673 1865 776 1919 autem
807 1865 870 1932 eet,
900 1859 1047 1940 interpol-

123 1940 219 2002 lutum
243 1947 276 2003 et
297 1939 445 2002 mundum
466 1942 659 2017 ooneietere,
690 1960 728 2002 ao
749 1948 890 2003 neutrum
912 1961 947 2002 ee
977 1961 1048 2003 eree

123 2023 213 2101 velle,
234 2023 388 2104 pollutum
408 2023 516 2105 fugere
545 2031 576 2086 et
605 2024 747 2102 horrere,
775 2030 916 2084 sanetum
942 2031 1046 2087 autem

124 2105 300 2168 desiderare
322 2113 354 2168 et
375 2126 533 2186 quaerere,
555 2125 593 2167 ao
614 2108 659 2166 eie
680 2113 842 2185 utrumque
859 2106 1046 2187 abnegatum

123 2196 154 2250 et
174 2199 280 2250 tamen
301 2191 334 2250 in
356 2191 513 2269 utriusque
534 2191 771 2270 participatione
794 2208 883 2266 esee,
917 2189 972 2250 sed
1000 2209 1048 2250 re··

123 2279 230 2353 speetu
246 2272 458 2334 immunditiae
480 2273 627 2333 mundum
649 2292 734 2351 esee,
768 2279 801 2332 et
820 2272 946 2332 inferius
968 2292 1036 2332 eom

124 2356 311 2435 relinquere,
332 2363 476 2434 respectu
499 2355 666 2415 munditiae
687 2356 876 2416 immundum
899 2374 986 2432 esee,
1018 2361 1067 2415 et·

124 2457 193 2499 eam
227 2457 396 2516 quaerere,
430 2458 510 2517 quae
541 2438 626 2498 solus
648 2439 731 2498 Deus
765 2443 821 2500 est.
865 2437 936 2498 Non
965 2438 1047 2498 euim
1080 2496 1096 2512 ,,

123 2519 189 2581 fieri
211 2540 270 2582 noe
291 2519 441 2598 mundos,
475 2520 529 2580 sed
552 2540 700 2600 quaerere
722 2520 935 2581 tantummodo
957 2539 1042 2581 mun-

124 2602 230 2664 ditiam
260 2610 401 2683 oportet,
435 2604 514 2664 siout
544 2623 607 2664 non
637 2609 760 2683 oportet
789 2603 856 2663 fieri
884 2603 983 2663 Deum
1018 2608 1049 2663 et

123 2688 228 2746 tamen
252 2685 370 2747 habere
391 2692 423 2747 et
443 2684 590 2765 quaerere
611 2687 727 2747 Deum:
758 2687 802 2746 ita
828 2705 891 2747 non
914 2704 984 2746 eree
1005 2687 1049 2745 iu·
1122 2762 1124 2765 Ι

124 2770 252 2845 atitiam,
275 2768 330 2829 sed
353 2787 423 2828 eam
444 2770 552 2829 esuriri
574 2777 605 2829 et
627 2770 703 2829 sitiri
726 2775 865 2848 oportet,
893 2769 944 2847 qui
967 2770 1047 2829 euim

123 2871 186 2913 uon
210 2852 284 2929 eitit,
306 2851 393 2911 velut
414 2860 498 2912 eatur
524 2852 555 2911 in
587 2871 621 2912 ee
641 2853 710 2932 ipso
732 2853 838 2930 utique
859 2871 894 2910 ee
915 2870 985 2911 esee
1004 2852 1047 2911 iu-

123 2935 241 2994 stitiam
276 2933 505 3012 quodammodo
539 2940 635 3014 putet.
677 2934 799 3010 Tertio,
828 2932 952 3013 quaudo
985 2953 1047 2995 non

123 3018 198 3077 eatis
221 3023 400 3077 reverenter
419 3017 557 3095 habetur,
580 3024 614 3077 ut
635 3016 674 3077 de
694 3016 848 3095 reliquiis,
871 3016 1048 3095 exemplum

123 3099 228 3160 datum
254 3105 316 3177 eet,
349 3106 383 3160 ut
412 3117 481 3160 oum
511 3119 574 3161 non
603 3102 677 3160 satis
699 3106 876 3160 reverenter
886 3099 971 3158 illud
993 3110 1047 3160 no·v

124 3184 237 3261 minat,
266 3184 398 3262 cogitat,
432 3189 549 3244 traotat.
592 3183 633 3242 Et
658 3184 690 3241 in
720 3181 862 3242 omnibus
903 3181 1049 3261 gradibus

123 3272 196 3325 eunt
211 3283 330 3343 omnes,
345 3264 399 3325 aed
414 3267 583 3346 ignoeoitur
601 3265 701 3325 solum
718 3264 789 3342 illis,
806 3265 857 3342 qui
874 3272 1049 3344 agnoeount
1070 3280 1072 3282 ’

124 3365 197 3410 eeee
217 3349 250 3407 in
272 3347 334 3407 illie
358 3366 437 3426 ease,
460 3355 492 3408 et
513 3355 604 3408 orant
624 3349 725 3427 ipsum
747 3345 940 3407 aanotifioeri.
973 3347 1048 3422 Quis

124 3432 206 3491 enim
229 3436 292 3490 tam
321 3437 444 3491 sanetus
474 3440 505 3492 et
536 3429 683 3508 mundus,
714 3436 747 3489 ut
778 3429 871 3510 digne
909 3432 1047 3491 nomine·

124 3519 174 3573 tur
193 3512 251 3573 Dei
273 3513 422 3574 nomine?
445 3515 512 3592 quie
534 3534 596 3574 non
618 3513 677 3574 eibi
699 3512 814 3591 aliquid
844 3513 978 3574 nominis
1001 3533 1046 3573 ar·

122 3594 235 3676 rogat?
257 3594 332 3668 Quis
348 3597 422 3656 eatis
438 3603 615 3657 reverenter
636 3597 735 3675 ipsum
759 3594 921 3655 nominati·
940 3596 1048 3656 Restat

123 3679 195 3739 sola
223 3679 340 3756 orati0,
374 3698 435 3758 qua
457 3676 586 3759 ‘petatur
614 3677 819 3738 eanotifieatio
852 3678 924 3740 eiua.
969 3679 1047 3739 Nam

126 3766 266 3822 emotum
287 3767 336 3820 ert
353 3769 387 3819 et
407 3762 542 3823 terribile
561 3781 678 3824 nomen
702 3762 781 3847 eius,
812 3760 993 3830 venerabile
1014 3782 1055 3828 ao
