2356 4200
115 279 118 284 ¹
165 260 206 345 92
502 281 651 336 Sermones
670 281 782 337 Lutheri

165 449 352 529 (tatiacum,
386 449 427 510 ibi
462 452 543 511 enim
566 450 717 512 videbitis.
761 453 869 513 Mara:
898 451 984 514 Siout
1012 453 1090 514 dixit

165 533 261 594 vobis.
302 533 423 595 Metto:
464 534 546 594 Ecce
568 533 707 614 praedixi
732 536 828 596 vobis.
863 536 950 596 Luat
982 536 1023 596 Et
1044 557 1088 597 re·

166 616 312 677 cordatae
334 623 405 676 sunt
425 617 586 678 verborum
610 619 684 696 eius,
705 625 738 678 et
758 639 927 699 regressae.
963 619 1087 680 Marta:

165 699 313 759 Exierunt
335 701 406 760 cito.
433 701 552 764 Marc:
591 702 715 761 Iveruut
736 701 775 762 de
796 709 1009 780 monumento,
1033 702 1088 763 sed

121 811 130 829 ·
165 801 232 841 cum
264 784 373 843 timore
401 790 432 842 ct
459 784 573 864 gaudio
604 803 726 864 magno.
777 784 887 846 Marc:
930 785 1088 847 Invaserat

147 885 217 935 *eas
239 874 354 926 tremor
376 873 407 926 et
427 886 533 946 pavor,
558 877 589 927 et
612 868 726 927 nemini
749 869 911 946 quicquam
934 868 1087 948 dixerunt,

165 949 313 1008 timebant
334 950 424 1008 enim.
469 950 509 1010 Et
528 970 567 1009 ex
590 951 649 1012 hoc
670 957 765 1029 patet,
788 950 870 1030 quod
894 952 970 1013 istos
994 972 1087 1032 ange·

164 1032 211 1092 los
234 1034 263 1091 in
289 1039 488 1093 monumento
510 1032 665 1110 viderunt,
696 1040 727 1092 et
748 1034 830 1112 quod
853 1053 925 1094 mox
948 1034 1086 1096 cucurre-

163 1123 234 1174 runt
254 1115 293 1174 ad
316 1115 483 1195 discipulos
502 1126 586 1176 reeta
606 1118 674 1194 via,
705 1124 736 1176 et
764 1118 814 1176 hic
836 1126 883 1177 est
903 1118 1019 1196 primus
1041 1137 1085 1179 re

164 1216 268 1257 cessus
292 1218 405 1258 earnm.
563 1271 567 1277 .

246 1280 335 1341 Unde
378 1283 512 1359 sequitur
564 1282 693 1342 Mettus
731 1281 894 1343 Currentcs
938 1284 1084 1345 nunciare

164 1364 320 1443 discipulis
343 1368 418 1443 ejus.
455 1365 495 1424 Et
516 1366 560 1423 sic
582 1384 644 1425 non
669 1365 839 1425 habuerunt
860 1367 1084 1445 apparitionem

164 1448 304 1525 Domini,
338 1446 419 1526 quod
449 1467 487 1507 ex
517 1448 618 1508 verbis
644 1448 746 1507 Lucae
776 1450 930 1527 sequentis
959 1456 991 1508 et
1011 1450 1085 1509 reci-

164 1532 255 1590 tantis
277 1530 372 1590 verba
394 1530 520 1590 duorum
544 1530 763 1610 discipulorum
792 1533 822 1590 in
845 1531 991 1591 Emmaus
1014 1552 1085 1592 eun-

163 1614 254 1691 tium,
287 1613 327 1672 Et
355 1614 496 1682 mulieres
526 1613 677 1691 quaedam
707 1633 745 1673 ex
774 1616 886 1675 nostris
914 1622 1087 1676 terruerunt

163 1716 237 1771 nos,
272 1715 351 1774 quae
378 1704 450 1756 ante
472 1697 570 1756 lucem
595 1697 715 1756 suerunt
736 1696 775 1756 ad
799 1704 1029 1758 monumentum
1053 1706 1085 1759 et

163 1799 226 1840 non
250 1779 375 1840 invento
399 1798 529 1859 corpore
552 1780 616 1839 eius
638 1786 788 1851 venerunt
809 1779 956 1860 dicentes,
979 1800 1014 1841 se
1031 1801 1084 1842 an·

161 1862 298 1942 gelorum
321 1863 472 1922 visionem
496 1862 624 1940 vidisse,
662 1864 713 1942 qni
741 1862 846 1923 dicunt
872 1883 940 1922 eum
969 1866 1082 1924 vivere.

161 1945 242 2004 Ecce
264 1945 314 2004 hic
335 1952 430 2025 patet,
461 1944 542 2024 quod
565 1964 628 2005 non
653 1947 873 2005 nunciaverunt
902 1948 960 2006 uisi
991 1967 1084 2027 ange-

160 2028 256 2088 lorum
293 2028 388 2089 verba
418 2035 449 2087 et
483 2029 635 2108 visioneS,
666 2028 756 2091 unde.
781 2029 841 2088 cito
877 2036 1083 2106 cucurrerunt,

160 2111 232 2171 dicit
241 2112 422 2189 MatthaeuS‚
441 2111 494 2172 sed
508 2112 537 2170 iu
551 2110 687 2171 seeundo
704 2108 828 2172 iecessu
842 2113 974 2172 inierunt
989 2133 1083 2192 passu

161 2193 312 2255 modesto.
358 2195 448 2253 Luc:
471 2194 700 2254 Nuuciaverunt
727 2195 805 2254 haec
834 2196 939 2254 omnia
968 2195 1029 2255 illis
1052 2203 1083 2256 et

159 2279 270 2337 ceteris
298 2277 449 2338 omnibus.
497 2277 656 2338 iohannes
687 2277 825 2336 similiter
854 2284 997 2354 testatur,
1028 2298 1082 2338 eas

160 2362 343 2436 cucurrisse‚
379 2367 410 2419 et
437 2359 525 2437 dicit,
559 2361 641 2438 quod
671 2361 770 2439 primo
801 2361 935 2420 omnium
958 2362 1082 2421 nuncia·

160 2444 259 2502 verint
281 2443 371 2502 Petro
400 2450 431 2502 et
451 2443 596 2522 iohanni,
624 2443 744 2502 dicens:
776 2443 915 2503 Cucurrit
948 2445 1083 2516 (scilicet

159 2526 255 2585 Maria
269 2524 463 2605 Magdaleoa,
485 2545 575 2604 quam
593 2527 692 2587 solam
709 2527 858 2603 nominat,
882 2528 953 2604 quia
971 2527 1083 2586 ceteris

159 2609 326 2668 ferventior
354 2612 435 2683 erat)
468 2617 499 2669 et
527 2610 612 2668 venit
642 2608 681 2668 ad
710 2608 867 2669 Simonem
895 2609 1017 2668 Petrum
1052 2616 1083 2669 et

160 2691 252 2750 alium
277 2690 469 2770 discipulum,
491 2711 582 2770 quem
604 2692 719 2751 amavit
738 2692 839 2769 Jesus,
863 2698 894 2751 et
915 2691 992 2752 dixit
1013 2692 1083 2767 illis,

160 2774 292 2833 tulerunt
312 2775 478 2834 Dominum
508 2774 546 2835 de
572 2781 773 2835 monumento
803 2782 834 2834 et
855 2776 1008 2834 nescimus
1030 2774 1082 2835 ubi

160 2864 329 2936 posuerunt
350 2877 429 2918 eum.
472 2857 619 2918 Dubitant
640 2857 741 2917 adhuc
769 2858 860 2917 etiam
889 2857 1000 2916 auditis
1030 2877 1082 2917 an·

159 2940 246 3020 getis,
269 2959 337 2999 eum
360 2942 573 3014 resurrexisse,
595 2940 647 2999 vel
661 2940 749 3018 forts,
769 2946 803 2999 ut
817 2939 889 2999 Luc.
914 2938 995 3017 dicit,
1012 2958 1080 2999 eum

159 3022 335 3082 viderentur
357 3024 424 3083 aliis
448 3024 533 3101 loqui
556 3022 766 3100 deliramenta,
789 3028 862 3082 tnnc
883 3030 915 3082 et
935 3025 1022 3101 ipsae
1038 3022 1080 3082 di-

159 3112 283 3165 xerunt:
315 3105 346 3165 Si
373 3126 434 3167 non
458 3107 604 3184 surrexit,
638 3112 700 3165 tum
730 3106 883 3165 nescimus
912 3105 963 3164 ubi
990 3124 1081 3184 posu·
1112 3113 1116 3128 ¹

159 3196 247 3248 eruut
270 3189 365 3247 eum?
392 3188 483 3263 Quod
507 3195 607 3248 autem
631 3207 693 3248 non
716 3188 815 3248 solum
839 3187 936 3247 Maria
957 3188 1081 3268 Magda-

158 3271 230 3330 lena
252 3272 417 3350 nunciavit,
441 3278 570 3331 testatur
589 3271 696 3348 Lucas,
726 3271 846 3330 dicens:
874 3271 950 3330 Erat
978 3279 1080 3330 autem

158 3354 254 3414 Maria
275 3354 468 3434 Magdalena.
506 3355 588 3413 Ecce
610 3354 660 3413 hic
682 3354 764 3415 toa·
777 3353 859 3431 dicit,
882 3353 964 3431 quod
985 3354 1081 3414 Maria

159 3436 342 3517 Magdaleno
365 3437 421 3497 sibi
444 3438 601 3496 nirnciavit
623 3437 697 3496 ista:
729 3436 769 3496 Et
788 3432 884 3496 Maria
911 3435 1020 3496 Jacobi
1049 3443 1081 3495 et

159 3526 290 3595 ceterae,
313 3539 391 3598 quae
414 3540 482 3579 cum
506 3521 548 3580 eis
566 3528 663 3595 erant,
686 3538 764 3598 quae
787 3518 930 3578 dicebaut
948 3519 987 3578 ad
1007 3538 1080 3598 apo·

160 3603 257 3663 stolos
279 3604 364 3662 haec.
408 3602 448 3662 Et
478 3604 545 3662 visa
573 3609 644 3662 sunt
672 3610 744 3662 ante
775 3602 845 3661 illos
873 3603 951 3661 sicut
972 3602 1080 3671 delira

159 3692 294 3746 mentum
326 3685 421 3745 verba
448 3687 507 3746 ista
535 3692 566 3746 et
600 3705 662 3747 nou
693 3684 887 3745 crediderunt
916 3685 986 3745 illia.
1030 3685 1081 3746 Sic

149 3775 244 3845 patet
264 3768 433 3849 evidenter,
456 3768 539 3849 quod
560 3769 628 3850 plus
650 3787 740 3849 quam
763 3767 859 3829 semel
885 3765 1082 3830 accesserunt
