2356 4200
160 256 224 343 2Ὶο
397 272 592 353 wohtlones
610 274 719 347 Disput
737 276 816 332 Loth.

161 448 287 527 sanguia
310 446 420 509 utristi
442 445 683 508 misericordiam
707 438 835 525 clamat,
857 454 890 508 et
910 446 1085 535 interpellat

182 529 340 593 mamm
978 536 981 541 '
1064 554 1068 559 ·

162 550 182 613 p
245 612 387 679 Alienum
415 613 476 689 (sic
498 612 578 672 enirn
601 610 673 674 lisa.
697 618 789 672 vocat
802 630 871 695 cap.
883 612 958 691 28),
981 610 1014 672 iu
1031 618 1085 691 eat,

162 714 296 777 crucem,
318 694 466 775 lahorem,
487 712 606 779 poenas
628 696 740 775 varius,
763 694 895 775 denique
910 700 1087 757 mortemet

161 770 311 867 iniernum
332 780 362 839 in
386 796 489 859 carne,
511 785 544 839 ut
565 776 737 840 destruatur
759 795 871 859 corpus
894 778 1036 879 peccati,
1057 784 1086 841 tl

162 861 383 923 mortificentur
401 860 540 922 membra
561 868 667 922 nostra
688 878 781 942 super
802 869 934 937 terram,
962 868 994 923 et
1017 878 1086 923 con·

162 953 318 1006 vertantur
339 952 519 1026 peccatores
546 944 576 1003 in
603 944 763 1005 infernum.
806 942 885 1005 Nam
909 946 1113 1025 quicunque*

161 1030 192 1089 in
215 1027 336 1091 Christo
360 1028 530 1108 baptizatur
552 1034 583 1086 et
604 1036 783 1107 renovatur,
813 1026 853 1089 ad
880 1044 1019 1107 poenus,
1049 1024 1086 1088 ati

163 1112 282 1190 cruces,
303 1110 342 1172 ad
365 1116 479 1171 mortes
501 1116 640 1191 paratur,
663 1116 696 1170 ut
717 1111 893 1170 aestimetur
915 1110 999 1171 sicut
1022 1112 1086 1171 ovis

163 1192 339 1271 occisionis,
348 1200 379 1253 et
390 1192 588 1254 mortificetur
602 1200 667 1253 tota
677 1192 823 1271 die,siout
834 1192 1086 1269 aitPaalm.44¹):

162 1274 231 1359 ligo
254 1284 355 1337 antem
382 1275 419 1335 ad
441 1274 566 1355 flagella
586 1284 712 1356 paratus
738 1294 792 1336 seu
816 1275 977 1337 ordinatus
1010 1294 1086 1351 sum,

162 1366 194 1420 et
215 1358 304 1421 dolor
326 1376 412 1419 meus
435 1359 465 1418 in
489 1364 657 1441 conspectu
688 1376 757 1420 meo
791 1376 925 1439 semper.
969 1356 1024 1421 Sic
1045 1360 1087 1419 sic

162 1450 285 1523 oportet
305 1459 362 1501 nos
386 1440 451 1501 lieri
473 1442 647 1503 conformes
670 1442 796 1523 imagini
820 1440 956 1521 illiiDai,
980 1450 1015 1503 ut
1038 1442 1086 1523 qui
1163 1472 1166 1477 ·

162 1530 224 1587 nou
246 1524 401 1605 acceperit
424 1542 544 1585 crucem
567 1542 665 1603 suam,
688 1532 718 1585 et
740 1534 886 1605 sequutus
900 1524 1086 1601 maritatam,

162 1624 223 1668 non
257 1606 297 1666 sit
324 1607 448 1689 diguus,
485 1608 604 1668 etiamsi
641 1608 681 1668 sit
714 1607 855 1668 omnihus
887 1608 1087 1689 indulgentiis
1160 1622 1164 1627 ·

69 1684 76 1695 '
162 1688 281 1771 plenus.

245 1772 399 1848 Quocirca
421 1772 505 1833 nunc'
523 1772 609 1847 vide,
632 1792 714 1851 num,
737 1791 798 1853 quo
820 1780 963 1854 ternpore
985 1774 1088 1855 coepit

162 1855 266 1917 theolo
291 1858 320 1915 'a
348 1854 556 1935 Scholastica,
587 1857 618 1916 id
647 1864 708 1934 est,
746 1856 884 1917 illusoria
912 1857 980 1935 (sic
1007 1858 1087 1917 eni·

162 1948 252 1999 sonat
294 1940 413 2017 rarae),
438 1938 547 2000 eodem
570 1946 720 1999 evacuata
742 1938 964 2019 eattheologiu
977 1940 1088 2019 crucis,

162 2020 324 2102 sintquo²)
352 2020 456 2082 omnia
476 2021 568 2103 plane
591 2040 745 2102 perversa.
789 2020 969 2103 Theologua
989 2022 1088 2084 crucio

167 2102 300 2184 (idest,
331 2103 368 2163 de
390 2104 457 2164 Deo
492 2102 639 2165 crucifixo
672 2110 702 2164 et
730 2102 911 2165 abscondito
936 2106 1085 2185 loquens)

163 2204 297 2267 poenas,
320 2205 446 2265 cruces,
469 2196 597 2248 mortem
621 2186 712 2247 docet
733 2206 802 2248 esse
823 2187 1002 2249 thesaurum
1028 2208 1089 2250 orn·

162 2270 244 2330 nium
267 2270 520 2350 pretiosissimum
544 2279 575 2331 et
590 2268 734 2351 reliquias
749 2270 987 2349 sacratissimas,
1011 2288 1088 2353 quaa

162 2355 302 2495 {fsemet'
315 2353 456 2413 dominus
475 2353 564 2413 huius
577 2353 753 2435 theologiae
770 2355 974 2433 consecravit,
998 2354 1088 2415 hene·

183 2436 309 2515 iiritque,
334 2455 394 2496 non
418 2436 519 2497 solum
543 2445 626 2497 tactu
649 2454 724 2496 suae
747 2438 963 2497 sanctissimae
976 2438 1089 2511 curnis,

162 2519 216 2581 sed
239 2527 269 2578 et
290 2519 435 2599 amplexu
463 2538 538 2579 suae
570 2527 789 2600 supersanctae
818 2527 848 2579 et
880 2519 1006 2580 divinae
1039 2538 1088 2581 vo·

162 2603 296 2678 luntatis,
319 2620 434 2680 easque
456 2601 506 2663 hic
533 2601 655 2681 reliquit
677 2622 747 2663 vere
770 2600 973 2679 osculandas,
996 2622 1088 2683 quae·

161 2685 290 2765 raudus,
320 2683 553 2767 amplexandas.
597 2684 677 2760 Quin
699 2684 807 2746 heatus
836 2692 867 2746 et
894 2684 1087 2763 benedictus,

163 2769 214 2848 qni
238 2768 348 2849 dignus
370 2768 460 2829 l'uerit
481 2768 550 2829 Deo
572 2770 667 2847 visus,
690 2777 723 2828 nt
744 2769 772 2828 ei
795 2766 947 2828 donentur
969 2768 1001 2828 hi
1027 2770 1087 2830 the·

163 2852 244 2912 sauri
266 2851 461 2935 reliquiarum
486 2852 606 2929 Christi,
630 2852 692 2911 imo
716 2852 766 2932 qui
788 2849 938 2931 intelligat
961 2850 1023 2912 sibi
1038 2850 1087 2913 do·

163 2935 236 2995 nari.
263 2932 342 2994 Nam
366 2936 415 2995 oui
437 2953 498 2995 non
522 2934 709 2994 offeruntur?
732 2933 817 2995 Sicut
839 2934 872 2997 Β.
894 2933 1086 3011 Iacchum:

163 3017 262 3078 Omne
283 3015 429 3097 gaudium
452 3019 625 3077 existimate
646 3016 771 3096 iratres,
800 3035 868 3078 cum
891 3018 921 3077 in
945 3018 1088 3080 tentatio·

165 3120 219 3160 nas
244 3098 343 3160 varias
367 3099 544 3161 incideritis.
585 3100 653 3160 Non
678 3108 725 3161 est
747 3101 827 3160 enirn
850 3102 987 3161 omniurn
1013 3100 1088 3161 haec

162 3185 261 3263 gratia
286 3190 317 3242 et
338 3180 453 3263 gloria,
487 3190 517 3243 ut
550 3183 607 3243 hos
635 3185 791 3265 accipiant
820 3182 1000 3265 thesauros,
1035 3182 1087 3244 aet

162 3266 418 3329 electissimorum
442 3264 574 3326 illiorum
595 3266 662 3326 Dei.
1033 3284 1036 3289 ·

244 3348 330 3409 lllulti
342 3350 574 3428 peregrinantur
586 3348 728 3427 Romam,
751 3348 872 3429 aliaque
887 3356 997 3408 sancta
1010 3346 1087 3425 loca,

162 3438 197 3493 ut
217 3433 350 3492 tunicam
372 3430 493 3514 Christi,
516 3450 588 3492 ossa
611 3439 790 3512 martyrum,
813 3432 883 3492 loca
905 3438 936 3490 et
956 3430 1086 3513 vestigia

162 3525 340 3576 sanctorum
363 3514 486 3575 videant
518 3513 619 3598 (quod
641 3533 703 3576 non
727 3514 908 3575 damnamus
931 3513 1086 3593 quidem),

217 3708 248 3849 ΕΞ
267 3708 299 3832 {a
319 3705 361 3833 eg.
378 3708 466 3833 11rrina
486 3708 577 3762 deest:
595 3707 639 3789 tl.
693 3706 725 3777 2)
744 3705 778 3759 ln
796 3702 838 3761 ad.
857 3702 939 3760 lem:
959 3711 1085 3777 suntque.

282 3794 362 3833 aco.
399 3818 407 3833 .
451 3786 459 3802 ⁸
