2356 4200
368 283 402 341 sd
421 285 493 340 Dial.
513 285 542 339 F.
561 280 625 339 Silv.
645 281 793 341 Priarlatfs.
1008 283 1047 349 13

211 451 338 534 Quinto,
359 457 581 536 poenitentiam
602 451 738 516 secundo
759 453 853 514 modo
867 453 1047 515 satisfactio·

130 556 199 598 nem
223 536 315 596 ctiam
339 557 409 599 esse
426 538 512 599 dicis.
540 539 616 600 lteris
638 539 729 598 tertio
750 536 845 597 modo
866 537 1048 598 satisfactio·
1149 532 1154 541 ’

128 638 200 680 nam
222 637 292 680 esse
314 619 400 682 dicis.
443 621 483 683 Et
470 624 601 703 tprimo
624 619 735 698 modo,
764 621 793 679 si
815 625 863 679 est
884 618 975 682 dolor
994 639 1047 680 vo

128 701 268 780 luntatis,
295 723 359 764 non
383 711 488 786 potest
508 705 589 780 fieri,
618 705 691 784 quin
713 704 773 763 st
763 721 831 782 rpsc
852 701 942 763 dolor
961 703 1048 763 satis-

128 784 293 847 factionem
315 795 425 866 operat
424 808 468 848 ur.
511 788 620 868 Rogo,
650 793 725 866 quot
745 785 835 846 nobis
859 784 983 846 tandem
1005 785 1046 845 di

128 869 266 950 stingues
300 870 547 932 satisfactiones?
594 869 680 930 Haec
708 868 823 929 ideo
815 886 979 948 impugno,
1014 877 1047 929 ut

128 950 209 1013 hanc
229 958 312 1012 tuam
337 952 566 1015 distinctionem
595 948 696 1013 denuo
724 959 843 1032 septem
872 950 939 1011 aliis
965 969 1047 1012 nove

128 1034 251 1096 confiet'
230 1041 269 1094 trs
313 1034 359 1095 dis
361 1037 549 1098 tinctionibis
590 1034 754 1110 defendas
807 1053 893 1094 more
939 1052 1047 1094 sacrae

128 1117 336 1179 scholasticae
357 1119 551 1199 theologiae,
574 1127 606 1179 et
627 1126 689 1180 tum
712 1118 817 1194 dicas,
840 1136 948 1178 omnes
970 1117 1047 1176 nihi-

125 1199 262 1261 lominus
286 1203 317 1261 in
340 1203 434 1264 verbo
458 1202 569 1263 Christi
590 1202 776 1279 intellectas,
800 1205 843 1261 ut'
860 1199 1046 1279 persuadeas

128 1283 219 1362 taihi,
249 1282 421 1345 doctrinam
457 1285 569 1346 Christi
598 1286 665 1345 sine
689 1284 829 1344 Thomas
857 1292 888 1343 et
910 1283 1048 1345 silvestri

128 1365 376 1427 distinctionibus
403 1367 541 1449 intelligi
568 1385 630 1430 non
656 1386 767 1447 posse,
797 1365 829 1426 id
860 1367 943 1428 enim
970 1385 1048 1447 opus

128 1456 189 1528 est,
212 1457 246 1510 ut
266 1450 469 1530 persuadear,
498 1453 549 1532 qui
573 1450 725 1510 Christum
752 1451 811 1510 nisi
841 1450 906 1510 sine
928 1449 1048 1510 Thomu

126 1531 257 1612 intelligi
281 1534 331 1592 vix
355 1533 459 1595 credo.

210 1605 327 1692 Sexto,
359 1615 455 1678 libera
481 1637 545 1690 me,
585 1635 716 1695 quaeso,
748 1635 790 1676 ex
822 1616 869 1676 his
898 1617 1045 1697 angustiis

127 1699 214 1759 meis.
257 1697 288 1759 Si
310 1699 435 1760 verbum
457 1699 570 1760 Christi
591 1704 695 1779 potest
721 1699 852 1795 intelligi
879 1699 918 1760 ds
945 1718 1045 1760 sacra·

126 1781 264 1841 mentali
276 1785 477 1861 poenitentia,
499 1784 678 1862 praesertim
702 1781 791 1843 tertia
813 1783 879 1841 eius
894 1789 990 1863 parte,
1013 1782 1045 1842 id

126 1871 191 1942 est,
222 1865 447 1939 satisfactione,
479 1865 603 1926 verbum
634 1871 735 1925 autem
759 1864 870 1924 Christi
892 1872 940 1926 est
959 1885 1045 1945 prae·

126 1955 250 2027 neptum
272 1948 524 2026 iminutabile*],
548 1947 704 2026 quomodo
726 1946 769 2025 nr,
791 1954 824 2007 ut
844 1947 1046 2008 sacerdotalis

126 2037 264 2110 potestas
287 2031 539 2092 sacramentalem
557 2031 797 2091 satisfactionem
815 2036 920 2110 mutet,
943 2030 1045 2093 dando

125 2112 334 2193 indulgentias
367 2121 398 2174 et
427 2114 624 2174 remissiones
656 2112 892 2173 satisfactionis?
933 2112 1045 2173 Nonne

125 2195 213 2256 vides
237 2197 286 2255 vel
309 2197 401 2256 aliam
429 2216 498 2258 esse
522 2198 761 2257 satisfactionem
791 2195 1044 2258 sacramentalem

126 2297 216 2357 quam
239 2298 321 2359 papa
347 2281 485 2357 remittit,
515 2281 633 2340 scilicet
662 2279 919 2357 ecclesiasticam,
948 2280 997 2340 vel
1019 2281 1045 2340 si

126 2361 235 2423 eadem
258 2370 322 2440 est,
352 2363 454 2423 nullas
478 2383 546 2423 esse
568 2382 693 2442 prorsus
715 2363 927 2440 remissiones,
950 2364 1046 2423 etin·

126 2443 262 2524 dulgent
255 2463 299 2504 ras
329 2465 398 2506 esse
424 2466 524 2506 meras
552 2446 728 2524 illusiones,
755 2452 788 2506 et
815 2446 972 2506 simulatas
999 2464 1045 2506 re

126 2528 310 2588 missiones?
331 2528 400 2589 Non
424 2531 504 2589 enim
527 2529 682 2590 remittere
703 2492 808 2628 p’otest
828 2528 938 2609 homo,
961 2529 1044 2608 quod

125 2609 208 2671 Deus
231 2613 441 2691 praecepitei
463 2612 579 2692 ligavit

209 2694 362 2773 Septimo,
391 2696 416 2755 si
438 2702 486 2754 sat
474 2696 584 2755 tisfact'
565 2702 606 2756 tro
630 2694 898 2774 comprehenditur
919 2695 951 2754 in
971 2714 1044 2774 poe·

125 2777 254 2837 nitentia
275 2777 411 2838 secundo
435 2785 465 2838 et
482 2781 549 2838 tert
529 2786 572 2839 rto
591 2778 695 2856 modo,
718 2785 845 2856 utraque
860 2781 965 2838 autem
987 2785 1044 2855 est,

126 2879 205 2939 quae
226 2879 247 2919 a
267 2860 429 2921 sacerdote
449 2862 633 2942 iniungitur,
654 2879 749 2940 rogo,
775 2859 931 2938 quomodo
954 2861 1046 2922 stabit

125 2943 203 3004 haec
227 2943 403 3005 distinctio?
426 2943 662 3005 sacramentalis
685 2944 767 3002 enim
789 2943 958 3004 satisfactio
981 2962 1044 3004 non

127 3032 184 3103 est,
207 3026 266 3085 nisi
289 3046 368 3104 quae
391 3047 410 3086 a
433 3027 594 3087 sacerdote
615 3027 790 3105 imponitur,
813 3033 844 3086 et
866 3025 975 3086 eadem
997 3031 1045 3086 cst

126 3107 177 3192 (te
198 3117 336 3186 autore),
359 3129 439 3189 quse
461 3113 551 3171 tertio
575 3110 668 3171 modo
691 3110 847 3189 accipitur.
878 3109 947 3170 Iure
968 3109 1042 3170 mihi
1156 3156 1159 3161 .

124 3191 247 3252 reniam
271 3192 376 3272 dabis,
412 3195 437 3253 si
464 3194 542 3254 haec
572 3213 635 3254 non
658 3193 757 3274 capio.
799 3191 940 3252 Aeaeum
963 3193 1043 3252 enim

126 3281 219 3354 caput
242 3282 272 3335 et
294 3295 403 3336 nasum
424 3277 556 3337 ferreum
578 3276 695 3352 habeo,
717 3275 748 3335 id
771 3283 831 3353 est,
855 3274 990 3336 indocile
1012 3281 1043 3335 et

123 3359 256 3438 incapax
289 3362 394 3420 tantae
428 3367 497 3420 tuae
530 3359 709 3440 theologiae
735 3360 907 3440 ingenium,
943 3359 968 3419 si
1000 3359 1044 3419 ita

124 3441 236 3520 placet.

207 3524 252 3584 Tu
276 3544 357 3585 nunc
378 3525 467 3604 vide,
503 3525 659 3605 quomodo
688 3524 817 3586 verbum
840 3524 951 3586 Christi
980 3544 1043 3586 non

196 3791 226 3863 ⁸)
250 3792 371 3846 Verbum
391 3792 494 3848 Christi
514 3792 687 3847 immutabile
705 3796 890 3865 praeceptum.
