2356 4200
155 260 216 332 108
472 259 620 324 Sermoam
639 262 751 322 Lnlberi
833 309 837 315 .
864 221 868 230 Ι

151 438 299 520 patiendi.
340 437 484 517 Sextum,
516 436 599 519 quod
626 436 739 499 fiducia
765 437 870 498 saluts
896 435 1073 498 in‘tallbus

32 525 33 528 ’
111 529 137 565 l
154 527 224 601 stet,
246 527 341 603 patet,
364 521 457 602 quod,
480 540 548 581 cum
568 520 685 583 cadunt
694 523 726 581 in
737 527 899 602 paccatum
912 518 1072 598 sensibile,

152 607 291 686 protinus
313 604 538 685 desperant
561 612 614 665 aut
634 606 660 665 si
675 603 883 685 impediantur
900 603 1071 683 aliquando

153 695 185 748 et
205 688 245 749 ad
267 688 328 749 alia
349 694 514 768 vocantur?
531 689 715 769 gravissima
735 688 857 748 tristitia
877 692 909 748 et
921 687 1073 768 inquietu-

152 771 223 832 dinc
234 773 414 848 cruciantur,
436 769 521 850 quod
542 770 661 831 scilicet
681 788 745 832 non
768 771 896 831 fecerint
913 769 996 850 quod
1019 788 1072 831 vo-

152 855 281 933 luerunt,
296 855 426 934 elperiit
438 873 543 914 eorum
556 852 675 914 fiducia.
708 854 750 916 Ut
764 850 941 935 Sapientiae
953 855 1004 916 24.
1015 854 1072 931 ‘lt

153 940 267 1018 septies
288 939 322 997 in
343 937 392 997 die
414 937 497 997 cadit
516 938 629 1014 iustus,
654 943 686 998 et
706 938 798 998 toties
819 937 965 1018 resurgit,
984 936 1074 1016 impii

152 1040 227 1082 vero
249 1025 394 1082 corruunt
414 1021 445 1079 in
467 1020 594 1080 malum.
638 1019 841 1081 Suntmultae
862 1016 1072 1098 mulierculae,

153 1110 221 1164 uum
245 1105 307 1164 suis
328 1104 428 1181 votis,
449 1103 589 1179 ieiuniis,
617 1101 887 1183 castigationibus,
917 1121 993 1181 quas
1014 1116 1075 1162 nec

151 1206 208 1267 pro
231 1187 418 1246 necessitate
440 1186 588 1265 corporis,
610 1187 757 1265 antuini,
779 1190 834 1246 aut
853 1185 986 1246 liliorum
1009 1202 1073 1245 mu·

130 1277 218 1330 ,tare
242 1269 361 1348 volunt,
383 1273 417 1328 ut
439 1287 517 1347 quae
540 1270 632 1329 ctiam
655 1274 781 1349 portant
801 1267 1073 1329 camisiassnbtns.

153 1353 322 1435 Septimum
346 1350 428 1431 quod
450 1370 638 1431 nunquam
661 1351 777 1413 habant
798 1353 968 1431 quietam
990 1368 1073 1410 con·

153 1436 359 1496 scientiam
383 1441 437 1495 aut
457 1434 605 1495 laetitiam
629 1436 762 1515 spiritus,
784 1436 835 1514 qui
856 1436 887 1494 iu
906 1452 1075 1514 operosus

39 1552 42 1560 ι
153 1517 320 1596 confidunt,
343 1523 374 1578 et
394 1518 466 1596 quia
487 1535 643 1597 nunquam
663 1536 701 1579 eo
724 1517 835 1596 modo,
872 1534 932 1597 quo
956 1517 1074 1597 volunt,

146 1600 325 1682 proliciunt,
348 1619 504 1680 nunquam
527 1602 625 1661 securi
638 1607 862 1661 suntautrarc.
899 1598 1073 1680 Angustam

150 1684 195 1745 illi
217 1685 337 1744 faciunt
357 1684 598 1762 conscientiam,
622 1690 654 1743 et
674 1689 754 1762 sunt,
777 1682 946 1762 dequibus
970 1682 1074 1743 Domi*

152 1787 210 1827 nus
233 1767 322 1827 dicit:
357 1765 542 1827 contendite
564 1768 680 1827 intrare
700 1772 1074 1851 perangustamportam‚
1111 1790 1114 1795 ⁴

35 1852 39 1859 '
155 1852 227 1929 quia
247 1850 334 1911 multi
358 1855 507 1929 quaerunt
527 1850 640 1910 intrare
661 1856 693 1910 et
718 1867 781 1910 non
813 1856 968 1929 poterunt.
1012 1850 1074 1908 An·

155 1939 245 2013 gusta
267 1934 347 1993 enim
369 1938 459 2012 porta
480 1950 542 1993 nou
565 1939 629 2010 est,
659 1951 750 2012 quam
777 1933 827 1992 isti
854 1931 986 2010 iaciunt,
1018 1929 1074 1992 sed

123 2090 124 2094 Ἰ
156 2023 203 2076 cst
224 2017 391 2097 resignatio
415 2016 471 2093 sui,
492 2022 525 2074 ut
545 2015 623 2075 infra
644 2015 769 2076 dicetur.

236 2098 307 2160 Non
330 2099 445 2159 suntin
461 2096 575 2158 mundo
587 2098 728 2160 homines
749 2099 902 2159 faciliores
919 2096 959 2157 ad
978 2098 1074 2157 invi·

155 2181 252 2242 diam
282 2189 319 2242 et
346 2183 454 2256 iram,
489 2200 580 2260 quam
608 2183 676 2259 isti,
708 2183 874 2262 praecipue
897 2179 1020 2261 quando
1038 2181 1073 2240 in

155 2266 217 2326 suis
240 2264 385 2344 operibus
408 2262 633 2343 despiciuntur,·
647 2264 862 2345 impediuntur,
886 2282 990 2324 vcrum
1013 2263 1075 2324 hoc

154 2348 254 2408 zelum
282 2347 340 2407 Dei
370 2347 536 2426 opinantur
562 2353 594 2407 et
615 2366 725 2409 secura
748 2346 939 2408 confidentia
959 2346 1019 2407 sibi
1040 2347 1072 2406 in

154 2432 261 2491 iuriam
284 2428 349 2490 fleri
371 2427 509 2508 credunt,
531 2447 566 2490 se
588 2437 746 2510 excusant,
768 2429 937 2490 defendunt
952 2448 1076 2509 semper

155 2532 223 2574 cum
247 2511 464 2573 iustificatione
485 2513 532 2571 sui
554 2517 586 2572 et
612 2513 652 2575 ad
676 2514 905 2574 assumtionem
934 2512 1075 2591 aliorum,

155 2597 228 2675 quia
247 2614 368 2675 semper
390 2601 589 2674 praesumunt
609 2614 679 2657 sese
699 2604 811 2674 rectos,
832 2595 944 2673 bonos,
966 2596 1075 2657 iustos.

155 2678 229 2740 Ideo
251 2696 308 2758 pro
330 2679 444 2741 iustitia
467 2677 595 2739 credunt
616 2698 685 2740 sese
707 2679 869 2760 indignari,
890 2679 998 2755 irasci,
1030 2679 1075 2738 in·

155 2761 270 2822 videre.
293 2761 341 2821 Da
353 2779 414 2839 quo
427 2767 493 2821 tota
506 2760 668 2842 Scriptuna
681 2762 840 2822 abundans
855 2768 910 2840 est,
923 2761 972 2823 Ps.
986 2761 1075 2824 Vlll:

155 2845 196 2906 Ut
213 2843 358 2905 destruas
379 2845 535 2904 inimicum
564 2850 596 2906 et
626 2845 781 2923 ultorem3
816 2845 907 2906 Dent.
942 2844 1075 2905 XXXII:

155 2928 426 2988 Provocaruntme
446 2927 479 2987 in
500 2947 548 3006 eo,
571 2929 622 3007 qui
644 2947 707 2989 non
730 2935 796 2988 erat
812 2929 906 3006 Deus,
928 2934 960 2988 ct
978 2928 1076 2988 irrita-

155 3018 265 3071 verunt
286 3011 317 3069 in
340 3011 526 3071 vanitatibus
550 3012 622 3088 suis,
645 3017 677 3072 et
697 3031 757 3092 ego
779 3011 957 3092 provocabo
971 3029 1027 3072 eos
1044 3013 1076 3072 in

155 3113 218 3155 non
244 3093 363 3174 populo
396 3100 428 3154 et
449 3095 481 3153 in
505 3101 598 3176 gente
620 3095 713 3155 stulta
733 3094 862 3156 irritabo
883 3094 964 3155 illos.
1007 3094 1076 3155 lloc

156 3195 248 3257 super
268 3176 315 3236 hia
338 3176 453 3258 allegat
474 3176 644 3257 apostolus,
667 3178 718 3257 qui
733 3197 796 3238 non
808 3177 969 3243 coluerunt
979 3175 1076 3254 idola,

156 3260 209 3320 sed
232 3260 362 3329 iustitias
385 3278 465 3322 suas.

238 3343 338 3404 Tanto
360 3341 464 3402 taedio
489 3340 660 3417 (acedia)
685 3349 755 3402 sunt
775 3342 814 3402 ad
831 3343 894 3402 alia
911 3342 1022 3421 affecti,
1044 3350 1078 3403 ut

155 3433 277 3487 montes
299 3426 388 3485 citius
411 3423 586 3503 transieras,
609 3442 700 3503 quam
712 3425 784 3486 illos
798 3425 837 3485 ad
851 3426 914 3486 alia
925 3424 1076 3505 facienda,

156 3527 237 3588 quae
257 3527 321 3569 non
344 3508 477 3588 placent,
496 3525 691 3588 promoveas.
728 3506 910 3568 Avaritia
927 3509 1078 3589 spirituali

154 3593 205 3653 vel
227 3591 445 3653 ambitione
474 3590 595 3651 occulta
623 3590 721 3651 laudis
750 3598 781 3652 et
802 3593 958 3672 opinionis
980 3592 1077 3654 homi-

209 3778 240 3845 'l
260 3776 373 3832 Rectius
392 3777 522 3832 Provaib.
539 3768 639 3844 mv,
660 3774 701 3831 16,
731 3772 757 3785 ’·
789 3774 796 3828 ³.
833 3751 854 3807 ἐἰ
