<?xml version="1.0" encoding="UTF-8"?>
<!DOCTYPE html PUBLIC "-//W3C//DTD XHTML 1.0 Transitional//EN"
    "http://www.w3.org/TR/xhtml1/DTD/xhtml1-transitional.dtd">
<html xmlns="http://www.w3.org/1999/xhtml" xml:lang="en" lang="en">
 <head>
  <title>
</title>
<meta http-equiv="Content-Type" content="text/html;charset=utf-8" />
  <meta name='ocr-system' content='tesseract 3.04.00' />
  <meta name='ocr-capabilities' content='ocr_page ocr_carea ocr_par ocr_line ocrx_word'/>
</head>
<body>
  <div class='ocr_page' id='page_1' title='image "./dmartinilutheri01luthgoog_0040.png"; bbox 0 0 2356 4200; ppageno 0'>
   <div class='ocr_carea' id='block_1_1' title="bbox 420 306 1055 390">
    <p class='ocr_par' dir='ltr' id='par_1_1' title="bbox 420 306 1055 390">
     <span class='ocr_line' id='line_1_1' title="bbox 420 306 1055 390; baseline 0.003 -15"><span class='ocrx_word' id='word_1_1' title='bbox 420 306 758 380; x_wconf 63' lang='lat' dir='ltr'><strong>musitanam.</strong></span> <span class='ocrx_word' id='word_1_2' title='bbox 1013 316 1055 390; x_wconf 70' lang='lat'><strong>35</strong></span> 
     </span>
    </p>
   </div>
   <div class='ocr_carea' id='block_1_2' title="bbox 95 492 1112 3575">
    <p class='ocr_par' dir='ltr' id='par_1_2' title="bbox 95 492 1112 3575">
     <span class='ocr_line' id='line_1_2' title="bbox 129 492 1054 576; baseline 0.006 -24"><span class='ocrx_word' id='word_1_3' title='bbox 129 492 276 573; x_wconf 85' lang='lat' dir='ltr'><strong>pericula,</strong></span> <span class='ocrx_word' id='word_1_4' title='bbox 298 493 545 557; x_wconf 63' lang='lat' dir='ltr'><strong>vetitoretitatis</strong></span> <span class='ocrx_word' id='word_1_5' title='bbox 560 492 704 573; x_wconf 77' lang='lat' dir='ltr'>defuisse,</span> <span class='ocrx_word' id='word_1_6' title='bbox 727 500 758 556; x_wconf 89' lang='lat' dir='ltr'><strong>et</strong></span> <span class='ocrx_word' id='word_1_7' title='bbox 778 493 927 576; x_wconf 71' lang='lat' dir='ltr'><strong>populata</strong></span> <span class='ocrx_word' id='word_1_8' title='bbox 937 493 1054 558; x_wconf 72' lang='lat' dir='ltr'><strong>oldai</strong></span> 
     </span>
     <span class='ocr_line' id='line_1_3' title="bbox 130 576 1052 658; baseline 0.007 -22"><span class='ocrx_word' id='word_1_9' title='bbox 130 594 190 636; x_wconf 89' lang='lat' dir='ltr'><strong>non</strong></span> <span class='ocrx_word' id='word_1_10' title='bbox 211 577 354 656; x_wconf 83' lang='lat' dir='ltr'><strong>auxisse,</strong></span> <span class='ocrx_word' id='word_1_11' title='bbox 382 579 433 658; x_wconf 87' lang='lat' dir='ltr'><strong>qui</strong></span> <span class='ocrx_word' id='word_1_12' title='bbox 454 579 524 640; x_wconf 83' lang='lat' dir='ltr'><strong>sola</strong></span> <span class='ocrx_word' id='word_1_13' title='bbox 544 576 603 640; x_wconf 84' lang='lat' dir='ltr'><strong>hac</strong></span> <span class='ocrx_word' id='word_1_14' title='bbox 624 579 785 639; x_wconf 81' lang='lat' dir='ltr'><strong>nativitate</strong></span> <span class='ocrx_word' id='word_1_15' title='bbox 807 583 951 658; x_wconf 84' lang='lat' dir='ltr'><strong>augetur,</strong></span> <span class='ocrx_word' id='word_1_16' title='bbox 982 579 1052 642; x_wconf 80' lang='lat' dir='ltr'><strong>solo&#39;</strong></span> 
     </span>
     <span class='ocr_line' id='line_1_4' title="bbox 130 659 1054 742; baseline 0.003 -23"><span class='ocrx_word' id='word_1_17' title='bbox 130 659 224 720; x_wconf 79' lang='lat' dir='ltr'><strong>verbo</strong></span> <span class='ocrx_word' id='word_1_18' title='bbox 253 661 314 720; x_wconf 81' lang='lat' dir='ltr'><strong>isto</strong></span> <span class='ocrx_word' id='word_1_19' title='bbox 346 660 438 722; x_wconf 88' lang='lat' dir='ltr'><strong>alitur</strong></span> <span class='ocrx_word' id='word_1_20' title='bbox 464 660 495 722; x_wconf 75' lang='lat' dir='ltr'><strong>ei</strong></span> <span class='ocrx_word' id='word_1_21' title='bbox 514 661 679 742; x_wconf 82' lang='lat' dir='ltr'><strong>perficitur.</strong></span> <span class='ocrx_word' id='word_1_22' title='bbox 722 661 787 723; x_wconf 84' lang='lat' dir='ltr'><strong>Hos</strong></span> <span class='ocrx_word' id='word_1_23' title='bbox 810 662 892 722; x_wconf 86' lang='lat' dir='ltr'><strong>enim</strong></span> <span class='ocrx_word' id='word_1_24' title='bbox 912 659 994 722; x_wconf 84' lang='lat' dir='ltr'><strong>lilios</strong></span> <span class='ocrx_word' id='word_1_25' title='bbox 1016 678 1054 722; x_wconf 88' lang='lat' dir='ltr'><strong>ac</strong></span> 
     </span>
     <span class='ocr_line' id='line_1_5' title="bbox 128 741 1052 826; baseline 0.006 -25"><span class='ocrx_word' id='word_1_26' title='bbox 128 741 207 803; x_wconf 81' lang='lat' dir='ltr'><strong>tiliae</strong></span> <span class='ocrx_word' id='word_1_27' title='bbox 235 742 392 805; x_wconf 80' lang='lat' dir='ltr'><strong>Dominus</strong></span> <span class='ocrx_word' id='word_1_28' title='bbox 427 746 568 826; x_wconf 82' lang='lat' dir='ltr'><strong>generari</strong></span> <span class='ocrx_word' id='word_1_29' title='bbox 596 744 745 826; x_wconf 79' lang='lat' dir='ltr'><strong>praecipit</strong></span> <span class='ocrx_word' id='word_1_30' title='bbox 780 746 811 804; x_wconf 92' lang='lat' dir='ltr'><strong>in</strong></span> <span class='ocrx_word' id='word_1_31' title='bbox 839 743 995 806; x_wconf 82' lang='lat' dir='ltr'><strong>Hieremia</strong></span> <span class='ocrx_word' id='word_1_32' title='bbox 1004 741 1052 826; x_wconf 76' lang='lat'><strong>1²),</strong></span> 
     </span>
     <span class='ocr_line' id='line_1_6' title="bbox 130 825 1050 910; baseline 0.003 -25"><span class='ocrx_word' id='word_1_33' title='bbox 130 825 176 886; x_wconf 90' lang='lat' dir='ltr'><strong>his</strong></span> <span class='ocrx_word' id='word_1_34' title='bbox 198 845 258 887; x_wconf 90' lang='lat' dir='ltr'><strong>nos</strong></span> <span class='ocrx_word' id='word_1_35' title='bbox 281 842 422 888; x_wconf 85' lang='lat' dir='ltr'><strong>crescere</strong></span> <span class='ocrx_word' id='word_1_36' title='bbox 452 833 483 889; x_wconf 90' lang='lat' dir='ltr'><strong>et</strong></span> <span class='ocrx_word' id='word_1_37' title='bbox 515 827 711 910; x_wconf 86' lang='lat' dir='ltr'><strong>multiplicari</strong></span> <span class='ocrx_word' id='word_1_38' title='bbox 740 827 834 890; x_wconf 89' lang='lat' dir='ltr'><strong>iubet.</strong></span> <span class='ocrx_word' id='word_1_39' title='bbox 878 825 947 888; x_wconf 83' lang='lat' dir='ltr'><strong>Hoc</strong></span> <span class='ocrx_word' id='word_1_40' title='bbox 968 829 1050 888; x_wconf 87' lang='lat' dir='ltr'><strong>enim</strong></span> 
     </span>
     <span class='ocr_line' id='line_1_7' title="bbox 129 909 1051 992; baseline 0.002 -24"><span class='ocrx_word' id='word_1_41' title='bbox 129 910 154 968; x_wconf 84' lang='lat' dir='ltr'><strong>si</strong></span> <span class='ocrx_word' id='word_1_42' title='bbox 184 909 279 970; x_wconf 82' lang='lat' dir='ltr'><strong>fuerit</strong></span> <span class='ocrx_word' id='word_1_43' title='bbox 311 916 482 992; x_wconf 83' lang='lat' dir='ltr'><strong>servatum,</strong></span> <span class='ocrx_word' id='word_1_44' title='bbox 505 912 574 972; x_wconf 79' lang='lat' dir='ltr'><strong>&#39;iam</strong></span> <span class='ocrx_word' id='word_1_45' title='bbox 609 911 866 972; x_wconf 74' lang='lat' dir='ltr'><strong>conscientiarum</strong></span> <span class='ocrx_word' id='word_1_46' title='bbox 903 911 1051 990; x_wconf 81' lang='lat' dir='ltr'><strong>regimen,</strong></span> 
     </span>
     <span class='ocr_line' id='line_1_8' title="bbox 129 992 1051 1076; baseline 0 -24"><span class='ocrx_word' id='word_1_47' title='bbox 129 992 303 1053; x_wconf 85' lang='lat' dir='ltr'><strong>animarum</strong></span> <span class='ocrx_word' id='word_1_48' title='bbox 342 1013 429 1075; x_wconf 82' lang='lat' dir='ltr'><strong>cura,</strong></span> <span class='ocrx_word' id='word_1_49' title='bbox 469 995 582 1076; x_wconf 78' lang='lat' dir='ltr'><strong>gradm</strong></span> <span class='ocrx_word' id='word_1_50' title='bbox 609 993 757 1075; x_wconf 79' lang='lat' dir='ltr'><strong>altitudo,</strong></span> <span class='ocrx_word' id='word_1_51' title='bbox 801 992 938 1055; x_wconf 76' lang='lat' dir='ltr'><strong>abunde</strong></span> <span class='ocrx_word' id='word_1_52' title='bbox 958 993 1051 1053; x_wconf 80' lang='lat' dir='ltr'><strong>relici-</strong></span> 
     </span>
     <span class='ocr_line' id='line_1_9' title="bbox 127 1068 1052 1159; baseline 0 -23"><span class='ocrx_word' id='word_1_53' title='bbox 127 1082 174 1136; x_wconf 80' lang='lat' dir='ltr'><strong>ter</strong></span> <span class='ocrx_word' id='word_1_54' title='bbox 195 1075 327 1156; x_wconf 79' lang='lat' dir='ltr'><strong>habeut,</strong></span> <span class='ocrx_word' id='word_1_55' title='bbox 349 1092 387 1138; x_wconf 88' lang='lat' dir='ltr'><strong>ac</strong></span> <span class='ocrx_word' id='word_1_56' title='bbox 408 1079 475 1139; x_wconf 76' lang='lat' dir='ltr'><strong>&#39;siue</strong></span> <span class='ocrx_word' id='word_1_57' title='bbox 495 1077 634 1159; x_wconf 89' lang='lat' dir='ltr'><strong>periculo</strong></span> <span class='ocrx_word' id='word_1_58' title='bbox 658 1085 761 1159; x_wconf 85' lang='lat' dir='ltr'><strong>agunt.</strong></span> <span class='ocrx_word' id='word_1_59' title='bbox 807 1076 909 1152; x_wconf 79' lang='lat' dir='ltr'><strong>Quare</strong></span> <span class='ocrx_word' id='word_1_60' title='bbox 932 1068 1052 1137; x_wconf 85' lang='lat' dir='ltr'><strong>etiamsi</strong></span> 
     </span>
     <span class='ocr_line' id='line_1_10' title="bbox 128 1158 1051 1244; baseline 0.001 -26"><span class='ocrx_word' id='word_1_61' title='bbox 128 1159 164 1218; x_wconf 93' lang='lat' dir='ltr'><strong>iu</strong></span> <span class='ocrx_word' id='word_1_62' title='bbox 185 1158 260 1219; x_wconf 83' lang='lat' dir='ltr'><strong>hac</strong></span> <span class='ocrx_word' id='word_1_63' title='bbox 281 1159 497 1224; x_wconf 73' lang='lat' dir='ltr'><strong>v&#39;eneritbili</strong></span> <span class='ocrx_word' id='word_1_64' title='bbox 519 1160 676 1244; x_wconf 79' lang='lat' dir='ltr'><strong>Synodo</strong></span> <span class='ocrx_word' id='word_1_65' title='bbox 700 1160 795 1221; x_wconf 87' lang='lat' dir='ltr'><strong>multa</strong></span> <span class='ocrx_word' id='word_1_66' title='bbox 816 1160 1051 1239; x_wconf 83' lang='lat' dir='ltr'><strong>statueritis,··si</strong></span> 
     </span>
     <span class='ocr_line' id='line_1_11' title="bbox 129 1241 1051 1323; baseline 0 -21"><span class='ocrx_word' id='word_1_67' title='bbox 129 1243 233 1302; x_wconf 88' lang='lat' dir='ltr'><strong>omnia</strong></span> <span class='ocrx_word' id='word_1_68' title='bbox 256 1241 336 1304; x_wconf 88' lang='lat' dir='ltr'><strong>bene</strong></span> <span class='ocrx_word' id='word_1_69' title='bbox 356 1243 579 1323; x_wconf 83' lang='lat' dir='ltr'><strong>ordinaveritis,</strong></span> <span class='ocrx_word' id='word_1_70' title='bbox 602 1250 633 1306; x_wconf 86' lang='lat' dir='ltr'><strong>at</strong></span> <span class='ocrx_word' id='word_1_71' title='bbox 653 1244 713 1303; x_wconf 89' lang='lat' dir='ltr'><strong>huc</strong></span> <span class='ocrx_word' id='word_1_72' title='bbox 734 1260 858 1304; x_wconf 89' lang='lat' dir='ltr'><strong>manum</strong></span> <span class='ocrx_word' id='word_1_73' title='bbox 880 1260 942 1305; x_wconf 89' lang='lat' dir='ltr'><strong>nou</strong></span> <span class='ocrx_word' id='word_1_74' title='bbox 955 1246 1051 1323; x_wconf 87' lang='lat' dir='ltr'><strong>appo-</strong></span> 
     </span>
     <span class='ocr_line' id='line_1_12' title="bbox 128 1325 1050 1408; baseline 0.002 -24"><span class='ocrx_word' id='word_1_75' title='bbox 128 1325 261 1405; x_wconf 80' lang='lat' dir='ltr'><strong>sueritis,</strong></span> <span class='ocrx_word' id='word_1_76' title='bbox 282 1333 317 1387; x_wconf 89' lang='lat' dir='ltr'><strong>ut</strong></span> <span class='ocrx_word' id='word_1_77' title='bbox 336 1327 549 1389; x_wconf 80' lang='lat' dir='ltr'><strong>sacerdotibus</strong></span> <span class='ocrx_word' id='word_1_78' title='bbox 570 1326 750 1408; x_wconf 73' lang='lat' dir='ltr'><strong>populus*)</strong></span> <span class='ocrx_word' id='word_1_79' title='bbox 764 1325 944 1388; x_wconf 68' lang='lat' dir='ltr'><strong>dationibus</strong></span> <span class='ocrx_word' id='word_1_80' title='bbox 967 1328 1050 1386; x_wconf 57' lang='lat' dir='ltr'><strong>maus</strong></span> 
     </span>
     <span class='ocr_line' id='line_1_13' title="bbox 127 1405 1050 1490; baseline 0.001 -22"><span class='ocrx_word' id='word_1_81' title='bbox 127 1405 233 1487; x_wconf 81' lang='lat' dir='ltr'><strong>detur,</strong></span> <span class='ocrx_word' id='word_1_82' title='bbox 257 1415 408 1489; x_wconf 85' lang='lat' dir='ltr'><strong>quatenus</strong></span> <span class='ocrx_word' id='word_1_83' title='bbox 432 1411 538 1471; x_wconf 88' lang='lat' dir='ltr'><strong>recisis</strong></span> <span class='ocrx_word' id='word_1_84' title='bbox 559 1410 684 1488; x_wconf 85' lang='lat' dir='ltr'><strong>fabulis,</strong></span> <span class='ocrx_word' id='word_1_85' title='bbox 707 1428 786 1490; x_wconf 90' lang='lat' dir='ltr'><strong>quae</strong></span> <span class='ocrx_word' id='word_1_86' title='bbox 808 1415 965 1472; x_wconf 82' lang='lat' dir='ltr'><strong>auctorem</strong></span> <span class='ocrx_word' id='word_1_87' title='bbox 987 1422 1050 1470; x_wconf 84' lang='lat' dir='ltr'><strong>nott</strong></span> 
     </span>
     <span class='ocr_line' id='line_1_14' title="bbox 127 1488 1112 1636; baseline 0.001 -86"><span class='ocrx_word' id='word_1_88' title='bbox 127 1488 258 1570; x_wconf 86' lang='lat' dir='ltr'><strong>habeut,</strong></span> <span class='ocrx_word' id='word_1_89' title='bbox 279 1506 373 1636; x_wconf 51' lang='lat' dir='ltr'><strong>zoro</strong></span> <span class='ocrx_word' id='word_1_90' title='bbox 397 1510 491 1554; x_wconf 87' lang='lat' dir='ltr'><strong>evan</strong></span> <span class='ocrx_word' id='word_1_91' title='bbox 524 1492 604 1554; x_wconf 87' lang='lat' dir='ltr'><strong>elio</strong></span> <span class='ocrx_word' id='word_1_92' title='bbox 626 1495 803 1573; x_wconf 80' lang='lat' dir='ltr'><strong>sanctisque</strong></span> <span class='ocrx_word' id='word_1_93' title='bbox 820 1492 1050 1574; x_wconf 84' lang='lat' dir='ltr'><strong>evangeliorum</strong></span> <span class='ocrx_word' id='word_1_94' title='bbox 1108 1496 1112 1504; x_wconf 83' lang='lat'><em>&#39;</em></span> 
     </span>
     <span class='ocr_line' id='line_1_15' title="bbox 127 1514 1048 1657; baseline 0.002 -24"><span class='ocrx_word' id='word_1_95' title='bbox 127 1576 286 1656; x_wconf 78' lang='lat' dir='ltr'><strong>interpreti</strong></span> <span class='ocrx_word' id='word_1_96' title='bbox 311 1591 346 1636; x_wconf 86' lang='lat' dir='ltr'><strong>us</strong></span> <span class='ocrx_word' id='word_1_97' title='bbox 367 1514 618 1656; x_wconf 51' lang='lat' dir='ltr'><strong>immitunt,</strong></span> <span class='ocrx_word' id='word_1_98' title='bbox 655 1576 831 1656; x_wconf 87' lang='lat' dir='ltr'><strong>intendant,</strong></span> <span class='ocrx_word' id='word_1_99' title='bbox 868 1576 1048 1657; x_wconf 72' lang='lat' dir='ltr'><strong>populoque</strong></span> 
     </span>
     <span class='ocr_line' id='line_1_16' title="bbox 127 1659 1048 1739; baseline 0 -21"><span class='ocrx_word' id='word_1_100' title='bbox 127 1674 196 1718; x_wconf 86' lang='lat' dir='ltr'><strong>eum</strong></span> <span class='ocrx_word' id='word_1_101' title='bbox 218 1659 333 1719; x_wconf 87' lang='lat' dir='ltr'><strong>timore</strong></span> <span class='ocrx_word' id='word_1_102' title='bbox 355 1664 387 1719; x_wconf 85' lang='lat' dir='ltr'><strong>et</strong></span> <span class='ocrx_word' id='word_1_103' title='bbox 407 1662 580 1721; x_wconf 86' lang='lat' dir='ltr'><strong>reverentia</strong></span> <span class='ocrx_word' id='word_1_104' title='bbox 600 1659 727 1721; x_wconf 76' lang='lat' dir='ltr'><strong>veritum</strong></span> <span class='ocrx_word' id='word_1_105' title='bbox 754 1661 890 1729; x_wconf 83' lang='lat' dir='ltr'><strong>veritatis</strong></span> <span class='ocrx_word' id='word_1_106' title='bbox 914 1660 1048 1739; x_wconf 82' lang='lat' dir='ltr'><strong>pronun·</strong></span> 
     </span>
     <span class='ocr_line' id='line_1_17' title="bbox 128 1738 1081 1823; baseline 0.004 -22"><span class='ocrx_word' id='word_1_107' title='bbox 128 1741 228 1821; x_wconf 84' lang='lat' dir='ltr'><strong>cient,</strong></span> <span class='ocrx_word' id='word_1_108' title='bbox 264 1738 398 1823; x_wconf 88' lang='lat' dir='ltr'><strong>denique</strong></span> <span class='ocrx_word' id='word_1_109' title='bbox 428 1750 459 1804; x_wconf 92' lang='lat' dir='ltr'><strong>et</strong></span> <span class='ocrx_word' id='word_1_110' title='bbox 488 1740 691 1804; x_wconf 86' lang='lat' dir='ltr'><strong>doctrinas</strong></span> <span class='ocrx_word' id='word_1_111' title='bbox 719 1749 970 1823; x_wconf 76' lang='lat' dir='ltr'><strong>quantunque</strong></span> <span class='ocrx_word' id='word_1_112' title='bbox 992 1742 1049 1801; x_wconf 91' lang='lat' dir='ltr'><strong>hu·</strong></span> <span class='ocrx_word' id='word_1_113' title='bbox 1079 1800 1081 1805; x_wconf 76' lang='grc'><strong><em>,</em></strong></span> 
     </span>
     <span class='ocr_line' id='line_1_18' title="bbox 127 1824 1049 1909; baseline 0.002 -25"><span class='ocrx_word' id='word_1_114' title='bbox 127 1842 262 1884; x_wconf 87' lang='lat' dir='ltr'><strong>manas</strong></span> <span class='ocrx_word' id='word_1_115' title='bbox 286 1827 484 1906; x_wconf 83' lang='lat' dir='ltr'><strong>omittant,</strong></span> <span class='ocrx_word' id='word_1_116' title='bbox 507 1833 561 1887; x_wconf 87' lang='lat' dir='ltr'><strong>aut</strong></span> <span class='ocrx_word' id='word_1_117' title='bbox 580 1832 673 1907; x_wconf 85' lang='lat' dir='ltr'><strong>parce</strong></span> <span class='ocrx_word' id='word_1_118' title='bbox 696 1838 765 1886; x_wconf 88' lang='lat' dir='ltr'><strong>cum</strong></span> <span class='ocrx_word' id='word_1_119' title='bbox 781 1827 929 1909; x_wconf 56' lang='lat' dir='ltr'><strong>‘suposita</strong></span> <span class='ocrx_word' id='word_1_120' title='bbox 951 1824 1049 1887; x_wconf 64' lang='lat' dir='ltr'><strong>diver:</strong></span> 
     </span>
     <span class='ocr_line' id='line_1_19' title="bbox 130 1908 1048 1971; baseline 0.001 -4"><span class='ocrx_word' id='word_1_121' title='bbox 130 1908 220 1968; x_wconf 83' lang='lat' dir='ltr'><strong>nitate</strong></span> <span class='ocrx_word' id='word_1_122' title='bbox 244 1926 350 1968; x_wconf 85' lang='lat' dir='ltr'><strong>earum</strong></span> <span class='ocrx_word' id='word_1_123' title='bbox 372 1908 565 1971; x_wconf 79' lang='lat' dir='ltr'><strong>admisceant</strong></span> <span class='ocrx_word' id='word_1_124' title='bbox 587 1915 617 1970; x_wconf 85' lang='lat' dir='ltr'><strong>et</strong></span> <span class='ocrx_word' id='word_1_125' title='bbox 638 1911 683 1971; x_wconf 86' lang='lat' dir='ltr'><strong>sio</strong></span> <span class='ocrx_word' id='word_1_126' title='bbox 705 1908 744 1970; x_wconf 90' lang='lat' dir='ltr'><strong>ad</strong></span> <span class='ocrx_word' id='word_1_127' title='bbox 761 1909 951 1971; x_wconf 75' lang='lat' dir='ltr'><strong>nativitatem</strong></span> <span class='ocrx_word' id='word_1_128' title='bbox 973 1908 1048 1969; x_wconf 80' lang='lat' dir='ltr'><strong>divi·-</strong></span> 
     </span>
     <span class='ocr_line' id='line_1_20' title="bbox 128 1989 1050 2073; baseline 0.001 -23"><span class='ocrx_word' id='word_1_129' title='bbox 128 2009 198 2052; x_wconf 84' lang='lat' dir='ltr'><strong>uam</strong></span> <span class='ocrx_word' id='word_1_130' title='bbox 211 1992 374 2073; x_wconf 86' lang='lat' dir='ltr'><strong>cooperati</strong></span> <span class='ocrx_word' id='word_1_131' title='bbox 394 1989 663 2054; x_wconf 81' lang='lat' dir='ltr'><strong>fideliterfuerin&#39;t:</strong></span> <span class='ocrx_word' id='word_1_132' title='bbox 687 1993 723 2072; x_wconf 84' lang='lat' dir='ltr'><strong>si,</strong></span> <span class='ocrx_word' id='word_1_133' title='bbox 737 1993 871 2073; x_wconf 85' lang='lat' dir='ltr'><strong>inquam,</strong></span> <span class='ocrx_word' id='word_1_134' title='bbox 894 1993 973 2053; x_wconf 85' lang='lat' dir='ltr'><strong>haec</strong></span> <span class='ocrx_word' id='word_1_135' title='bbox 987 2008 1050 2073; x_wconf 89' lang='lat' dir='ltr'><strong>non</strong></span> 
     </span>
     <span class='ocr_line' id='line_1_21' title="bbox 95 2072 1051 2159; baseline 0.001 -26"><span class='ocrx_word' id='word_1_136' title='bbox 95 2083 101 2095; x_wconf 84' lang='grc'><em>“</em></span> <span class='ocrx_word' id='word_1_137' title='bbox 129 2075 309 2135; x_wconf 82' lang='lat' dir='ltr'><strong>curaveritis</strong></span> <span class='ocrx_word' id='word_1_138' title='bbox 333 2072 434 2137; x_wconf 85' lang='lat' dir='ltr'><strong>studio</strong></span> <span class='ocrx_word' id='word_1_139' title='bbox 458 2093 593 2159; x_wconf 86' lang='lat' dir='ltr'><strong>summo,</strong></span> <span class='ocrx_word' id='word_1_140' title='bbox 623 2074 681 2157; x_wconf 83' lang='lat' dir='ltr'><strong>piis</strong></span> <span class='ocrx_word' id='word_1_141' title='bbox 701 2075 1051 2157; x_wconf 73' lang='lat' dir='ltr'><strong>precibut,‘eonatarlti5</strong></span> 
     </span>
     <span class='ocr_line' id='line_1_22' title="bbox 129 2157 1051 2240; baseline 0.002 -24"><span class='ocrx_word' id='word_1_142' title='bbox 129 2159 225 2235; x_wconf 69' lang='lat' dir='ltr'><strong>aerio,</strong></span> <span class='ocrx_word' id='word_1_143' title='bbox 249 2176 309 2238; x_wconf 84' lang='lat' dir='ltr'><strong>ego</strong></span> <span class='ocrx_word' id='word_1_144' title='bbox 322 2157 475 2219; x_wconf 79' lang='lat' dir='ltr'><strong>liberrime</strong></span> <span class='ocrx_word' id='word_1_145' title='bbox 488 2161 669 2240; x_wconf 88' lang='lat' dir='ltr'><strong>pronuncio,</strong></span> <span class='ocrx_word' id='word_1_146' title='bbox 686 2165 790 2220; x_wconf 86' lang='lat' dir='ltr'><strong>cetera</strong></span> <span class='ocrx_word' id='word_1_147' title='bbox 802 2159 905 2220; x_wconf 88' lang='lat' dir='ltr'><strong>omnia</strong></span> <span class='ocrx_word' id='word_1_148' title='bbox 916 2159 958 2218; x_wconf 88' lang='lat' dir='ltr'><strong>nil</strong></span> <span class='ocrx_word' id='word_1_149' title='bbox 972 2164 1051 2235; x_wconf 79' lang='lat' dir='ltr'><strong>esse,</strong></span> 
     </span>
     <span class='ocr_line' id='line_1_23' title="bbox 127 2240 1050 2323; baseline 0.003 -24"><span class='ocrx_word' id='word_1_150' title='bbox 127 2240 273 2300; x_wconf 85' lang='lat' dir='ltr'><strong>frustra</strong></span> <span class='ocrx_word' id='word_1_151' title='bbox 305 2254 374 2302; x_wconf 87' lang='lat' dir='ltr'><strong>nos</strong></span> <span class='ocrx_word' id='word_1_152' title='bbox 408 2244 664 2321; x_wconf 85' lang='lat' dir='ltr'><strong>convenisse,</strong></span> <span class='ocrx_word' id='word_1_153' title='bbox 698 2242 796 2302; x_wconf 87' lang='lat' dir='ltr'><strong>nihil</strong></span> <span class='ocrx_word' id='word_1_154' title='bbox 818 2242 1050 2323; x_wconf 84' lang='lat' dir='ltr'><strong>proiecisse.</strong></span> 
     </span>
     <span class='ocr_line' id='line_1_24' title="bbox 128 2322 1050 2407; baseline 0.002 -25"><span class='ocrx_word' id='word_1_155' title='bbox 128 2322 206 2383; x_wconf 84' lang='lat' dir='ltr'><strong>Nam</strong></span> <span class='ocrx_word' id='word_1_156' title='bbox 228 2323 280 2383; x_wconf 91' lang='lat' dir='ltr'><strong>hic</strong></span> <span class='ocrx_word' id='word_1_157' title='bbox 302 2342 402 2385; x_wconf 87' lang='lat' dir='ltr'><strong>rerum</strong></span> <span class='ocrx_word' id='word_1_158' title='bbox 425 2326 518 2386; x_wconf 86' lang='lat' dir='ltr'><strong>cardo</strong></span> <span class='ocrx_word' id='word_1_159' title='bbox 542 2332 603 2405; x_wconf 91' lang='lat' dir='ltr'><strong>est,</strong></span> <span class='ocrx_word' id='word_1_160' title='bbox 624 2327 685 2386; x_wconf 92' lang='lat' dir='ltr'><strong>hic</strong></span> <span class='ocrx_word' id='word_1_161' title='bbox 707 2326 911 2407; x_wconf 84' lang='lat' dir='ltr'><strong>legitimae</strong></span> <span class='ocrx_word' id='word_1_162' title='bbox 932 2324 1050 2385; x_wconf 66' lang='lat' dir='ltr'><strong>reson</strong></span> 
     </span>
     <span class='ocr_line' id='line_1_25' title="bbox 127 2408 1048 2489; baseline 0.002 -23"><span class='ocrx_word' id='word_1_163' title='bbox 127 2408 316 2468; x_wconf 82' lang='lat' dir='ltr'><strong>motionis</strong></span> <span class='ocrx_word' id='word_1_164' title='bbox 339 2427 495 2487; x_wconf 90' lang='lat' dir='ltr'><strong>summa,</strong></span> <span class='ocrx_word' id='word_1_165' title='bbox 524 2409 574 2470; x_wconf 90' lang='lat' dir='ltr'><strong>hic</strong></span> <span class='ocrx_word' id='word_1_166' title='bbox 595 2411 689 2470; x_wconf 87' lang='lat' dir='ltr'><strong>totius</strong></span> <span class='ocrx_word' id='word_1_167' title='bbox 716 2411 839 2489; x_wconf 87' lang='lat' dir='ltr'><strong>pietatis</strong></span> <span class='ocrx_word' id='word_1_168' title='bbox 860 2408 1048 2470; x_wconf 82' lang='lat' dir='ltr'><strong>&#39;substantia</strong></span> 
     </span>
     <span class='ocr_line' id='line_1_26' title="bbox 126 2489 1049 2573; baseline 0.001 -24"><span class='ocrx_word' id='word_1_169' title='bbox 126 2489 212 2563; x_wconf 77' lang='lat' dir='ltr'><strong>Quae</strong></span> <span class='ocrx_word' id='word_1_170' title='bbox 242 2494 291 2550; x_wconf 84' lang='lat' dir='ltr'><strong>est</strong></span> <span class='ocrx_word' id='word_1_171' title='bbox 312 2491 394 2550; x_wconf 89' lang='lat' dir='ltr'><strong>enim</strong></span> <span class='ocrx_word' id='word_1_172' title='bbox 417 2491 588 2572; x_wconf 86' lang='lat' dir='ltr'><strong>dementia,</strong></span> <span class='ocrx_word' id='word_1_173' title='bbox 622 2499 653 2553; x_wconf 81' lang='lat' dir='ltr'><strong>et</strong></span> <span class='ocrx_word' id='word_1_174' title='bbox 674 2499 736 2552; x_wconf 91' lang='lat' dir='ltr'><strong>tam</strong></span> <span class='ocrx_word' id='word_1_175' title='bbox 761 2510 907 2573; x_wconf 83' lang='lat' dir='ltr'><strong>perversa</strong></span> <span class='ocrx_word' id='word_1_176' title='bbox 928 2500 1049 2573; x_wconf 80' lang='lat' dir='ltr'><strong>perver-</strong></span> 
     </span>
     <span class='ocr_line' id='line_1_27' title="bbox 126 2572 1049 2656; baseline 0.001 -24"><span class='ocrx_word' id='word_1_177' title='bbox 126 2575 214 2653; x_wconf 82' lang='lat' dir='ltr'><strong>sitas,</strong></span> <span class='ocrx_word' id='word_1_178' title='bbox 250 2579 285 2633; x_wconf 88' lang='lat' dir='ltr'><strong>ut</strong></span> <span class='ocrx_word' id='word_1_179' title='bbox 314 2572 464 2635; x_wconf 86' lang='lat' dir='ltr'><strong>debonis</strong></span> <span class='ocrx_word' id='word_1_180' title='bbox 487 2576 622 2636; x_wconf 84' lang='lat' dir='ltr'><strong>moribus</strong></span> <span class='ocrx_word' id='word_1_181' title='bbox 645 2578 779 2656; x_wconf 80' lang='lat' dir='ltr'><strong>cogites,</strong></span> <span class='ocrx_word' id='word_1_182' title='bbox 810 2581 843 2635; x_wconf 91' lang='lat' dir='ltr'><strong>et</strong></span> <span class='ocrx_word' id='word_1_183' title='bbox 864 2594 927 2636; x_wconf 91' lang='lat' dir='ltr'><strong>nou</strong></span> <span class='ocrx_word' id='word_1_184' title='bbox 952 2575 1049 2654; x_wconf 86' lang='lat' dir='ltr'><strong>magis</strong></span> 
     </span>
     <span class='ocr_line' id='line_1_28' title="bbox 126 2656 1049 2738; baseline 0.002 -23"><span class='ocrx_word' id='word_1_185' title='bbox 126 2674 233 2735; x_wconf 86' lang='lat' dir='ltr'><strong>cures,</strong></span> <span class='ocrx_word' id='word_1_186' title='bbox 267 2656 425 2736; x_wconf 90' lang='lat' dir='ltr'><strong>quomodo</strong></span> <span class='ocrx_word' id='word_1_187' title='bbox 456 2657 487 2717; x_wconf 90' lang='lat' dir='ltr'><strong>hi</strong></span> <span class='ocrx_word' id='word_1_188' title='bbox 522 2658 597 2719; x_wconf 85' lang='lat' dir='ltr'><strong>fiant</strong></span> <span class='ocrx_word' id='word_1_189' title='bbox 634 2666 664 2719; x_wconf 92' lang='lat' dir='ltr'><strong>et</strong></span> <span class='ocrx_word' id='word_1_190' title='bbox 696 2660 772 2738; x_wconf 83' lang='lat' dir='ltr'><strong>sint,</strong></span> <span class='ocrx_word' id='word_1_191' title='bbox 807 2657 915 2738; x_wconf 89' lang='lat' dir='ltr'><strong>quibus</strong></span> <span class='ocrx_word' id='word_1_192' title='bbox 949 2657 1049 2720; x_wconf 86' lang='lat' dir='ltr'><strong>bonos</strong></span> 
     </span>
     <span class='ocr_line' id='line_1_29' title="bbox 126 2739 1051 2822; baseline 0.003 -23"><span class='ocrx_word' id='word_1_193' title='bbox 126 2758 234 2800; x_wconf 85' lang='lat' dir='ltr'><strong>mores</strong></span> <span class='ocrx_word' id='word_1_194' title='bbox 255 2739 372 2819; x_wconf 78' lang='lat' dir='ltr'><strong>paras?</strong></span> <span class='ocrx_word' id='word_1_195' title='bbox 413 2740 483 2801; x_wconf 92' lang='lat' dir='ltr'><strong>Hoc</strong></span> <span class='ocrx_word' id='word_1_196' title='bbox 503 2748 586 2803; x_wconf 86' lang='lat' dir='ltr'><strong>certe</strong></span> <span class='ocrx_word' id='word_1_197' title='bbox 608 2743 669 2803; x_wconf 89' lang='lat' dir='ltr'><strong>iam</strong></span> <span class='ocrx_word' id='word_1_198' title='bbox 691 2760 754 2802; x_wconf 88' lang='lat' dir='ltr'><strong>nou</strong></span> <span class='ocrx_word' id='word_1_199' title='bbox 776 2749 823 2803; x_wconf 89' lang='lat' dir='ltr'><strong>est</strong></span> <span class='ocrx_word' id='word_1_200' title='bbox 844 2741 936 2821; x_wconf 85' lang='lat' dir='ltr'><strong>aliud,</strong></span> <span class='ocrx_word' id='word_1_201' title='bbox 959 2746 1051 2822; x_wconf 89' lang='lat' dir='ltr'><strong>quani</strong></span> 
     </span>
     <span class='ocr_line' id='line_1_30' title="bbox 125 2821 1048 2886; baseline 0.004 -5"><span class='ocrx_word' id='word_1_202' title='bbox 125 2823 155 2883; x_wconf 90' lang='lat' dir='ltr'><strong>iu</strong></span> <span class='ocrx_word' id='word_1_203' title='bbox 179 2828 309 2884; x_wconf 86' lang='lat' dir='ltr'><strong>ventum</strong></span> <span class='ocrx_word' id='word_1_204' title='bbox 331 2821 494 2884; x_wconf 85' lang='lat' dir='ltr'><strong>aedificare</strong></span> <span class='ocrx_word' id='word_1_205' title='bbox 515 2825 655 2886; x_wconf 88' lang='lat' dir='ltr'><strong>domum:</strong></span> <span class='ocrx_word' id='word_1_206' title='bbox 686 2825 749 2886; x_wconf 62' lang='lat' dir='ltr'><strong>⁴hoc</strong></span> <span class='ocrx_word' id='word_1_207' title='bbox 768 2827 890 2886; x_wconf 79' lang='lat' dir='ltr'><strong>insania</strong></span> <span class='ocrx_word' id='word_1_208' title='bbox 912 2827 1048 2886; x_wconf 90' lang='lat' dir='ltr'><strong>omnium</strong></span> 
     </span>
     <span class='ocr_line' id='line_1_31' title="bbox 126 2905 1106 2990; baseline 0.004 -24"><span class='ocrx_word' id='word_1_209' title='bbox 126 2925 255 2966; x_wconf 80' lang='lat' dir='ltr'><strong>mmma.</strong></span> <span class='ocrx_word' id='word_1_210' title='bbox 302 2905 369 2968; x_wconf 80' lang='lat' dir='ltr'><strong>stat</strong></span> <span class='ocrx_word' id='word_1_211' title='bbox 390 2906 453 2968; x_wconf 87' lang='lat' dir='ltr'><strong>lixa</strong></span> <span class='ocrx_word' id='word_1_212' title='bbox 475 2909 643 2989; x_wconf 86' lang='lat' dir='ltr'><strong>sententia,</strong></span> <span class='ocrx_word' id='word_1_213' title='bbox 675 2909 838 2970; x_wconf 76' lang='lat' dir='ltr'><strong>ecclesiam</strong></span> <span class='ocrx_word' id='word_1_214' title='bbox 868 2926 930 2969; x_wconf 88' lang='lat' dir='ltr'><strong>non</strong></span> <span class='ocrx_word' id='word_1_215' title='bbox 953 2910 1048 2990; x_wconf 87' lang='lat' dir='ltr'><strong>nasei,</strong></span> <span class='ocrx_word' id='word_1_216' title='bbox 1103 2912 1106 2918; x_wconf 83' lang='lat'>&#39;</span> 
     </span>
     <span class='ocr_line' id='line_1_32' title="bbox 125 2989 1047 3072; baseline 0.007 -24"><span class='ocrx_word' id='word_1_217' title='bbox 125 3008 183 3050; x_wconf 89' lang='lat' dir='ltr'><strong>uec</strong></span> <span class='ocrx_word' id='word_1_218' title='bbox 206 2989 429 3050; x_wconf 81' lang='lat' dir='ltr'><strong>subsistencia</strong></span> <span class='ocrx_word' id='word_1_219' title='bbox 451 2998 561 3052; x_wconf 86' lang='lat' dir='ltr'><strong>natura</strong></span> <span class='ocrx_word' id='word_1_220' title='bbox 582 3012 651 3072; x_wconf 90' lang='lat' dir='ltr'><strong>sua,</strong></span> <span class='ocrx_word' id='word_1_221' title='bbox 675 2993 733 3052; x_wconf 89' lang='lat' dir='ltr'><strong>nisi</strong></span> <span class='ocrx_word' id='word_1_222' title='bbox 754 2992 849 3053; x_wconf 85' lang='lat' dir='ltr'><strong>verbo</strong></span> <span class='ocrx_word' id='word_1_223' title='bbox 870 2992 938 3056; x_wconf 85' lang='lat' dir='ltr'><strong>Dei.</strong></span> <span class='ocrx_word' id='word_1_224' title='bbox 982 2992 1047 3054; x_wconf 70' lang='lat' dir='ltr'><strong>(ie-</strong></span> 
     </span>
     <span class='ocr_line' id='line_1_33' title="bbox 125 3073 1047 3158; baseline 0.008 -26"><span class='ocrx_word' id='word_1_225' title='bbox 125 3074 226 3152; x_wconf 87' lang='lat' dir='ltr'><strong>nuit,</strong></span> <span class='ocrx_word' id='word_1_226' title='bbox 259 3073 374 3153; x_wconf 90' lang='lat' dir='ltr'><strong>inquit,</strong></span> <span class='ocrx_word' id='word_1_227' title='bbox 407 3093 476 3134; x_wconf 91' lang='lat' dir='ltr'><strong>nos</strong></span> <span class='ocrx_word' id='word_1_228' title='bbox 504 3075 622 3137; x_wconf 86' lang='lat' dir='ltr'><strong>verbo</strong></span> <span class='ocrx_word' id='word_1_229' title='bbox 643 3077 837 3137; x_wconf 87' lang='lat' dir='ltr'><strong>veritatis.</strong></span> <span class='ocrx_word' id='word_1_230' title='bbox 881 3075 950 3137; x_wconf 88' lang='lat' dir='ltr'><strong>Non</strong></span> <span class='ocrx_word' id='word_1_231' title='bbox 974 3094 1047 3158; x_wconf 84' lang='lat' dir='ltr'><strong>ergo</strong></span> 
     </span>
     <span class='ocr_line' id='line_1_34' title="bbox 125 3152 1048 3240; baseline 0.007 -25"><span class='ocrx_word' id='word_1_232' title='bbox 125 3152 208 3215; x_wconf 84' lang='lat' dir='ltr'><strong>aliud</strong></span> <span class='ocrx_word' id='word_1_233' title='bbox 231 3155 358 3216; x_wconf 86' lang='lat' dir='ltr'><strong>verbum</strong></span> <span class='ocrx_word' id='word_1_234' title='bbox 392 3158 627 3239; x_wconf 79' lang='lat' dir='ltr'><strong>quaerendum,</strong></span> <span class='ocrx_word' id='word_1_235' title='bbox 649 3160 856 3238; x_wconf 86' lang='lat' dir='ltr'><strong>tractandum,</strong></span> <span class='ocrx_word' id='word_1_236' title='bbox 888 3166 1048 3240; x_wconf 87' lang='lat' dir='ltr'><strong>acceptan-</strong></span> 
     </span>
     <span class='ocr_line' id='line_1_35' title="bbox 125 3237 1056 3318; baseline 0.008 -21"><span class='ocrx_word' id='word_1_237' title='bbox 125 3237 214 3318; x_wconf 89' lang='lat' dir='ltr'><strong>dum,</strong></span> <span class='ocrx_word' id='word_1_238' title='bbox 248 3238 308 3298; x_wconf 88' lang='lat' dir='ltr'><strong>nisi</strong></span> <span class='ocrx_word' id='word_1_239' title='bbox 338 3239 414 3299; x_wconf 86' lang='lat' dir='ltr'><strong>velis</strong></span> <span class='ocrx_word' id='word_1_240' title='bbox 438 3241 578 3302; x_wconf 82' lang='lat' dir='ltr'><strong>similiter</strong></span> <span class='ocrx_word' id='word_1_241' title='bbox 598 3243 789 3303; x_wconf 86' lang='lat' dir='ltr'><strong>nativitatem</strong></span> <span class='ocrx_word' id='word_1_242' title='bbox 811 3243 891 3303; x_wconf 90' lang='lat' dir='ltr'><strong>hanc</strong></span> <span class='ocrx_word' id='word_1_243' title='bbox 913 3244 1056 3305; x_wconf 85' lang='lat' dir='ltr'><strong>divinam</strong></span> 
     </span>
     <span class='ocr_line' id='line_1_36' title="bbox 124 3322 1046 3407; baseline 0.007 -25"><span class='ocrx_word' id='word_1_244' title='bbox 124 3323 252 3400; x_wconf 85' lang='lat' dir='ltr'><strong>tollere,</strong></span> <span class='ocrx_word' id='word_1_245' title='bbox 286 3322 449 3382; x_wconf 87' lang='lat' dir='ltr'><strong>ecclesiam</strong></span> <span class='ocrx_word' id='word_1_246' title='bbox 472 3326 682 3406; x_wconf 84' lang='lat' dir='ltr'><strong>exstinguere,</strong></span> <span class='ocrx_word' id='word_1_247' title='bbox 712 3332 743 3387; x_wconf 91' lang='lat' dir='ltr'><strong>et</strong></span> <span class='ocrx_word' id='word_1_248' title='bbox 762 3327 911 3407; x_wconf 89' lang='lat' dir='ltr'><strong>populum</strong></span> <span class='ocrx_word' id='word_1_249' title='bbox 934 3327 1046 3388; x_wconf 75' lang='lat' dir='ltr'><strong>christi</strong></span> 
     </span>
     <span class='ocr_line' id='line_1_37' title="bbox 124 3403 1045 3492; baseline 0.008 -27"><span class='ocrx_word' id='word_1_250' title='bbox 124 3424 210 3466; x_wconf 86' lang='lat' dir='ltr'><strong>more</strong></span> <span class='ocrx_word' id='word_1_251' title='bbox 231 3403 401 3465; x_wconf 86' lang='lat' dir='ltr'><strong>Pharaonis</strong></span> <span class='ocrx_word' id='word_1_252' title='bbox 422 3406 453 3466; x_wconf 92' lang='lat' dir='ltr'><strong>in</strong></span> <span class='ocrx_word' id='word_1_253' title='bbox 482 3406 656 3469; x_wconf 86' lang='lat' dir='ltr'><strong>fluminibus</strong></span> <span class='ocrx_word' id='word_1_254' title='bbox 679 3409 769 3491; x_wconf 83' lang='lat' dir='ltr'><strong>Aegy</strong></span> <span class='ocrx_word' id='word_1_255' title='bbox 793 3411 815 3470; x_wconf 88' lang='lat' dir='ltr'><strong>ti</strong></span> <span class='ocrx_word' id='word_1_256' title='bbox 837 3410 1045 3492; x_wconf 82' lang='lat' dir='ltr'><strong>submergere,</strong></span> 
     </span>
     <span class='ocr_line' id='line_1_38' title="bbox 124 3430 1044 3575; baseline 0.011 -28"><span class='ocrx_word' id='word_1_257' title='bbox 124 3486 207 3567; x_wconf 87' lang='lat' dir='ltr'><strong>quod</strong></span> <span class='ocrx_word' id='word_1_258' title='bbox 230 3495 279 3549; x_wconf 83' lang='lat' dir='ltr'><strong>est</strong></span> <span class='ocrx_word' id='word_1_259' title='bbox 299 3488 439 3549; x_wconf 89' lang='lat' dir='ltr'><strong>humanis</strong></span> <span class='ocrx_word' id='word_1_260' title='bbox 460 3490 562 3553; x_wconf 88' lang='lat' dir='ltr'><strong>verbis</strong></span> <span class='ocrx_word' id='word_1_261' title='bbox 584 3492 721 3572; x_wconf 84' lang='lat' dir='ltr'><strong>perdere.</strong></span> <span class='ocrx_word' id='word_1_262' title='bbox 766 3430 861 3575; x_wconf 50' lang='lat' dir='ltr'><strong>Ram,</strong></span> <span class='ocrx_word' id='word_1_263' title='bbox 883 3501 916 3556; x_wconf 83' lang='lat' dir='ltr'><strong>ut</strong></span> <span class='ocrx_word' id='word_1_264' title='bbox 937 3508 1044 3556; x_wconf 82' lang='lat' dir='ltr'><strong>verum</strong></span> 
     </span>
    </p>
   </div>
   <div class='ocr_carea' id='block_1_3' title="bbox 124 3694 1047 4009">
    <p class='ocr_par' dir='ltr' id='par_1_3' title="bbox 124 3694 1047 4009">
     <span class='ocr_line' id='line_1_39' title="bbox 175 3694 1047 3847; baseline 0.011 -30"><span class='ocrx_word' id='word_1_265' title='bbox 175 3695 210 3833; x_wconf 48' lang='lat' dir='ltr'><strong>ln}</strong></span> <span class='ocrx_word' id='word_1_266' title='bbox 226 3694 421 3836; x_wconf 49' lang='grc' dir='ltr'><strong>ἐξὲωρὲἓιιὶἰ</strong></span> <span class='ocrx_word' id='word_1_267' title='bbox 433 3767 602 3838; x_wconf 85' lang='lat' dir='ltr'><strong>doctoribus,</strong></span> <span class='ocrx_word' id='word_1_268' title='bbox 617 3774 673 3837; x_wconf 88' lang='lat' dir='ltr'><strong>aut,</strong></span> <span class='ocrx_word' id='word_1_269' title='bbox 693 3769 811 3840; x_wconf 84' lang='lat' dir='ltr'><strong>populos</strong></span> <span class='ocrx_word' id='word_1_270' title='bbox 827 3770 968 3828; x_wconf 81' lang='lat' dir='ltr'><strong>doctoris:</strong></span> <span class='ocrx_word' id='word_1_271' title='bbox 989 3780 1047 3847; x_wconf 85' lang='lat' dir='ltr'><strong>aut,</strong></span> 
     </span>
     <span class='ocr_line' id='line_1_40' title="bbox 124 3837 1016 3906; baseline 0 -15"><span class='ocrx_word' id='word_1_272' title='bbox 124 3837 242 3906; x_wconf 82' lang='lat' dir='ltr'><strong>populus</strong></span> <span class='ocrx_word' id='word_1_273' title='bbox 264 3838 441 3894; x_wconf 76' lang='lat' dir='ltr'><strong>doctioribus.</strong></span> <span class='ocrx_word' id='word_1_274' title='bbox 1014 3863 1016 3869; x_wconf 95' lang='lat'>·</span> 
     </span>
     <span class='ocr_line' id='line_1_41' title="bbox 671 3939 836 4009; baseline 0.024 -4"><span class='ocrx_word' id='word_1_275' title='bbox 671 4000 676 4005; x_wconf 88' lang='lat'>.</span> <span class='ocrx_word' id='word_1_276' title='bbox 789 3939 836 4009; x_wconf 84' lang='grc'><strong>3*</strong></span> 
     </span>
    </p>
   </div>
   <div class='ocr_carea' id='block_1_4' title="bbox 0 0 1182 4200">
    <p class='ocr_par' dir='ltr' id='par_1_4' title="bbox 0 0 1182 4200">
     <span class='ocr_line' id='line_1_42' title="bbox 0 0 1182 4200; baseline 0 1"><span class='ocrx_word' id='word_1_277' title='bbox 0 0 1182 4200; x_wconf 95' lang='lat' dir='ltr'><strong> </strong></span> 
     </span>
    </p>
   </div>
  </div>
 </body>
</html>
