2356 4200
158 224 223 303 w
411 225 733 297 Rasoiutiousaiiisput.
754 227 831 281 Lotis.

160 414 250 492 00⁰⁸,
278 395 360 476 quod
383 398 481 477 magis
502 397 682 478 ignoscente
704 395 788 474 Deo,
818 412 912 474 quam
935 393 1082 477 implente

159 477 369 647 wiliensus,
390 562 471 622 idern
496 561 634 635 Coniess,
657 563 690 625 9:
729 560 795 620 Vas
817 559 979 629 hominum
1003 559 1081 619 vitae

158 652 427 793 ppantumcunque
449 644 604 721 laudabili,
629 645 654 702 si
676 651 794 704 remota
809 641 1023 703 misericordia
1040 643 1081 703 iu·

190 733 283 787 cetur.
320 727 403 787 Ecce
425 727 516 788 etiam
539 728 637 787 sancti
659 725 796 805 indigent
816 723 1033 787 misericordia
1051 727 1080 785 in

158 817 225 871 tota
246 812 310 870 vita
331 829 396 874 sua.
441 810 489 871 Ad
511 810 593 889 quod
616 808 689 868 iliud
708 805 824 890 lob*):
867 807 899 868 Si
922 808 1019 871 etiam
1040 809 1081 868 iu-

158 902 238 969 stum
261 894 418 975 quippiam
440 892 586 971 habuero,
609 892 739 952 iudicem
763 910 863 953 meum
877 889 1080 971 deprecabor.

158 972 322 1118 Quoupodo
346 995 420 1056 ergo
443 974 633 1055 superfluunt
654 974 736 1051 aliis,
759 974 808 1053 qui
832 972 891 1035 sibi
912 991 977 1035 non
1000 972 1081 1035 suta

160 1058 245 1119 ciunt
373 1056 379 1067 '

241 1138 355 1215 Quinto
378 1140 412 1203 Β.
429 1140 619 1220 Augustinus
644 1139 695 1201 lib.
717 1141 736 1202 2
758 1138 906 1203 adversus
929 1138 1079 1201 lulianum

156 1223 273 1283 inducit
294 1223 401 1287 decem
423 1225 567 1303 antiquos
596 1230 699 1302 patres
729 1222 986 1300 ecclesiasticos,
1050 1228 1080 1282 ta

157 1304 319 1385 Hilarium,
358 1305 564 1386 cyprianum,
596 1305 778 1386 Gregorium
802 1305 936 1382 Nassa,
968 1304 1008 1367 Io
1029 1312 1078 1366 an'.

157 1386 423 1469 chrysostomum,
445 1388 652 1466 Ambrosium,
674 1388 876 1465 Hirenaeum,
899 1386 1079 1468 Olympum,

156 1470 346 1549 Rethicium,
374 1470 588 1532 innocentium
609 1473 639 1532 in
664 1473 795 1533 eandem
816 1471 1021 1549 senteutiam,
1049 1480 1080 1531 at

155 1551 276 1615 iliorum
300 1555 463 1615 autoritate
486 1556 604 1632 nititur,
634 1554 769 1634 probans
796 1553 913 1615 nullum
935 1561 1078 1621 sanctum

155 1636 193 1696 in·
224 1635 283 1696 hac
321 1637 383 1697 vita
417 1638 483 1698 sins
515 1643 644 1717 peccato
678 1656 766 1714 esse,
797 1635 969 1697 secundum
995 1635 1077 1717 iliud

156 1722 172 1781 1
195 1717 305 1782 Iohan.
330 1723 363 1782 1:
406 1719 439 1780 si
462 1719 637 1798 dixerimus,
660 1721 731 1799 quia
753 1728 913 1799 peccatum
936 1736 1003 1781 nou
1027 1718 1079 1780 ha⁴

66 1799 74 1807 ’
156 1800 262 1862 bemus
284 1809 343 1863 stc.
360 1829 366 1845 ·
386 1801 429 1863 Et
446 1804 477 1863 in
500 1802 669 1863 denatura
691 1809 722 1863 et
742 1802 842 1883 gratia
862 1801 956 1863 idern.
1024 1866 1027 1873 ,

236 1883 285 1945 Ex
307 1884 416 1964 quibus
438 1895 469 1946 et
491 1885 592 1969 multis
615 1885 699 1958 aliis,
730 1904 810 1965 quae
836 1884 964 1965 longum
995 1891 1078 1947 mast

154 1964 206 2029 hic
227 1986 362 2045 narrare,
385 1967 547 2042 concludo,
570 1970 678 2029 merita
700 1976 874 2037 sanctorum
897 1967 987 2029 nulls
1006 1986 1078 2033 asse

156 2048 311 2130 superflua
331 2049 402 2128 sibi,
421 2070 500 2130 quae
523 2051 614 2111 nobis
637 2052 747 2112 otiosis
770 2057 961 2113 succurrant.

236 2132 332 2193 Et‘ut
351 2133 517 2212 aliquando
540 2133 642 2194 audax
664 2136 732 2213 sim,
755 2155 792 2196 ea
814 2153 892 2214 quae
914 2134 978 2193 iam
1002 2133 1076 2213 dixi,

155 2221 319 2294 protestor,
341 2235 475 2277 menon
498 2216 646 2291 dubitare,
668 2217 723 2278 sed
745 2226 869 2298 paratus
887 2235 954 2276 sum
971 2217 1076 2298 iguem

154 2303 187 2359 at
207 2306 336 2359 mortem
359 2296 516 2379 suscipere
528 2318 584 2379 pro
598 2299 669 2378 iliis,
692 2307 724 2360 et
734 2300 922 2361 haereticum
937 2318 1076 2361 asseram

156 2398 289 2460 omnem,
312 2383 363 2461 qui
385 2391 493 2442 contra
515 2383 659 2461 sapuerit.
820 2436 822 2441 .

195 2496 198 2503 ·
236 2463 352 2525 Tamen
374 2484 430 2544 per
449 2465 642 2545 impossibiie
664 2463 870 2544 admittendo,
895 2464 982 2545 quod
1005 2485 1076 2527 vare

154 2545 376 2626 superfluerent
398 2549 505 2608 merita
527 2549 651 2624 sanctis,
673 2549 790 2627 nescio,
812 2550 838 2608 si
855 2550 929 2609 satis
947 2547 1075 2629 dignum

155 2648 232 2709 opus
254 2628 341 2690 ficret
363 2629 401 2689 ab
424 2630 566 2707 ecclesia,
589 2637 621 2691 ut
642 2638 712 2713 tanp
728 2632 866 2710 pretiosa
886 2631 1001 2693 menta
1015 2639 1074 2692 tam

154 2711 262 2775 viliter'
277 2711 475 2792 expenderet,
498 2713 615 2775 scilicet
635 2733 691 2792 pro
714 2714 870 2775 solutione
891 2733 1074 2799 proauorum,

155 2812 223 2855 curn
245 2795 358 2857 solutio
380 2814 502 2874 poenae
523 2797 563 2857 sit
586 2797 765 2856 vilissimum
778 2796 892 2858 donum
912 2797 1074 2875 ecclesiae,

154 2883 186 2939 ct
206 2877 359 2939 vilissimis
383 2877 543 2954 donabile,
578 2886 610 2940 ut
630 2879 690 2939 iarn
714 2879 955 2960 saepedictum.
1000 2880 1074 2941 Mar·

153 2966 252 3040 tyrum
274 2968 376 3021 autem
399 2968 431 3022 et
451 2969 626 3024 sauctorum
649 2981 771 3043 poenae
793 2962 907 3023 debent
929 2982 1001 3024 esse
1022 2982 1074 3044 po

153 3044 212 3105 tius
240 3043 415 3124 exemplum
447 3043 640 3106 ferendarum
675 3064 854 3125 poenarum.
911 3045 1075 3107 siceum

153 3144 292 3186 oramus:
337 3125 473 3202 Quorum
495 3127 573 3189 festa
601 3128 747 3208 colimus,
778 3130 921 3191 virtutem
950 3147 1073 3210 quoqne

152 3209 306 3287 passionis
328 3210 490 3273 imitemur.

234 3292 321 3370 ltern,
343 3311 402 3352 nec
423 3293 557 3354 ecclesia
574 3302 671 3354 mater
686 3302 760 3355 tnnc
772 3293 892 3356 videtur
905 3295 957 3374 pie
969 3313 1072 3376 ugare,

152 3373 276 3452 quando
300 3374 430 3451 relaxat,
452 3376 507 3437 sed
528 3377 652 3456 quando
675 3379 806 3458 castigat
827 3386 858 3438 et
879 3385 1022 3455 coercet,
1043 3386 1073 3437 ut

151 3463 237 3536 patet
258 3458 289 3518 in
309 3460 680 3523 excommunicationibus
699 3467 729 3523 et
741 3461 889 3537 censuris,
911 3479 990 3541 quas
1000 3478 1072 3541 poe-

152 3558 207 3601 nas
228 3543 335 3621 utiquo
355 3554 418 3603 non
440 3540 569 3621 relaxat,
592 3543 647 3604 ssd
668 3545 771 3624 potius
793 3543 894 3621 inisrt,
917 3550 992 3605 tunc
1013 3561 1072 3603 ma·

223 3717 253 3786 ⁰)
274 3718 333 3772 Iob.
352 3719 377 3775 9.
