2356 4200
203 773 385 896 Replics
413 772 460 868 F.
490 768 699 867 Silvestri
729 768 969 909 Prioristis

126 939 216 1007 snm
250 936 372 1004 Pulotli
403 934 585 1020 Apostolioi
599 934 768 1034 ‚Momstri
800 933 843 1001 ud
873 933 1053 1002 liertiuum

300 1019 475 1086 liutherum
497 1018 626 1085 Ordims
647 1017 869 1085 Eremiturum

215 1188 404 1248 Martinus
424 1185 612 1246 lutherus
634 1183 784 1265 Optimo
807 1184 966 1246 Lectori

494 1267 677 1332 Salutem.

208 1434 272 1497 ilos
294 1433 434 1496 Silvestui
456 1435 516 1496 mei
537 1433 761 1530 replicssotibi,
791 1433 1050 1530 optimeuLectm,

127 1521 219 1581 enixe
241 1517 442 1597 commendo,
475 1517 746 1581 commendatione
774 1536 856 1578 euim
887 1535 999 1579 mirum
1018 1535 1049 1576 m

128 1600 255 1664 modum
289 1600 441 1683 indigent,
475 1599 526 1662 vel
558 1600 620 1662 hoc
646 1601 787 1678 nomine,
821 1599 906 1679 quod
939 1601 1049 1679 minu,

126 1686 232 1747 nescio
256 1703 342 1765 ques,
364 1685 551 1766 parturiunt,
573 1682 651 1758 Oro,
674 1701 801 1763 quaeso,
822 1700 879 1763 pro
900 1684 992 1764 ipsis,
1009 1701 1049 1745 ne

123 1767 287 1830 abortiunt.
338 1767 422 1829 Beue
453 1767 550 1863 vale.
571 1773 603 1828 et
627 1765 858 1846 Theologorum
895 1764 1047 1829 eiusmodi

511 1869 664 1913 miserere.

128 2181 288 2244 Sacrorum
319 2181 485 2242 Litersrum
514 2180 683 2258 Professori
715 2180 746 2242 F.
769 2179 901 2240 Mortino
929 2179 1049 2258 Luther,

130 2263 253 2326 Ordinis
293 2265 515 2343 Eremiturum,
548 2263 653 2324 Frater
685 2262 833 2324 silvester
865 2261 904 2323 de
936 2263 1048 2324 Prierio

173 2347 297 2409 Ordinis
321 2347 587 2427 Praedicatorum,
610 2348 689 2407 socri
709 2345 819 2407 Palatii
841 2345 1017 2426 Apostolici

483 2429 644 2517 Magister,
667 2429 696 2491 S.

213 2594 337 2657 Salvum
360 2601 391 2656 te
413 2615 482 2656 esse
504 2598 650 2676 optarim,
673 2594 843 2670 Mortiuel)
884 2595 1049 2655 carissime.

129 2678 205 2739 Cum
235 2677 435 2739 Resolutione
471 2685 589 2740 tucrum
628 2680 817 2740 Positionum
849 2679 941 2738 etism
969 2685 1048 2738 tuum

128 2761 374 2841 Responsiouem
404 2761 443 2825 ad
466 2770 602 2823 nostrum
626 2762 792 2842 Dialogum
821 2762 941 2841 excepi.
986 2759 1050 2836 Qua

128 2863 168 2905 ex
197 2864 245 2924 re,
278 2845 334 2905 etsi
371 2864 419 2905 me
452 2847 561 2906 acriter
589 2853 619 2907 et
648 2845 769 2925 quidem
799 2843 1049 2905 artificiosissime

128 2937 257 3008 tangus,
286 2929 358 2988 item
388 2929 479 2989 etiam
507 2949 644 3010 pungas,
676 2936 706 2989 et
737 2936 852 3008 quanta
881 2927 960 2987 ele-m
989 2926 1049 2989 fleri

129 3010 230 3091 potuit
249 3010 427 3090 eloquentie
449 3018 479 3071 et
502 3013 532 3071 vi
550 3012 752 3072 dehonestare
781 3012 959 3091 quaesieris,
984 3009 1057 3090 quis¹

128 3099 231 3153 tomen
255 3100 348 3154 tuum
362 3095 500 3174 spiritum
517 3095 660 3176 «pontifici
684 3114 717 3155 se
731 3093 942 3154 subiicientem
955 3096 1050 3174 primo

130 3175 288 3236 oculorum
312 3177 453 3237 coniectu
477 3179 695 3239 iucundissime
720 3177 791 3256 vidi,
813 3196 872 3237 nec
894 3195 956 3237 non
981 3195 1050 3237 con·

131 3257 317 3339 elusionem,
353 3278 445 3338 quom
474 3260 659 3322 haereticum
691 3268 831 3321 notorem
865 3266 1051 3334 revocatam,

129 3360 306 3405 cormeum
330 3341 410 3403 odeo
432 3345 462 3403 in
486 3352 516 3404 te
540 3344 697 3405 dilatatum
721 3352 778 3421 est,
801 3352 832 3404 et
854 3345 968 3405 umoris
992 3341 1050 3403 dul·

129 3423 236 3485 cediue
260 3426 488 3505 commolitum,
519 3434 551 3487 ut
581 3428 663 3489 aliud
686 3427 849 3488 exturbare
871 3447 921 3488 me
944 3424 1050 3489 deinde

129 3509 262 3588 potuerit
282 3508 374 3587 nihil;
403 3527 472 3570 cum
494 3517 598 3572 tamen
618 3511 690 3573 hinc
711 3531 760 3572 me
781 3512 812 3571 in
835 3529 888 3590 ea,
912 3529 992 3590 quae
1014 3506 1049 3570 ed

199 3687 231 3753 l)
251 3686 284 3739 Iu
302 3686 344 3741 ed.
362 3687 439 3743 Jemz
460 3687 587 3741 luthere.
