2356 4200
327 272 424 321 contra
441 267 504 320 nal.
522 267 641 321 dohann.
660 266 836 335 Eccii'dudic.
981 263 1044 332 473

125 434 192 495 timi
214 434 484 514 quidam‘fratres,
517 436 568 514 qui
597 455 664 495 cum
693 436 882 498 auditoribus
905 434 982 496 meis
1005 435 1044 497 ad

70 563 72 565 -
125 537 160 577 se
183 519 299 578 vocatis
321 519 509 578 familiariter
542 522 700 598 congressi
732 521 852 599 privato
887 520 1044 600 colloquio

125 620 220 679 super
252 601 391 662 doctriua
427 621 495 661 mea
525 602 749 662 contenderunt
778 608 884 680 (nam,
914 611 946 662 ut
974 608 1045 663 sunt

124 683 266 743 homines
289 684 327 745 de
345 685 412 745 Deo
434 685 555 780 penitus
577 685 786 764 desperantes,
809 686 889 746 fame
912 706 947 746 se
968 687 1044 765 peri-

127 773 211 827 turos
234 768 357 846 timent,
390 769 448 827 nisi
469 768 616 847 populum
641 770 703 828 suis
727 769 844 828 naeniis
866 788 903 828 ac
924 768 1044 847 fabulis,

127 850 174 908 vel
194 869 213 909 a
233 870 267 909 se
289 850 338 911 vel
371 870 446 910 suae
462 851 583 911 sannae
604 851 663 912 lrat
664 851 747 912 ribus
770 853 962 932 excogitatis,
987 852 1045 912 sibi

126 925 355 1013 concili.arent)
400 932 485 1008 Quos
508 952 574 993 cum
598 953 698 1012 neque
723 936 906 995 convincere
914 954 1046 1013 ,neque

126 1034 233 1076 eorum
257 1016 416 1077 doctrinae
437 1017 527 1077 resist
523 1036 580 1077 ere
601 1025 738 1096 possent,
762 1017 953 1098 collegerunt
975 1025 1045 1078 artr-

127 1097 231 1175 culos,
262 1118 339 1178 quos
363 1119 461 1160 exeo
485 1100 641 1179 colloquio
665 1101 745 1160 male
768 1101 1045 1180 apprehenderant,

126 1189 304 1260 sparserunt
326 1202 379 1243 eos
401 1183 451 1243 ubi
473 1202 514 1262 po
517 1190 627 1262 erant
650 1183 826 1245 obtulerunt
846 1183 902 1245 sub
921 1185 1046 1244 nomine

89 1276 92 1282 '
128 1283 197 1325 meo
221 1265 430 1346 magnatibuS,
465 1284 502 1326 ac
535 1267 597 1326 iam
625 1266 718 1347 vulgo
752 1285 876 1346 quoque
902 1285 952 1327 me
988 1274 1047 1327 tra

126 1345 286 1411 duxerunt.

208 1430 277 1512 Ego
300 1431 351 1509 qui
373 1449 477 1492 eorum
500 1431 580 1491 rudit
568 1437 662 1492 tatem
684 1433 845 1493 miseratus
873 1432 952 1493 baec
973 1431 1046 1492 tloc

126 1512 223 1591 oifeci,
247 1515 347 1573 sciens
370 1513 452 1594 quod
475 1533 537 1574 non
562 1512 655 1575 modo
671 1516 755 1594 citra,
779 1514 832 1575 sed
851 1525 958 1575 contra
973 1534 1047 1594 quo·

127 1616 186 1674 quc
198 1597 387 1657 voluntatem
403 1616 539 1672 suorum
560 1604 621 1657 tum
635 1599 794 1676 maiorum,
819 1605 879 1658 tum
900 1598 1047 1677 omnium,

127 1679 178 1757 qui
202 1679 338 1739 eiusdem
361 1679 562 1758 professionis
586 1688 665 1756 sunt,
684 1680 718 1740 id
741 1687 904 1742 tentarunt.
933 1680 1073 1777 Scripsi*

127 1769 228 1822 tamen
252 1762 385 1839 eisdem,
416 1764 547 1842 primum
578 1726 730 1823 benebole
753 1783 901 1841 monens,
935 1772 968 1823 ut
990 1763 1047 1825 sibi

127 1838 349 1924 temperarent
383 1865 423 1905 ne
444 1845 523 1906 forte
550 1845 724 1906 incendium
747 1865 871 1907 novum
884 1856 991 1907 contra
1012 1865 1047 1908 se

126 1928 211 2023 ipsos
246 1927 430 1988 conflarent:
465 1935 517 1988 aut
550 1929 575 1988 si
602 1928 733 1989 fiderent
721 1936 819 1989 tsuo
850 1931 975 2008 ingenio
1016 1935 1047 1989 et

127 2011 284 2089 scientiae,
307 2013 476 2091 proximam
491 2010 547 2071 sibi
562 2011 634 2080 Vuit
636 2011 791 2092 tebergam
816 2012 963 2087 venirent,
943 2010 1046 2072 tdis·

126 2095 258 2173 putaturi
289 2114 325 2163 ac
360 2094 543 2154 confutaturi
576 2113 693 2156 errores
718 2114 813 2156 meos
867 2093 963 2155 Simul
995 2094 1046 2154 ad·

127 2176 203 2252 didi,
227 2177 276 2254 qui
301 2184 404 2237 essent
425 2177 509 2255 salsi,
543 2184 574 2237 et
602 2197 661 2256 qua
683 2179 802 2238 ratione
825 2178 936 2257 quique
960 2177 1047 2237 intel-

125 2259 251 2340 ligendi.
296 2260 337 2319 At
358 2259 475 2338 fratres,
498 2280 558 2320 non
582 2261 642 2320 hoc
664 2267 863 2339 quaerentes,
887 2279 947 2338 quo
971 2261 1045 2320 veri-

126 2347 220 2402 tatem
242 2349 456 2423 agnoscerent,
477 2341 530 2402 sed
554 2343 710 2422 quomodo
734 2363 783 2403 me
806 2343 1045 2403 detractionibus

126 2424 339 2502 etcalumniis
363 2427 586 2506 opprimerent,
609 2434 809 2505 speraverunt
828 2425 909 2507 lore,
934 2433 967 2485 ut
989 2425 1045 2486 Ec-

126 2508 215 2568 ciana
236 2509 400 2568 autoritate
421 2528 459 2568 ex
481 2509 649 2570 mendaciis
670 2510 830 2570 veritatem
847 2509 993 2586 lacerent,
1016 2514 1047 2568 et

126 2590 207 2669 quod
232 2591 312 2651 male
334 2611 371 2651 ac
392 2598 507 2653 temere
529 2598 698 2671 tentarant,
726 2593 811 2653 illius·
840 2593 964 2652 nomine
992 2610 1045 2671 pu-

125 2673 204 2734 blice
227 2681 380 2736 ornarent.

208 2756 318 2818 Eccius
342 2776 413 2817 vero
428 2759 623 2819 occasionem
639 2757 786 2823 adversus
807 2776 856 2817 me
873 2755 1046 2818 insaniendi

125 2838 326 2900 libentissime
346 2859 403 2920 pro
419 2839 572 2902 modestia
592 2860 647 2900 sua
664 2840 835 2920 amplexus,
856 2840 1045 2901 informatio·

124 2943 180 2983 nes
204 2920 332 2984 effutivit
355 2940 446 3002 super
468 2923 594 2984 eosdem
618 2924 702 2984 velut
729 2923 867 3004 gaudens
888 2941 925 2982 ao
946 2931 1046 3004 gratu·

126 3006 202 3081 lans,
225 3005 308 3085 quod
331 3025 380 3065 me
402 3005 599 3084 proscindere
627 3007 656 3065 iu
687 3013 804 3086 tergum
828 3024 928 3084 neque
949 3005 1046 3066 moni-

125 3096 188 3148 tum
211 3108 270 3150 nec
291 3088 446 3169 cognitum
471 3089 586 3151 liceret.
631 3088 698 3148 Huc
720 3090 800 3149 enim
823 3089 959 3169 maligna
980 3089 1045 3149 eius

123 3170 239 3231 invidia
260 3171 299 3232 ab
321 3172 408 3231 initio
431 3172 563 3231 nominis
586 3173 645 3230 mei
668 3190 790 3252 semper
810 3171 969 3251 spectavit.
1002 3169 1046 3231 Si·

126 3253 226 3314 milem
250 3273 383 3334 namque
403 3253 509 3314 ludum
532 3260 563 3314 et
583 3254 613 3313 in
636 3253 959 3315 virulentisObeliscis
982 3253 1045 3313 suis

124 3336 185 3396 iarn
207 3344 299 3398 antea
319 3339 349 3397 in
374 3357 422 3397 me
443 3338 574 3415 luserat,
604 3355 693 3415 quem
717 3356 776 3417 ego
798 3338 859 3397 iam
881 3336 931 3396 diu
953 3336 1045 3397 bene-

124 3419 336 3480 volentissime
369 3420 428 3479 nisi
456 3421 484 3480 ei
506 3420 709 3500 ignovissem,
744 3420 835 3481 talem
858 3419 936 3480 forte
963 3418 1045 3479 orbis

125 3503 250 3562 Eccium
273 3508 440 3582 spectaret,
469 3509 502 3562 ut
524 3502 671 3563 silvester
693 3522 778 3564 meus
801 3505 865 3563 eius
887 3520 1046 3581 compara·

124 3586 213 3655 tione,
240 3591 271 3646 et
301 3584 495 3645 doctissimus
535 3592 566 3646 et
598 3587 841 3665 speciosissimus
871 3584 1044 3646 haberetur.

123 3667 202 3728 Nam
229 3667 302 3728 mihi
331 3674 464 3728 nonest
493 3667 634 3747 difficile,
668 3668 795 3741 Eccinm
815 3668 1045 3747 Eccianamque
