2356 4200
125 245 185 318 104
449 248 597 306 Sermones
614 246 727 304 Lntheri

74 434 76 439 '
123 420 232 482 Matth.
267 418 367 481 XXV.
415 418 537 480 'Deinde
577 415 772 499 prosequitur
818 416 944 480 seilicet·
961 415 1043 478 lim

125 522 203 586 gua,
233 521 312 582 quae
342 508 391 562 est
430 503 518 582 peior
545 502 666 595 gladius
695 519 787 580 quam
811 501 883 562 femi
909 499 1044 583 gladius,

125 594 157 649 et
176 586 239 646 hoc
258 584 340 666 apud
360 585 460 646 Deum
483 592 514 646 et
534 585 675 646 homines
696 591 729 645 et
750 603 784 645 se
804 585 915 667 ipsum.
936 583 1043 645 Terlio

126 670 200 730 lacit
219 667 413 730 mendacium
443 676 475 728 et
495 669 652 747 iniuriam,
682 669 754 748 quia
775 669 896 749 roganti
913 686 952 728 ac
970 684 1045 728 oon-

125 752 224 813 litsnti
246 770 283 812 ao
304 770 360 831 per
380 751 441 812 hoe
462 752 523 811 iam
545 753 625 811 iusto
647 750 726 811 haec
746 750 887 831 imponit,
919 750 1047 812 etfacit

125 835 314 979 rngoaciter
335 840 366 894 et
393 835 498 914 inique
525 841 632 895 contra
654 854 739 914 eum,
778 832 861 913 quud
895 834 920 895 si
949 833 1047 894 etism

173 919 200 978 's
220 925 312 996 esset,
355 916 476 996 qualem
504 919 572 998 ipse
599 923 735 979 accusat.
777 916 894 977 Adhuc·
917 917 1047 977 inaum‘t

124 1000 342 1078 inebriatum,
364 1001 414 1079 qui
439 1018 546 1060 omnes
562 1007 742 1081 peccatores
756 1001 892 1082 suscepit
903 1000 934 1060 in
956 1018 992 1060 se
1014 996 1047 1060 et

126 1083 199 1146 ideo
222 1082 361 1144 Christus
374 1083 542 1162 iudicatur,
565 1091 735 1162 accusatur,
756 1082 922 1163 mordetur,
951 1100 1046 1162 quan-

127 1166 289 1246 docunque
319 1172 466 1245 peecator
497 1168 668 1245 quicunque
696 1173 857 1227 accusatur
884 1171 941 1226 eta.
985 1163 1046 1240 Qui

128 1257 232 1310 autem
254 1249 407 1308 Christum
430 1247 555 1328 iudicat,
579 1269 666 1310 suum
687 1248 819 1310 iudicem
840 1247 965 1327 iudioatq
994 1247 1048 1326 qui

130 1339 233 1392 autem
254 1331 387 1395 iudicem
409 1331 532 1409 iudicat,
555 1333 653 1392 Deum
668 1332 819 1393 violenter
835 1338 942 1412 negat:
965 1329 1048 1409 vida·

128 1434 189 1495 quo
212 1414 373 1493 perveniat
392 1414 495 1474 furens
517 1413 549 1475 et
568 1415 716 1495 insipiens
730 1414 884 1495 superbia.
928 1408 1047 1475 Contra

129 1497 251 1558 humilis
269 1496 326 1576 lille
347 1499 519 1577 proximum
535 1517 631 1558 suum
653 1497 810 1576 iustificat,
840 1517 875 1558 se
901 1514 975 1558 vero
999 1514 1048 1558 so-

130 1581 192 1640 lum
214 1587 350 1658 accusat,
373 1581 445 1658 quia
466 1580 548 1659 dicit
570 1580 643 1640 mihi
664 1582 831 1661 peccatori,
859 1599 921 1641 nou
943 1581 1048 1641 autam

129 1663 218 1725 uobis
240 1663 466 1742 peccatoribus.
510 1664 620 1742 Putas,
650 1663 731 1743 quod
755 1671 817 1723 tam
840 1663 895 1724 fuit
915 1661 1049 1739 invidum

129 1753 162 1805 nt
184 1745 282 1805 nollet
303 1746 397 1805 etiam
420 1745 488 1806 aliie
517 1746 736 1826 peccatoribus·
754 1745 853 1807 Deum
881 1764 951 1806 esse
976 1742 1049 1826 'pro

128 1828 257 1909 pillum?
293 1825 384 1909 (tuno
412 1829 517 1907 utique
547 1848 609 1890 non
632 1830 739 1890 fuisset
758 1828 960 1906 iustificatos,
990 1826 1048 1889 ssd

130 1912 217 1991 peius
240 1908 421 1995 damnatus)
446 1911 501 1971 sed
522 1913 677 1972 neminem
710 1910 787 1972 vidit
814 1930 884 1972 esse
904 1916 1050 1991 peccato·

129 2010 193 2054 rem
222 1998 344 2072 praeter
376 2012 410 2053 se
447 1994 562 2074 solum,
590 2014 700 2055 omnes
729 1995 940 2071 erantiusti,
968 2012 1050 2077 quoe

131 2075 205 2141 sitia
218 2075 426 2156 comparabat.
471 2077 521 2137 Sic
557 2079 663 2139 omnia
691 2077 807 2138 munda
833 2075 971 2155 mundis,¹
991 2077 1048 2136 im-

132 2158 252 2220 mundis
271 2165 375 2218 autem
397 2159 473 2219 nihil
495 2167 542 2220 est
560 2159 718 2221 mundum.
740 2161 829 2221 Patet
848 2179 939 2237 nuuc,
963 2157 1048 2239 quod

130 2244 189 2302 iste
208 2241 391 2303 Pharisaeus
412 2244 549 2321 primum
565 2250 765 2324 praeceptum
787 2262 850 2304 non
872 2243 960 2319 iecit,
992 2240 1049 2303 seo

131 2324 238 2385 habuit
256 2324 355 2384 Deum
376 2324 510 2386 alienum
536 2323 580 2408 (si
601 2346 664 2387 non
686 2325 844 2397 habuisset
853 2326 953 2386 Deum
975 2324 1048 2385 alie·

131 2426 213 2486 uum,
235 2408 343 2486 utique
361 2407 458 2467 iustus
484 2408 626 2486 luisset),
661 2408 779 2470 idolum
812 2409 930 2469 seilicet
964 2407 1050 2469 insti-

131 2490 191 2550 tiae
218 2509 293 2550 suae
313 2490 354 2549 in.
368 2490 462 2550 corde
484 2497 640 2553 statutum.
683 2492 745 2552 Sed
766 2493 963 2553 nuncetiam
984 2487 1049 2569 qui·

131 2571 206 2632 libet
227 2571 365 2652 sibiipsi
386 2575 563 2654 prospiciat,
596 2575 647 2653 qui
670 2574 736 2636 odit
755 2575 837 2634 hunc
850 2573 1048 2634 Pharisaeum

131 2662 223 2734 atque
245 2654 384 2734 despicit
408 2676 447 2716 ne
470 2657 539 2718 talis
561 2658 628 2736 ipse
650 2656 704 2719 fiat
725 2657 1050 2740 eupraPharisoeum,

131 2738 229 2816 qualis
259 2738 309 2797 hio
343 2736 443 2800 sactus
486 2747 534 2800 est
571 2759 663 2820 supra
697 2740 903 2821 publicanum.
946 2737 1048 2800 Credo

131 2820 214 2899 quod
236 2821 326 2900 pauci
336 2821 477 2899 timeant,
499 2842 534 2883 se
548 2823 713 2884 Pharisaeo
726 2824 841 2884 similes
856 2841 936 2901 esse,
957 2840 1049 2901 quem

132 2902 255 2981 odiunt3
277 2902 332 2963 ssd
354 2923 413 2984 ego
437 2907 517 2984 scio,
548 2906 631 2985 quod
659 2906 761 2986 plures
783 2906 812 2966 ei
834 2906 949 2966 similes
970 2905 1049 2966 sint:

131 2987 198 3065 quis
221 2986 302 3046 enim
324 2992 386 3046 tam
407 2988 556 3066 superbus
578 2998 641 3067 est,
671 2990 722 3068 qui
744 3007 778 3048 ee
800 2990 883 3057 omni
906 2987 1050 3068 superbia

131 3088 259 3129 vacuum
282 3069 430 3149 glorietur
458 3077 489 3131 et
515 3072 604 3131 huius
624 3071 777 3151 publicani
812 3088 960 3131 summam
976 3068 1050 3131 'sibi

135 3159 258 3232 arroget
299 3152 524 3214 humilitatem?
569 3154 671 3229 Quare
701 3155 805 3235 potius
842 3170 1049 3234 agnoscamus

131 3254 188 3294 nos
211 3253 282 3294 esse
303 3234 391 3315 talen,
413 3237 512 3316 qualis
534 3245 599 3296 erat
619 3237 810 3314 Pharisaeus,
833 3243 864 3297 et
911 3253 1049 3297 emamus

131 3325 224 3395 atque
253 3316 392 3376 odiamus
427 3338 484 3379 nos
512 3319 598 3398 ipsos
628 3321 726 3400 magis
754 3338 846 3399 quam
878 3257 983 3396 ifium,
1018 3324 1050 3378 et

133 3419 194 3459 non
218 3403 449 3479 praesumamus
480 3403 607 3479 securi‚.
627 3401 711 3481 quod
739 3401 904 3482 publicano
933 3400 1049 3462 similes

132 3483 236 3558 aimus,
270 3483 338 3561 quia
362 3482 470 3549 beatus
491 3483 545 3543 ille
566 3483 657 3544 nimis
677 3484 733 3545 fuit
753 3490 785 3544 et
813 3482 893 3545 filius
921 3485 1049 3565 gratiae,

133 3584 190 3625 nos
212 3572 314 3626 autem
336 3563 392 3625 lilii
412 3573 549 3645 naturae,
572 3566 642 3628 ideo
666 3574 697 3627 et
715 3569 791 3628 irae.
967 3580 970 3587 ’
