2356 4200
472 285 576 338 Coutrs
592 283 671 337 Obel.
689 283 773 338 Eecii.
984 281 1047 345 445

130 472 194 514 urus
216 472 336 515 summo
359 451 510 533 pontiflci,
533 458 575 533 et,
585 451 780 531 Theolngm,
810 450 840 510 id
863 457 926 529 est,
947 451 1046 513 Deum

130 536 268 616 loquens,
290 538 316 597 si
337 537 421 597 lleus
445 543 491 596 est
512 535 703 614 blasphemia
725 541 756 594 et
777 533 962 597 maledictio.

209 619 320 700 Egone
360 622 528 680 irreverens
563 639 628 677 sum
667 636 787 677 summo
808 615 967 761 Pomm,
995 619 1046 698 qui

130 702 255 781 homini,
279 723 318 763 eo
343 704 499 764 miseriore
513 720 573 842 pun
589 702 717 780 maiore,
734 718 863 761 necessa
941 719 1047 761 assero

130 786 291 847 multorum
315 787 482 864 orationes,
506 806 524 864 p
540 804 573 843 us
597 803 687 862 quam
709 782 880 863 pecunias?
923 783 972 843 Αιι
994 803 1047 863 po·

129 870 185 928 tius
213 869 301 929 ille
294 889 325 929 ιιι
347 869 446 929 Deum
469 876 500 928 et
521 866 699 948 pontificem
721 875 768 926 cst
796 866 1048 946 contumeliosus,

129 951 231 1033 quiid
252 951 362 1011 falsum
386 952 511 1028 asserit,
543 949 652 1011 volens
703 951 783 1010 otius
811 950 957 1030 pecunias
979 968 1049 1010 esse

131 1015 330 1114 necessarias,
353 1054 444 1114 quam
461 1033 640 1094 orationes?
677 970 709 1094 di
725 1032 913 1093 contumelia
928 1030 958 1092 id
974 1033 1048 1093 dun·

128 1121 212 1177 taxat
233 1125 296 1194 est,
324 1137 361 1179 ac
382 1137 445 1181 non
467 1118 569 1197 potius
591 1117 772 1195 impiissima
799 1114 947 1196 perfidia?
989 1116 1049 1176 Ve-

130 1219 193 1260 rum
217 1200 427 1262 adulatoribus
448 1200 563 1260 nullum
587 1201 703 1278 vilium,
725 1199 840 1259 nullum
863 1200 979 1259 crimen
1002 1206 1050 1259 est

130 1303 289 1365 magnum,
322 1269 393 1362 quin
423 1283 502 1344 adeo
530 1282 587 1343 sibi
618 1245 738 1362 flngdnt
765 1281 918 1342 Christum
939 1282 1049 1342 abesse

129 1367 164 1427 ab
186 1366 320 1427 ecclesia
341 1373 372 1426 et
393 1385 454 1446 pon
458 1365 605 1443 tiflce‚ut
592 1365 701 1425 tvelut
721 1365 877 1425 hominem
890 1384 998 1445 purum
1012 1383 1050 1426 ae

130 1451 227 1510 solum
258 1450 403 1509 citissime
430 1468 524 1529 posse
553 1448 763 1508 circumveniri
798 1450 860 1507 suis
898 1447 1048 1527 pestiferis

129 1531 355 1593 adulationibus
383 1530 555 1607 confidant,
581 1550 627 1590 ‘ac
652 1550 711 1611 ego
745 1532 842 1612 magis
870 1549 979 1592 severa
1006 1531 1049 1591 di-

130 1633 207 1690 cere,
230 1634 291 1695 quo
314 1615 490 1676 insidiosius
513 1614 684 1692 adulantur,
706 1615 768 1673 imo
791 1632 853 1674 non
875 1612 1049 1692 advertunt,

130 1718 183 1778 per
193 1698 252 1758 Dei
275 1697 485 1759 admirabilem
510 1699 690 1776 sapientiam
707 1696 737 1756 id
752 1696 889 1757 relictum
905 1699 962 1774 (sit
974 1717 1049 1758 sane

128 1783 270 1858 unicum)
299 1781 449 1841 eeclesiae
470 1779 675 1860 praesidium,
708 1788 755 1857 ut,
789 1781 848 1849 etsi
876 1799 957 1861 papa
979 1799 1047 1841 cum

129 1866 272 1924 universa
298 1864 399 1924 Roma
427 1864 521 1925 vellet
548 1862 756 1925 adulatoribus
789 1866 980 1942 consentire,
1013 1883 1051 1924 aa

128 1948 248 2007 veritati
270 1945 434 2008 dissentire
459 1946 559 2026 (quod
582 1947 665 2006 Deus
687 1951 837 2023 avertat),
860 1964 923 2006 non
946 1954 1048 2008 tamen
1128 1958 1129 1961 ’

128 2026 155 2089 id
179 2029 323 2107 auderet,
346 2036 409 2089 tuni
432 2029 625 2089 multitudine
647 2029 834 2089 eruditorum
856 2035 888 2088 et
909 2030 1047 2110 ingenio-

128 2133 191 2172 rum
217 2112 357 2191 (Christo
382 2113 523 2187 favente)
548 2131 695 2192 prospere
717 2113 884 2192 agentium,
907 2120 970 2172 tum
993 2132 1046 2193 po·

127 2197 224 2257 tentia
244 2215 351 2276 regum
375 2215 412 2256 ac
433 2197 604 2276 principum
626 2195 687 2255 illis
708 2196 847 2274 impense
869 2192 1060 2272 faventium,
1140 2193 1145 2205 ’

127 2286 190 2338 tum
211 2286 296 2340 certe
319 2279 421 2338 multis
443 2281 474 2339 in
497 2280 580 2338 curia
602 2277 794 2358 proceribus,
822 2278 891 2357 plus
913 2277 961 2338 his
984 2298 1047 2339 om-

127 2362 215 2422 nibns
237 2363 389 2421 sinceram
411 2364 557 2442 pietatem
581 2361 754 2423 laventibus
778 2362 897 2421 territus
912 2381 958 2421 aa
979 2381 1048 2442 pro·

126 2444 249 2506 hibitus.
294 2444 373 2519 Quid
396 2447 477 2505 enim
499 2444 624 2506 audebit
645 2444 695 2504 vel
716 2446 782 2524 ipse
810 2443 966 2523 diabolus,
996 2466 1047 2505 ne-

127 2528 197 2589 dum
222 2528 320 2587 malus
342 2529 454 2606 homo,
488 2547 556 2587 cum
579 2528 729 2587 universis
760 2527 988 2607 adulatoribus,
1022 2531 1048 2589 si

127 2611 221 2672 biblia
244 2618 275 2671 et
296 2612 523 2671 ecclesiasticos
536 2611 690 2689 doctores,
706 2613 891 2692 contemptis
906 2610 965 2672 illis
984 2613 1047 2692 opi·
1146 2635 1155 2653 ·

126 2696 221 2755 niosis
244 2695 389 2773 sophistis
412 2694 468 2755 sibi
488 2694 622 2754 viderint
610 2694 775 2774 topponi?
813 2694 944 2754 Adeone
962 2714 1048 2778 prae-

125 2779 217 2837 sumit
246 2777 394 2853 crudelis,
423 2777 477 2837 sed
506 2779 589 2838 cicur
610 2777 665 2836 illa
687 2779 823 2858 tyrannis
846 2776 993 2854 adulatio,
1015 2784 1049 2838 ut

125 2863 218 2921 etiam
246 2859 347 2920 verbis
375 2861 435 2922 Dei
466 2860 578 2921 audeat
604 2861 787 2920 occurrere?
836 2860 881 2921 Sit
910 2859 981 2920 ch

124 2951 311 3023 mecum,et
279 2944 457 3004 etvmbum
486 2963 624 3022 suum,e
607 2950 721 3004 entim
745 2943 878 3023 timebo,
902 2879 1048 3022 qunti

124 3029 186 3088 ciat
208 3026 282 3087 mihi
304 3028 353 3087 vel
374 3033 456 3087 totus
478 3027 619 3087 mundus.

209 3109 295 3170 Haec
317 3110 404 3189 dico,
432 3129 471 3170 ne
493 3110 538 3171 illi
559 3111 634 3192 picti
654 3109 793 3171 Nerones
816 3128 854 3171 ac
875 3109 1050 3171 umbrarum
1159 3134 1165 3144 ·

122 3195 275 3274 imagines
297 3196 358 3254 suis
381 3193 557 3271 terroribus,
580 3194 610 3253 id
632 3198 695 3271 est,
717 3192 943 3269 adulationibus
977 3213 1047 3255 sese

122 3277 195 3338 ideo
229 3283 312 3337 recte
341 3278 455 3337 dixisse
478 3297 514 3338 ac
536 3279 647 3337 vicisse
669 3275 811 3355 credant,
845 3277 916 3354 qnia
939 3279 1048 3337 summi

123 3359 279 3440 pontificis
308 3363 499 3422 maiestatem
521 3362 583 3420 suis
605 3359 773 3420 mendaciis
797 3378 866 3419 sese
894 3366 1048 3439 corruptu-

122 3463 174 3505 rus
216 3452 349 3524 sperant.
393 3445 494 3506 Homo
530 3451 578 3505 est
612 3461 747 3503 summus
790 3442 947 3522 pontifex,
984 3443 1048 3503 falli

123 3535 237 3608 potest,
257 3531 436 3608 praesertim
459 3548 478 3589 a
499 3534 562 3590 tam
579 3546 613 3586 as
615 3528 687 3587 tutis
709 3534 741 3585 et
761 3527 910 3606 speciosis
932 3490 1049 3587 dinato·

124 3611 228 3689 nibus,
251 3613 305 3672 sed
329 3614 441 3673 veritas
463 3617 511 3672 est
532 3612 639 3707 Dens,
670 3611 721 3688 qui
749 3609 813 3669 falli
841 3628 903 3670 non
933 3616 1047 3689 potest.

125 3692 276 3767 Quocirca
298 3714 374 3776 rogo
399 3715 485 3756 meos
507 3695 710 3757 amicissimos
732 3676 849 3772 hostes,
864 3699 897 3752 ut
919 3692 1044 3772 dignen·

125 3785 172 3839 tur
202 3799 250 3840 me
272 3779 419 3861 deinceps
441 3798 504 3847 non
527 3776 704 3840 adulatione
724 3795 840 3858 papae,
874 3794 933 3837 nea
954 3778 1048 3859 magi-
