2356 4200
375 307 412 363 de
428 296 529 362 'virtute
548 290 794 378 indulgentiorem.
974 306 1049 372 ’213
1083 300 1087 304 ’

112 470 158 538 iet
180 481 316 536 mortuus
339 477 434 538 vellet
453 460 558 559 ligere
574 480 604 540 e't
626 479 764 557 solvere,
793 484 824 539 e't
844 478 915 538 ideo
944 491 1048 540 ¹neces-

124 560 238 621 sarium
265 560 292 619 ei
314 560 423 638 fuerit,
452 571 513 621 tam
536 562 688 643 insignem
718 568 905 622 mortuorum
928 558 1049 642 pontifi·

124 662 195 703 curn
217 641 415 704 ambitionem
439 649 478 704 et'
502 645 694 724 tyrannidem
718 645 899 724 praevenire
921 664 957 704 ac
979 664 1049 724 pro-

123 725 245 804 hibere,
275 745 314 784 ne
337 727 434 806 ligent
461 734 514 787 aut
536 727 674 807 solvant,
709 729 770 789 nisi
791 728 860 787 dum
883 727 994 788 fuerint
1017 729 1047 787 in

123 810 188 869 vita
220 814 251 867 et
283 826 376 889 super
399 815 520 871 terram.
563 809 603 870 Et
632 811 717 872 torte
762 813 814 888 (ut
848 818 908 871 tarn
937 800 1047 891 dignos

124 894 294 970 scripturae
320 894 501 973 interpretes
533 893 625 975 digne
652 892 810 954 laudemus
838 892 865 974 ¹)
902 912 960 954 nec
982 889 1049 954 sine

124 992 220 1035 eausa
248 975 291 1033 sic
314 976 412 1035 timuit
442 975 596 1055 Christus,
634 997 673 1036 ne
709 976 853 1038 videlicet
880 973 1047 1055 aliquando

124 1059 335 1138 contingeret,
358 1064 390 1118 ut
413 1065 547 1119 mortuus
567 1059 711 1139 pontifex
733 1059 847 1140 aliquid
868 1059 994 1140 ligaret,
1018 1065 1049 1119 et

124 1159 197 1200 suus
234 1159 395 1202 successor
422 1142 508 1201 vivus
539 1141 619 1203 idem
656 1143 815 1207 solveret‘
847 1142 925 1202 Turn
961 1141 1049 1202 fieret

126 1242 256 1304 magnus
280 1243 365 1285 error
387 1226 416 1284 in
439 1225 546 1303 coelo,
581 1233 611 1286 et
633 1224 769 1287 Christus
794 1222 903 1287 auxius
926 1226 1047 1305 ignora·

123 1313 186 1383 ret,
214 1307 299 1366 cuius
323 1307 444 1368 illorum
474 1307 661 1388 approbaret
690 1308 841 1387 officium,
877 1314 909 1367 ut
931 1309 1047 1387 quite·

124 1406 209 1449 mere
222 1391 411 1469 permisisset
423 1391 557 1469 utrisque
572 1391 653 1451 idem
675 1391 819 1470 officinm,
843 1410 901 1452 nec
914 1389 1047 1467 'addide-

123 1474 183 1550 rit,
213 1491 305 1552 super
334 1480 459 1549 terram,
490 1481 522 1533 ut
552 1482 688 1534 mortuus
715 1481 970 1554 compesceretur.
1015 1474 1046 1536 Si
1135 1514 1137 1519 -

124 1555 206 1616 enim
234 1556 277 1615 ita
305 1574 366 1615 non
396 1557 534 1636 sapiunt,
572 1556 657 1637 qnid
681 1555 851 1621 aestuant?
889 1555 975 1634 'Quid
1004 1557 1046 1617 la·

122 1639 236 1699 borant
259 1639 438 1716 ostendere,
463 1639 543 1719 quod
566 1647 789 1723 superterram
813 1638 852 1700 a'd
875 1632 1047 1713 solventem

122 1721 279 1802 pertinet?
321 1721 404 1782 Ecce
434 1742 452 1783 o
482 1741 555 1783 vere
587 1726 713 1784 aureum
753 1724 933 1804 opusculum
963 1708 1047 1797 suff

124 1804 260 1865 doctoris
279 1805 317 1882 ³⁸)
340 1812 370 1864 et
391 1807 490 1866 aureis
514 1806 610 1867 literis
633 1805 852 1888 dignissimum,
877 1813 917 1883 et,
942 1826 981 1867 ne
1003 1804 1046 1866 ni·

123 1888 168 1948 hil
192 1907 254 1948 non
278 1890 317 1948 sit
338 1908 477 1967 aureum,
500 1891 599 1949 aureis
621 1890 776 1969 discipulis
800 1888 991 1969 tradendum,
1012 1889 1046 1949 il-

124 1971 163 2031 lis
185 1971 338 2050 videlicet,
362 1971 400 2031 de
423 1971 531 2051 quibus
554 1972 664 2042 dicitur
686 1971 740 2057 **)
755 1995 769 2033 :·
785 1970 959 2049 simulacra
975 1992 1049 2053 gen·

124 2055 199 2114 tium
223 2073 327 2114 aurum
363 2062 394 2114 et
410 2062 588 2136 argentum,
621 2056 729 2116 oculos
757 2055 903 2116 habentia
933 2060 964 2115 et
985 2074 1047 2116 non
1075 2057 1089 2079 ⁸

125 2136 264 2197 videntia
286 2143 343 2198 etc.
920 2189 922 2193 .
952 2209 965 2217 ,.

208 2221 306 2280 Recta
327 2221 378 2280 via
400 2221 450 2280 isti
473 2221 619 2281 incedunt
642 2227 754 2281 contra
776 2212 944 2297 Christum,
966 2219 1048 2280 Chri·

126 2311 190 2363 stus
213 2304 292 2362 enirn
317 2303 387 2363 ideo
411 2302 544 2380 addidit,
568 2303 814 2385 superterram,
837 2323 876 2365 ne
898 2303 1047 2385 pontifex,

126 2387 178 2464 qui
201 2404 262 2445 non
284 2391 387 2466 potest
402 2387 459 2446 nisi
480 2407 571 2466 super
592 2394 702 2447 terram
720 2406 799 2464 esse,
821 2391 997 2467 praesumat
1018 2387 1049 2447 id

125 2469 222 2550 ligare
245 2476 299 2529 aut
321 2469 457 2547 solvere,
480 2469 562 2548 quod
585 2470 647 2531 iron
672 2471 710 2530 sit
730 2466 822 2550 super·
844 2475 976 2546 terram,
1000 2490 1049 2529 ve·

126 2553 172 2612 lut
195 2552 266 2611 date
289 2571 384 2632 opera
405 2554 501 2613 nostri
530 2554 675 2633 temporis
703 2553 879 2613 adulatores
912 2547 1048 2613 foedissi-

127 2654 194 2711 mos
217 2637 420 2715 praeveniens
444 2643 475 2695 et
497 2636 677 2716 prohibens,
707 2638 757 2715 qui
779 2636 876 2717 invito
912 2641 942 2695 et
964 2655 1048 2695 recu-

127 2720 207 2778 s'unti
232 2717 369 2798 pontifici
403 2738 529 2799 regnum
560 2719 680 2780 tradere
702 2719 850 2799 incipiunt
872 2718 1047 2797 inferorum.

125 2801 191 2861 llos
206 2801 235 2862 S.
260 2802 465 2882 Hieronymus
488 2821 543 2882 pro
567 2822 622 2862 suo
640 2802 762 2862 fervore
781 2802 910 2861 dixisset
931 2801 1049 2863 theolo-

126 2894 195 2964 gos,
217 2884 247 2943 id
272 2891 328 2961 est,
351 2885 447 2944 Deum
472 2884 645 2964 loquentes,
667 2904 735 2944 eum
759 2891 859 2945 autem
884 2891 974 2965 puta,
999 2887 1049 2967 qui

125 2969 207 3048 apud
232 2968 391 3049 Virgilium
426 2987 568 3048 magnum
593 2968 712 3029 vatibus
745 2969 873 3048 inspirat
906 2968 1048 3035 furorem.

127 3050 188 3112 Sed
214 3058 314 3110 tamen
339 3070 466 3131 agamus
490 3056 598 3110 eontra
620 3070 684 3112 ecs.
979 3059 982 3064 '

211 3134 327 3211 Primo,
368 3135 392 3193 si
422 3153 476 3213 per
505 3133 586 3192 hano
607 3133 840 3215 intelligentiam
865 3132 967 3193 claves
990 3133 1048 3194 sol-

127 3226 203 3278 vunt
232 3224 390 3292 mortuos,
430 3235 503 3298 ergo
533 3223 564 3277 et
591 3218 702 3298 ligant,
731 3218 802 3296 quia
832 3217 972 3296 utrinque
1000 3215 1050 3276 ad-

128 3301 224 3377 ditur,
247 3299 494 3380 superterram,
518 3300 635 3360 dicens:
672 3299 884 3378 Quodcunque
906 3299 1049 3380 ligaveris

127 3404 220 3464 super
241 3389 362 3443 terram.
385 3383 468 3463 Ergo
492 3389 523 3443 et
543 3383 593 3444 hic
624 3391 748 3464 oportet
769 3382 876 3443 eadem
899 3381 1048 3463 industria

128 3475 160 3528 et
181 3467 321 3527 acumine
343 3466 432 3527 nobis
457 3465 620 3548 distingui,
642 3486 734 3547 super
757 3474 867 3528 terram
891 3462 1051 3546 dupliciter

184 3744 211 3804 lt
232 3743 261 3794 ln
282 3741 325 3795 ed.
345 3742 448 3809 princ:
467 3738 604 3804 ludamus.
730 3804 733 3810 Ι

186 3813 215 3883 *)
236 3815 267 3867 In
285 3815 478 3882 inquisitorem
498 3808 590 3865 'Petrei
609 3809 785 3863 monachum.
829 3809 877 3879 ”J
900 3809 970 3865 Psal.
990 3809 1051 3866 135.
