2356 4200
368 257 402 313 aa
421 258 500 339 uro.¹
511 259 540 315 r.
551 258 794 363 'sequacesque
994 253 1048 360 '57

207 425 255 487 Ad
284 429 567 509 quinquagesimam
603 430 731 509 primam
761 430 839 490 sicut
866 429 1047 497 eademne·

125 511 222 589 petis,
243 510 287 572 ita
308 512 415 572 eadem
439 512 492 573 tibi
515 512 597 573 dicta
617 512 707 579 volo,
737 513 793 572 nisi
818 512 900 593 quod
920 532 970 589 me
992 530 1048 597 per

127 593 246 653 talenta
265 595 350 673 loqui
372 595 456 671 dicis,
480 595 562 675 qaod
584 603 716 655 transeo.
914 594 917 599 ’
960 610 963 673 j
1028 654 1031 659 a

210 676 259 736 Ad
273 679 557 759 quinquagesimam
573 678 739 738 secundam
754 678 841 758 dicis,
854 698 964 740 vanam
979 682 1049 755 esse

107 777 226 819 -meam
249 761 497 836 conclusionem,
526 759 608 840 quod
628 763 671 821 ita
693 761 823 841 probas,
850 763 921 842 quia
947 763 1048 824 nullus

129 848 191 902 tam
215 844 324 904 stulius
346 845 394 921 sit,
416 852 449 905 ut
473 846 517 904 sic
534 845 638 904 iaciat.

211 927 411 1006 Respondes:
436 927 514 1002 Quid
537 927 575 988 ad
599 934 648 1004 te,
672 945 807 1007 quaeso,
830 928 856 987 si
878 927 978 988 nullus
998 935 1050 1005 ‚est

124 1013 187 1067 tam
210 1006 341 1070 stulius?
364 1012 429 1070 sine
450 1029 500 1070 me
523 1010 687 1091 disputare,
709 1017 743 1070 ut
764 1010 836 1090 dixi,
857 1009 908 1071 vel
930 1012 960 1071 in
976 1019 1048 1071 ven-

125 1097 199 1153 tum.
242 1092 396 1172 Numquid
425 1093 495 1154 ideo
527 1093 696 1154 decretales
721 1112 823 1177 papae
851 1095 922 1154 sunt
950 1113 1049 1155 vanae

127 1173 166 1245 de
188 1174 386 1237 abusionibus
419 1183 629 1255 quaestorum,
663 1177 733 1255 quia
765 1185 797 1236 tu
819 1177 934 1246 nullum
959 1195 1049 1255 quae·

126 1263 244 1316 storum
267 1267 375 1319 contra
398 1261 499 1340 egisse
522 1258 683 1320 defendis?
711 1259 771 1320 Sed
794 1280 868 1341 prae
891 1266 1050 1323 senectute

126 1340 206 1400 torte
229 1341 272 1400 ita
294 1348 325 1401 et
345 1342 481 1422 loqueris
509 1349 541 1402 et
562 1343 775 1423 phantasiems.
820 1342 851 1404 Si
868 1342 969 1403 nulius
992 1348 1048 1423 est,

126 1424 178 1500 qui
202 1424 247 1485 sic
269 1424 397 1485 conlidit
417 1427 448 1484 in
471 1427 591 1503 literas,
614 1425 729 1485 nullum
753 1425 856 1507 dotigi.
898 1426 974 1501 Eos,
998 1427 1049 1505 q‘ui

126 1514 208 1581 sunt,
230 1507 314 1567 volui
337 1514 474 1589 tangere,
498 1527 575 1588 quos
598 1527 656 1589 ego
679 1527 741 1568 non
755 1528 859 1590 unum,
882 1508 935 1569 sed
958 1510 1048 1590 pluri-

124 1607 194 1650 mos
216 1590 308 1669 novi,
337 1597 367 1650 et
388 1591 467 1651 adeo
483 1592 616 1663 stultos,
645 1597 680 1650 ut
706 1610 768 1651 non
805 1591 902 1653 solu'm
927 1589 1050 1653 de‘ani-

125 1684 242 1731 morum
255 1672 487 1754 redemptione,
510 1674 565 1734 sed
582 1673 622 1734 de
643 1692 700 1734 sua
712 1692 835 1755 quoque
855 1668 953 1736 sainte
975 1676 1050 1739 certi

125 1753 183 1813 sibi
205 1762 318 1833 essent,
341 1757 412 1835 quia
433 1757 488 1816 has
511 1758 615 1817 literas
638 1757 794 1817 haberent.

210 1838 340 1915 Deinde,
363 1856 416 1899 cur
437 1841 497 1899 tuis
519 1840 671 1900 clientulis
684 1859 746 1900 non
765 1841 857 1900 etiam
871 1839 1048 1921 persuades,

123 1926 158 1978 ut
192 1922 327 1980 unimam
365 1941 449 1982 suam
478 1924 683 2004 impignerent
716 1942 771 2002 pro
802 1923 987 1991 contritione
1018 1916 1049 1983 et
1122 1968 1128 1985 i

125 2003 356 2065 satisfactione?
380 2005 508 2078 Quoties
530 2005 593 2079 tibi,
616 2024 704 2085 rog0,
725 2004 887 2065 dicendum
911 2012 972 2084 est,
994 2007 1047 2065 im-

123 2086 206 2164 pium
230 2092 262 2146 et
283 2088 429 2148 avaritiae
451 2090 651 2148 ministerium
675 2098 753 2163 esse,
776 2087 858 2167 quod
873 2107 929 2167 pro
949 2089 1048 2149 veniis

124 2176 187 2227 tam
210 2171 371 2247 exquisite,
394 2177 454 2230 iam
477 2171 640 2252 magnifice
663 2170 988 2248 omniateuianturii,
1011 2188 1048 2230 ac

125 2251 150 2309 si
175 2251 261 2311 solae
283 2260 388 2312 essent
409 2272 526 2330 rerum,
563 2261 594 2314 et
620 2272 676 2333 pro
702 2254 883 2313 necessariis
910 2252 948 2313 ad
970 2254 1048 2314 sulu-

125 2339 188 2393 tem
210 2353 335 2413 prorsus
364 2338 415 2395 vix
444 2337 588 2396 motitur?
623 2336 667 2395 Tu
697 2338 815 2416 cogita,
846 2356 884 2396 an
916 2337 1048 2417 simplex

124 2416 258 2496 populus
281 2437 342 2477 non
367 2419 463 2478 discat
486 2419 642 2481 confidere
669 2420 699 2478 in
722 2419 841 2498 literas,
865 2424 951 2481 tanto
974 2420 1047 2479 luxu

125 2507 156 2559 at
177 2508 326 2578 apparatu
349 2502 600 2562 commendatas?
627 2502 771 2582 Magnum
802 2503 882 2562 enim
910 2503 1049 2583 cogitent

101 2600 253 2656 ⁸necesse
278 2591 340 2662 est,
369 2585 451 2664 quod
480 2591 541 2645 tom
571 2584 734 2665 magnifice
757 2586 947 2665 proponitur.
990 2584 1046 2663 Tu,

123 2665 175 2744 qui
197 2666 317 2734 interim
340 2666 449 2728 doctus
473 2687 506 2727 cs
529 2686 590 2727 non
606 2666 760 2727 fidendum
783 2669 814 2727 in
836 2668 950 2747 literas,
973 2687 1047 2728 mox

125 2749 218 2807 etiam
242 2749 410 2827 simplicem
434 2751 580 2830 populum
604 2749 712 2810 eadem
733 2769 789 2830 per
811 2768 844 2810 se
864 2750 964 2831 ipsum
988 2749 1046 2810 dis·

123 2849 251 2890 cernere
273 2839 305 2891 et
326 2833 497 2913 intelligere
519 2830 667 2910 confidis,
700 2840 806 2894 contra
828 2839 875 2893 tot
897 2840 928 2892 et
949 2839 1048 2895 tanto-

123 2932 188 2972 rum
212 2917 428 2993 persuasiones
451 2922 482 2975 et
502 2915 680 2975 irritabula?
878 2972 881 2978 .
1000 2991 1002 2995 .

206 2996 343 3056 Tandem
355 2998 386 3072 ²)
416 2997 489 3057 mihi
519 2999 643 3057 minaris
674 2997 851 3073 maledicta,
881 2997 1046 3077 irrisiones,

124 3090 279 3139 censuras.
322 3080 427 3154 Quas?
455 3088 486 3140 et
508 3080 623 3159 quare?
650 3082 715 3140 noli
737 3080 862 3152 minari,
884 3081 924 3138 mi
947 3081 1046 3160 Pater,

123 3161 262 3220 Christus
285 3164 374 3240 vivit,
405 3182 467 3223 non
491 3163 589 3223 solum
612 3163 703 3239 vivit,
732 3163 786 3223 sed
815 3163 905 3222 etiam
929 3169 1047 3245 regnat,

124 3263 186 3305 non
213 3244 313 3304 solum
334 3247 364 3304 in
389 3246 487 3308 coelo.
511 3245 565 3306 sed
589 3247 678 3306 etiam
701 3247 732 3306 iu
754 3247 864 3311 Roma.
888 3252 1046 3325 quantum-

124 3326 199 3387 libet
219 3328 288 3406 ipsa
308 3329 407 3388 furiat.
452 3328 484 3388 Si
511 3328 678 3389 maledicar
704 3348 761 3408 pro
784 3329 928 3403 veritate,
954 3327 1046 3388 bene·

124 3409 224 3469 dicam
248 3411 423 3472 Dominum.
454 3411 524 3473 Non
544 3412 703 3494 ‚separabit
725 3432 775 3472 me
797 3431 927 3472 censura
948 3411 1045 3471 eccle-

124 3494 187 3552 siae
210 3492 248 3552 ab
277 3493 425 3570 ecclesia,
462 3496 487 3553 si
524 3495 631 3576 iungat
663 3515 712 3556 me
739 3495 852 3556 veritas
884 3493 1044 3558 ecclesiae,

196 3755 227 3821 1)
250 3753 437 3807 inediam:
458 3757 601 3808 testantur.
638 3753 671 3822 2)
694 3753 776 3809 ibid:
797 3754 925 3808 Tantum.
