2356 4200
151 252 213 325 364
536 260 673 332 Dialogus

151 430 208 492 bus
230 448 293 490 nou
316 434 347 490 et
368 430 532 513 superflua,
554 431 609 493 sed
631 433 775 493 haeo‘est
792 430 902 495 divisio
917 426 1072 490 sufficiens

152 514 239 574 iuxta
261 512 364 574 divum
381 514 549 575 Thomam:
572 516 728 576 Bonorum
752 516 833 575 enim
855 513 1072 593 temporalium

152 597 286 679 hominis
315 597 465 677 quaedam
498 606 568 659 sunt
595 599 770 659 necessaria
798 597 837 658 ad
859 598 952 656 vitam
975 613 1073 672 suam,

153 687 185 740 et
207 698 299 740 suoru
378 700 457 760 quae
488 681 628 742 dicuntur
649 682 840 758 necessaria,
874 681 941 740 sine
964 679 1073 758 quibus

151 782 225 841 non,
247 782 303 843 sup
339 764 366 842 ⁸,
388 765 514 844 vivitur,
538 764 687 844 quaedam
710 783 784 825 vero
807 769 877 824 sunt
898 763 1075 823 necessaria

99 865 101 868 ’
152 845 191 906 ad
216 847 308 906 vitam
332 846 509 927 decentem,
532 866 611 927 quae
632 848 773 908 dicuntur
794 846 984 923 necessaria,
1007 846 1074 904 sine

113 977 126 998 χ
152 928 260 1008 quibus
282 948 344 990 non
368 929 457 1012 bene,
481 937 511 991 et
531 932 683 1012 quaedam
705 950 763 990 nec
785 931 829 990 sio
842 948 900 990 nec
918 929 972 1007 sio,
994 947 1075 1008 quae

152 1011 293 1072 dicuntur
315 1012 469 1092 superflua
490 1015 679 1095 simpliciter.
722 1014 768 1074 De
784 1014 883 1094 primo
896 1012 1074 1072 necessario

152 1108 211 1155 nec
232 1095 341 1155 veniae
363 1102 434 1155 aunt
454 1097 662 1176 redimendae,
680 1115 739 1157 nec
750 1097 950 1175 eleemosyna
962 1094 1074 1171 danda,

152 1179 211 1239 nisi
238 1179 305 1258 quis
337 1179 432 1260 eligat
464 1183 540 1241 mori
569 1180 672 1244 dando
695 1200 750 1259 pro
768 1180 853 1241 bono
875 1177 1075 1257 reipublicae.

151 1261 198 1320 De
220 1260 355 1322 secundo
391 1267 534 1324 tenentur
564 1264 704 1324 homines
736 1264 966 1342 eleemosynam
1000 1260 1076 1321 dare

152 1343 252 1405 solum
277 1345 309 1403 iu
332 1347 517 1407 necessitate
539 1354 691 1425 extrema,
717 1352 822 1425 potest
843 1351 946 1407 autern
971 1350 1003 1404 et
1023 1343 1075 1404 de·

152 1426 205 1487 bet
233 1426 328 1488 homo
356 1427 429 1488 dare
462 1429 501 1489 de
531 1430 661 1490 consilio
695 1436 782 1489 extra
816 1427 930 1488 dictum
969 1445 1075 1487 meum

151 1517 270 1589 partem
293 1510 381 1570 huius
404 1514 586 1589 necessarii,
617 1531 687 1572 cum
709 1510 895 1572 indivisibile
917 1529 980 1571 non
1002 1528 1077 1570 con-

152 1593 255 1671 sistat,
287 1611 349 1653 non
379 1600 480 1655 autem
511 1601 618 1656 totum
673 1595 725 1656 Sic
754 1611 828 1675 ergo
852 1599 951 1674 patet,
991 1592 1075 1672 quod

152 1676 244 1735 etiam
267 1694 329 1736 non
351 1675 469 1738 habens
492 1678 647 1757 superflua
669 1685 773 1758 potest
793 1675 945 1738 redimere
957 1677 1076 1755 venias,

151 1776 191 1901 px
212 1764 299 1837 parte
322 1760 397 1837 eius,
421 1760 503 1839 quod
527 1767 574 1821 est
595 1763 815 1839 necessarium,
837 1761 904 1820 sine
926 1775 988 1838 quo
1011 1777 1078 1820 non

174 1859 241 1902 ene.

234 1925 293 1999 47)
317 1924 404 1985 Mart.
427 1925 568 1987 Docendi
601 1933 671 1986 sunt
693 1925 872 2002 Christiani,
911 1924 995 2003 quod
1028 1944 1076 1984 re·

152 2005 290 2087 demptio
312 2009 471 2068 veniarum
493 2016 541 2070 est
560 2009 666 2088 libera,
688 2027 751 2069 non
774 2014 949 2088 praecepta.
1039 2041 1041 2046 ,

235 2089 287 2150 sil.
310 2090 448 2151 Doeendi
474 2098 545 2152 aunt
567 2094 669 2171 etiarn,
693 2102 724 2153 et
739 2091 852 2152 docere
875 2089 990 2150 debent
1001 2089 1076 2151 boni

151 2172 205 2232 filii
230 2173 380 2233 ecclesiae
401 2175 571 2254 Romanae,
596 2182 627 2236 et
648 2181 874 2254 consequenter
897 2173 969 2252 Dei,
992 2173 1076 2253 quod

151 2256 296 2335 Princeps
317 2275 374 2335 pro
399 2261 555 2318 communi
572 2259 655 2319 bono
679 2264 786 2338 posset
797 2257 936 2317 coactive
949 2257 1076 2336 exigere

151 2337 235 2399 bona
256 2358 275 2398 a
298 2338 441 2417 subditis,
474 2341 528 2401 sed
561 2341 702 2420 pontifex
723 2341 882 2400 Romanus
917 2340 1075 2419 utriusque

151 2422 314 2500 potestatis
336 2423 456 2501 apicem
478 2431 587 2484 tenens
609 2442 665 2504 pro
678 2422 952 2485 fabricabasilicce
976 2424 1074 2482 sancti

151 2504 242 2580 Petri,
265 2523 344 2582 quae
366 2513 413 2566 eat
435 2508 528 2567 totius
541 2506 704 2567 Christiani
720 2506 826 2587 populi
849 2505 983 2583 bonurn,
997 2507 1076 2586 petit

152 2585 234 2665 quod
256 2586 361 2647 iubere
383 2596 506 2668 posset,
540 2597 571 2651 et
592 2589 727 2669 petendo
750 2596 925 2648 muneratur
947 2608 987 2648 ex
1009 2588 1075 2650 the·

156 2687 246 2729 sauro
268 2668 326 2729 sibi
348 2671 470 2733 tradito.
1052 2671 1064 2701 ⁹

142 2802 144 2806 r
234 2753 292 2828 48)
316 2754 404 2815 Mart.
426 2755 567 2816 Ducendi
590 2763 660 2816 sunt
678 2755 852 2830 Christiani,
876 2753 959 2832 quod
982 2774 1074 2835 papa,

152 2835 230 2894 sicut
251 2837 348 2914 magis
371 2846 457 2918 eget,
480 2840 523 2899 ita
545 2840 641 2918 magis
672 2844 758 2918 optat
784 2840 815 2896 in
839 2838 936 2897 veniis
965 2836 1073 2898 dandis

150 2937 207 2997 pro
221 2936 254 2977 se
265 2917 410 2981 devotam
421 2923 602 2997 orationem,
614 2941 704 3000 qnam
718 2927 892 3002 promptam
900 2922 1073 3000 pecuniam.

235 3000 287 3062 sil.
310 3001 375 3064 Imo
399 3023 462 3065 non
484 3012 554 3065 sunt
575 3006 619 3064 aia
642 3004 791 3082 docendi,
815 3003 968 3082 quiahoc
993 3011 1074 3064 esset

151 3101 206 3144 eos
228 3085 249 3144 a
269 3086 370 3147 multis
392 3087 497 3165 bonis,
532 3101 612 3167 quae
634 3089 790 3149 veniarum
810 3086 917 3166 'gratia
948 3086 1073 3160 faciunt,

152 3161 327 3246 dimovere,
360 3169 414 3229 sed
436 3171 539 3250 potius
569 3177 639 3231 sunt
662 3170 810 3246 docendi,
850 3166 932 3248 quod
966 3187 1073 3228 ornnes

152 3249 259 3310 fideles
282 3270 320 3311 ex
344 3252 448 3314 debito
473 3254 771 3314 caritatisxtenentur
793 3271 849 3331 pro
878 3270 999 3313 summo
1023 3272 1073 3331 pa·

153 3338 235 3393 store
257 3335 350 3394 etiam
373 3336 440 3396 siue
461 3337 559 3396 veniis
590 3355 693 3415 orare,
726 3344 757 3397 et
785 3334 867 3415 quod
895 3353 978 3414 papa
1000 3334 1072 3393 mul·

152 3417 243 3476 toties
267 3416 320 3476 dat
341 3419 464 3494 venian,
494 3426 527 3478 ut
548 3419 656 3480 fideles
690 3424 840 3499 provocet
861 3417 900 3476 ad
923 3417 1071 3477 orandum

152 3517 207 3576 pro
231 3518 282 3575 se,
315 3506 348 3559 ut
369 3518 491 3580 semper
512 3503 584 3562 facit
605 3504 635 3562 in
671 3522 728 3562 sua
758 3501 887 3580 capella:
941 3499 1072 3574 Quando

76 3612 78 3616 >
152 3601 226 3644 vero
250 3581 328 3642 ultra
353 3585 508 3644 orationes
531 3587 622 3646 etiarn
645 3586 782 3664 pecuniis
804 3582 938 3663 indiget,
967 3585 1072 3643 venias

151 3662 295 3746 largitur,
320 3686 382 3727 non
404 3669 503 3746 gratia
524 3670 738 3748 pecuniarum,
771 3667 825 3727 sed
849 3667 913 3726 eius
936 3667 997 3743 rei,
1035 3664 1072 3726 ad

152 3766 242 3827 quarn
271 3751 402 3831 pecunia
433 3749 604 3832 ordinatur,
642 3758 717 3833 puta
748 3751 787 3811 ad
820 3751 1072 3812 instaurationem
