2356 4200
412 301 437 339 a.
456 284 528 342 1516
544 285 641 340 habiti·
930 281 993 348 157

76 452 148 514 beot
167 471 205 513 ao
226 454 402 534 vituperent
422 453 561 534 gloriam:
573 454 749 530 hominum,
784 458 878 531 atque
909 453 992 513 silari

75 537 188 597 saciant
209 554 306 616 opera
328 557 471 599 manuum
501 538 675 614 hominum,
700 543 734 595 ut
754 536 802 596 Ps.
826 539 882 599 16:
911 536 990 597 *Non

73 619 206 698 loquitur
235 638 285 680 os.
301 640 402 683 meum
436 638 532 699 opera
560 620 734 695 hominurn,
765 619 842 696 ¹quia
874 619 994 679 scilian

73 701 173 782 gloria
192 701 251 763 Dei
274 703 347 765 facit
373 704 503 784 gloriam
532 703 691 763 homiuum
718 701 849 780 intelligi
876 703 1000 764 renim

73 793 146 863 tem,
165 785 229 846 imo
252 788 453 866 ignominiam
476 805 562 863 esse,
592 792 623 846 et
651 804 748 865 opera
770 784 841 849 Dei,
855 783 992 845 indicant

74 875 103 928 et
124 867 294 930 ostendunt
315 889 412 949 opera
433 869 590 929 hominum
615 865 795 950 (dequibus
818 865 996 947 gloriabaris

74 957 128 1029 tur,
150 959 298 1030 tanquam
320 952 412 1030 bona,
436 960 536 1031 recta,
568 953 732 1031 sapientia,
760 950 847 1011 utilia
866 955 987 1024 essent)

74 1053 140 1093 esse
162 1033 249 1112 nihil,
272 1042 304 1096 et
324 1042 455 1115 peccata
475 1036 586 1114 potius.
608 1033 687 1095 Nam
710 1051 808 1113 opera
827 1039 906 1095 eunt·
922 1033 1000 1095 suine.

74 1118 185 1179 stantia
206 1116 307 1179 laudis
329 1124 361 1179 et
381 1117 510 1198 gloriae,
537 1117 697 1178 destructa.
719 1118 822 1195 itaque
852 1115 991 1178 substan

74 1200 115 1259 tia
148 1198 314 1263 destrantur
346 1208 378 1262 et
409 1200 602 1276 aedilicium,
641 1218 733 1279 super
765 1199 849 1260 illam
875 1200 999 1262 nitens..

73 1281 144 1343 ldco
170 1284 382 1364 evangelium,
410 1283 482 1343 dum
504 1279 662 1362 praedicat
689 1282 819 1363 gloriam
839 1282 923 1359 Dei,·'·
945 1301 998 1345 ra.

74 1365 155 1427 velat
188 1367 388 1444 ignominiam
429 1367 602 1444 homiuum,
641 1371 673 1426 et
688 1397 692 1409 ·
710 1365 782 1427 dum
816 1365 994 1428 manifestat
1058 1361 1064 1387 ⁸

74 1467 168 1527 opera
195 1449 270 1526 Dei,
301 1448 437 1511 ostendit
464 1450 618 1528 ignaviam
645 1456 679 1510 et
705 1448 991 1528 peecatumirornis

40 1539 43 1548 '
73 1551 153 1593 uum.
201 1531 371 1614 Utrumque
392 1541 495 1593 autern
519 1531 674 1612 superbus·
689 1530 902 1612 indignissime
923 1531 1002 1609 iarn

74 1613 156 1692 quod
170 1633 267 1694 opera
288 1635 354 1693 sna,
375 1615 530 1694 inquibus
548 1613 692 1694 placebat
712 1615 769 1675 sibi
791 1613 880 1693 apud·
895 1632 1004 1693 seque„

74 1696 222 1776 gloriatur
257 1701 347 1776 (quia
379 1699 459 1758 iusta
485 1717 523 1758 ea
551 1716 621 1759 ease
640 1704 674 1757 et
693 1699 760 1757 sine
781 1698 856 1759 vitio
879 1699 1005 1757 sentio,

74 1776 143 1854 bat)
168 1788 336 1860 arguantur
358 1780 646 1860 tauquam·‚polluta
668 1787 700 1840 et
714 1781 922 1860 ignominiosa
937 1798 1004 1860 po-2

73 1862 141 1939 tius,
164 1869 197 1922 ut
217 1862 289 1942 Sap.
312 1869 348 1928 5:
380 1864 512 1925 abstinet
539 1882 572 1925 se
592 1882 616 1926 a
634 1864 690 1923 viis
712 1863 824 1923 nostris
847 1869 1004 1942 tanquam-

74 1944 111 2006 ab
132 1941 344 2009 immunditiis.
385 1946 460 2007 ldeo
487 1946 582 2007 audit.
601 1954 637 2006 et
666 1947 820 2024 irascinn,
851 1945 991 2026 denique

75 2027 177 2088 fremit
197 2037 230 2089 et
251 2028 391 2092 tabescit.
434 2029 488 2090 Sic
515 2029 615 2109 gloria
642 2031 769 2089 suscitat
796 2030 926 2089 iram-et
945 2031 991 2089 iu·

72 2110 186 2171 vidiam
209 2113 240 2171 iu
262 2112 438 2173 hominibus
460 2120 493 2172 et
511 2109 611 2191 gratia
636 2119 786 2190 provocat
805 2111 989 2190 indignatio·

73 2213 153 2272 nem,
176 2195 439 2255 etrnisericordia
461 2195 681 2272 crudelitatem,
715 2201 745 2255 et
766 2196 864 2273 pietas
878 2201 989 2274 ›tyran-

72 2276 175 2337 nidem
198 2287 230 2337 et
252 2278 334 2337 salus
357 2278 577 2357 perditionem,
606 2298 644 2338 ac
673 2297 796 2357 prorsus
819 2276 1004 2339 bouum-iit·

72 2377 169 2420 causa
190 2361 272 2431 mali
316 2360 390 2434 Quis
413 2381 475 2421 non
499 2361 640 2420 miretur?
670 2361 710 2420 Et
731 2361 779 2420 sol
801 2359 872 2419 dum
895 2362 1006 2422 oritur·

73 2442 200 2502 offendit
228 2444 335 2504 oculos
368 2453 566 2521 noctuarum,
600 2451 634 2504 et
658 2445 761 2504 vinum
784 2443 989 2505 interficit—ie-

72 2525 258 2586 bricitantes.
944 2572 947 2577 »

156 2609 198 2670 Ui
219 2609 296 2669 haec
322 2610 432 2670 clarius
464 2606 687 2690 intelligantur,
720 2611 877 2672 sciendum
917 2613 1006 2692 quidr

72 2694 112 2752 sit
133 2710 213 2771 opus
234 2693 308 2752 Dei:
331 2693 388 2752 Est
407 2694 483 2753 nihil
504 2693 589 2753 aliud
609 2695 667 2753 nisi
688 2696 847 2773 iustitiam,
869 2715 1009 2777 pacem*

72 2775 325 2854 misericordiam,
346 2778 515 2852 veritatem,
534 2778 704 2854 militatem,
725 2776 904 2854 bonitatem,
916 2799 988 2858 gan-

71 2858 165 2933 dium,
188 2859 317 2919 salutem
340 2859 451 2936 facere,
473 2861 544 2937 quie
572 2861 681 2935 iustus,
713 2879 817 2936 verax,
850 2870 988 2940 pacatus,

71 2940 180 3020 horrus,
204 2942 312 3020 laetus,
335 2942 448 3020 salvus,
471 2944 560 3020 ruitis,
590 2944 764 3003 misericors
794 2962 857 3003 non
886 2950 991 3022 potest

71 3024 160 3084 aliter
181 3027 311 3103 operari,
335 3026 407 3104 quia
428 3027 473 3085 sio
494 3033 602 3086 natura
623 3044 679 3085 sua
699 3026 780 3086 facit.
803 3026 886 3106 Ergo
904 3027 1008 3087 Deus..

71 3107 142 3167 facit
164 3109 272 3184 iustos,
296 3106 452 3187 pacificos,
479 3110 578 3186 mites,
602 3110 826 3188 misericordes,
850 3128 1008 3187 veraoea,.;

71 3189 240 3270 benignos,
274 3191 440 3269 iucundos,
470 3194 640 3272 sapientes,
670 3193 773 3252 salvos
796 3200 855 3252 etc.
904 3192 988 3254 Haeo

71 3282 141 3334 sunt
173 3293 270 3353 opera
303 3293 445 3334 manuum
468 3277 548 3352 eius,
572 3296 638 3336 seu
670 3276 806 3334 facturae
840 3277 920 3353 cius,
957 3285 989 3338 ut

72 3357 117 3416 Ps.
143 3361 176 3418 l:
201 3357 362 3417 Confessio
385 3365 416 3418 et
435 3358 662 3438 magnificentia
679 3377 758 3438 opus
781 3360 856 3437 eius,
878 3359 909 3419 id
932 3371 988 3439 est,

71 3438 135 3499 laus
159 3448 189 3500 et
210 3440 305 3500 decor
328 3460 381 3499 seu
412 3442 511 3520 gloria
543 3449 576 3501 et
599 3442 722 3501 claritas
749 3448 798 3501 cst
821 3460 898 3520 opus
919 3443 1010 3524 ner„

71 3543 131 3583 non
160 3531 216 3584 est
238 3524 296 3583 nisi
326 3523 408 3602 quod
443 3531 491 3585 est
512 3524 665 3585 landabile
699 3531 730 3584 et
751 3524 988 3603 pulcherrimum

55 3607 135 3666 sine
167 3609 251 3667 omni
280 3608 373 3684 vitio,
406 3614 440 3666 ut
460 3615 492 3667 et
513 3608 562 3668 Pa.
585 3611 640 3671 95:
678 3608 840 3668 Confessio
870 3614 902 3667 et
922 3611 989 3689 pul-

70 3689 209 3750 chritudo
245 3691 276 3749 in
299 3697 468 3769 conspectu
502 3692 585 3770 eina,
623 3692 828 3751 sanctimonia
856 3692 920 3750 eius
957 3703 988 3751 et

71 3772 362 3853 magnificentiam
392 3777 567 3835 sanctuario
600 3775 680 3855 eius,
707 3775 727 3836 i.
751 3793 779 3836 e.
800 3776 831 3836 in
855 3773 1003 3838 ecclesiar
