2356 4200
123 282 188 353 256
370 287 565 343 Βοωίιθοια
583 287 692 358 Disput
710 288 790 343 Intlr.

206 454 287 517 Satis
307 461 393 536 patet
413 475 455 517 ex
475 455 622 537 dignitate
644 428 727 518 verbi
749 456 824 532 Dei,
843 457 909 519 imo
931 475 977 517 ex
997 476 1046 519 ne·

123 540 281 618 cessitate,
312 557 381 599 cum
408 539 534 601 verbnm
564 540 721 601 veniarum
743 558 843 620 neque
875 541 917 601 sit
937 558 1045 601 nense

123 620 248 701 sarium,
271 640 371 702 neque
393 622 519 684 multum
541 622 623 684 utile.

433 818 645 883 Conclusio
667 819 729 880 lv.

204 946 291 1009 llens
324 965 425 1027 papae
452 949 628 1008 necessario
661 955 725 1026 est,
759 947 843 1028 quod
873 950 901 1009 si
935 951 1048 1012 veniae

126 1023 228 1111 (quod
250 1026 406 1091 minimum
428 1033 493 1108 est)
525 1051 586 1092 uns
611 1049 778 1111 campana,
809 1032 879 1092 unis
895 1035 1047 1114 pompis,

125 1119 157 1173 et
177 1113 358 1175 ceremoniis
381 1111 583 1191 celebrantur,
604 1114 798 1194 evangelium
822 1116 925 1194 (quod
949 1118 1046 1177 maxi·

125 1214 207 1255 mum
229 1198 294 1273 est)
318 1199 440 1256 centum
463 1197 637 1276 campanis,
667 1205 790 1258 centum
811 1199 955 1278 pompis,
978 1218 1047 1261 ceu·

125 1284 189 1339 tum
212 1278 394 1339 ceremoniis
416 1278 618 1358 praedicetur.

207 1359 287 1437 Quia
308 1359 382 1421 nihil
402 1362 433 1421 in
456 1362 589 1423 ecclesia
610 1366 658 1423 est
679 1363 795 1423 maiore
816 1381 892 1423 cura
912 1370 1047 1429 tractan-

126 1441 208 1519 dum,
231 1461 322 1524 quam
344 1452 484 1504 sanctum
506 1444 711 1525 evangelium,
733 1465 802 1506 cum
824 1446 963 1508 ecclesia
972 1447 1047 1509 nibil

124 1524 237 1588 babeat
258 1527 420 1607 pretiosius
443 1535 474 1587 et
494 1526 654 1589 salubrius.
677 1527 765 1589 Unde
786 1537 817 1589 et
837 1528 899 1589 hoc
921 1531 1046 1591 unicum

124 1614 172 1670 est
193 1626 281 1688 opus,
303 1608 385 1689 quod
408 1610 565 1690 discipulis
586 1612 649 1670 suis
672 1611 802 1671 iniunxit
823 1619 886 1672 tam
906 1612 1047 1693 reperior

125 1690 252 1752 vicibus.
272 1690 435 1754 EtPaulus
458 1693 532 1754 dicit
542 1690 591 1776 ⁴¹),
613 1711 731 1754 senon
753 1693 792 1753 ad
814 1693 1046 1774 baptizandum,

124 1773 179 1836 sed
200 1773 240 1835 ad
262 1774 536 1856 evangelizandum
564 1777 700 1838 missum.
743 1776 884 1856 Denique
906 1777 1046 1841 Christus

125 1858 276 1939 praecipit
304 1866 527 1919 sacramentum
561 1858 764 1920 eucharistiae
792 1879 854 1920 non
888 1860 1048 1940 celebrari,

126 1940 184 2002 nisi
205 1941 236 2021 in
257 1960 344 2001 suam
359 1943 694 2004 commemorationem.
714 1942 756 2003 lilt
767 1942 879 2003 Paulus
894 1943 1046 2009 lOcr.2.:

127 2022 378 2103 Quotiescunque
399 2023 623 2085 manducabitis
634 2043 746 2104 panem
759 2025 850 2103 hunc,
873 2032 906 2086 et
916 2026 1060 2089 calicem*

126 2106 249 2188 bibetis,
282 2115 409 2167 mortem
432 2106 557 2168 Domini
586 2106 818 2169 annunciabitis.
863 2107 974 2169 Melius
1002 2117 1046 2171 est

126 2190 205 2251 enim
229 2190 367 2250 omittere
389 2196 632 2269 sacramentum,
655 2209 745 2270 quam
766 2191 963 2271 evangelium
985 2210 1045 2253 non

126 2291 280 2332 nunciare.

207 2355 247 2415 Et
269 2354 400 2415 ecclesia
421 2357 529 2416 statuit
549 2356 673 2415 missam
704 2357 770 2416 siue
791 2356 926 2416 lectione
955 2376 1045 2417 evan·

126 2436 198 2517 gelli
221 2456 282 2497 non
305 2435 530 2499 celebrandam.
563 2438 635 2498 Plus
657 2440 760 2518 itaque
781 2438 933 2518 ponderat
956 2459 1044 2501 evan·

126 2521 255 2601 gelinm,
290 2538 380 2598 quam
414 2522 537 2593 missam
561 2521 660 2598 Deus,
694 2523 765 2600 quia
793 2522 859 2581 sine
880 2522 1043 2602 evangelio

126 2622 188 2665 non
212 2605 285 2665 vivit
307 2602 401 2663 homo
423 2603 452 2662 in
475 2605 599 2684 spiritu,
627 2605 694 2664 sine
720 2605 814 2665 missa
834 2611 938 2665 autem
962 2606 1043 2667 vivit

125 2686 157 2747 ln
188 2687 270 2747 omni
299 2685 393 2745 verbo
423 2687 518 2765 enim,
550 2687 634 2765 quod
667 2686 805 2765 procedit
834 2685 873 2747 de
900 2705 956 2748 ore
979 2688 1043 2764 Dei,

124 2771 206 2830 vivet
228 2768 338 2846 bomo,
366 2775 399 2828 ut
426 2769 515 2829 latius
536 2768 642 2830 lohan.
665 2772 693 2833 6.
716 2769 867 2830 Dominus
901 2771 971 2850 ipse
994 2769 1043 2831 do·

126 2860 184 2915 cet.
219 2850 339 2913 Deinde
361 2852 455 2912 missa
475 2851 572 2912 reiicit
594 2871 658 2930 eos,
680 2854 731 2931 qui
752 2855 813 2912 iam
837 2854 962 2914 suntin
982 2872 1044 2914 cor·

125 2954 201 3016 pore
224 2934 347 3010 Christi,
370 2935 562 3014 evangelium
586 2954 670 3012 vero,
691 2933 810 3014 gladius
832 2936 974 3015 spiritus,
997 2937 1043 2996 de·

16 3050 20 3059 ,
125 3025 214 3079 vorat
236 3036 354 3095 carnes,
378 3018 484 3077 dividit
504 3017 684 3096 Behemotb,
711 3017 789 3078 tollit
810 3037 886 3078 vasa
907 3017 995 3080 lortis
1015 3026 1043 3079 et

125 3108 218 3179 auget
239 3119 352 3180 corpus
375 3101 535 3179 ecclesiae,
556 3102 651 3163 missa
666 3100 740 3160 nulli
753 3100 889 3180 prodest,
911 3102 971 3162 nisi
984 3103 1041 3163 iam

125 3185 206 3262 vivo,
229 3183 422 3262 evangelium
444 3202 568 3263 prorsus
591 3183 743 3244 omnibus.

208 3265 294 3327 Unde
315 3269 346 3325 in
368 3266 520 3346 primitiva
542 3265 673 3327 ecclesia
695 3263 948 3345 permittebantur
960 3286 1042 3328 ener-

124 3351 247 3429 gumesi
271 3355 300 3408 et
322 3348 532 3409 catechumeni
554 3368 651 3429 usque
676 3356 748 3428 post
776 3348 972 3428 evangelium
1002 3351 1042 3410 in·

124 3439 251 3509 teresse,
273 3440 303 3492 et
325 3437 388 3492 tum
411 3432 484 3493 loris
506 3431 702 3492 mittebantur
723 3430 762 3492 ab
785 3432 832 3510 iis,
853 3433 906 3511 qui
928 3431 969 3494 de
981 3451 1042 3493 cor·

125 3534 201 3596 pore
223 3516 335 3577 missae
356 3524 459 3590 erant,
496 3520 526 3573 et
553 3533 633 3575 nunc
665 3514 756 3575 etiam
779 3516 960 3595 permittunt
979 3517 1043 3577 iura

124 3599 411 3658 excommunicatos
445 3615 541 3676 usque
567 3604 639 3678 post
668 3597 862 3678 evangelium
896 3598 1042 3662 interesse

125 3718 544 3735 ——fi———o—

197 3776 228 3842 ⁸)
252 3776 263 3827 1
286 3773 348 3829 Cor.
368 3773 393 3830 2.
