2356 4200
108 323 113 327 ·
141 282 183 351 34
381 280 538 356 seponas
556 284 592 342 Il⁴
610 283 819 342 Martnlruthsri
912 351 914 354 Α

138 458 216 517 rimo
238 456 406 517 Aristotele
424 456 500 516 mihi
522 456 672 536 occurris,
695 455 778 535 quod
800 474 861 516 uno
882 455 1060 516 inconveni-

127 541 202 600 enti
229 539 301 601 dato
322 539 411 621 plura
431 539 505 599 mihi
528 541 759 619 contingerent,
782 539 899 599 scilicet
920 556 986 598 non
1007 539 1059 598 mi-

139 642 196 683 nus
219 622 384 685 absurdum
407 640 492 701 esse,
515 621 597 701 quod
620 625 759 683 timorem
782 622 924 682 servilem
945 622 977 680 in
998 621 1059 681 anl-

77 726 81 736 ‘
139 705 247 767 arabus
269 708 376 786 posui,
407 724 500 785 quam
525 707 661 765 caritatis
689 712 898 786 augmentum.
940 703 1061 764 Deinde

125 795 181 872 λιιι,
204 795 296 869 quain
313 809 332 851 o
357 791 446 849 timae
460 796 526 848 tuas
541 789 774 850 convenientias
788 793 969 869 prosecutus
991 799 1060 848 oum

136 871 173 933 B.
189 871 312 934 Thomu
324 810 549 946 dbntrariumlt
563 873 685 950 asseris,
706 871 782 931 uihil
804 871 942 952 allegans
963 869 1057 948 aliud,

138 975 194 1035 pro
225 975 311 1016 more
341 963 410 1034 tuo,
434 956 494 1014 uisi
514 974 596 1016 nova
616 954 787 1032 vocabula,
812 955 959 1033 scilicet,
978 953 1060 1034 quod

126 1029 261 1099 {animae
284 1038 449 1099 secundum
471 1037 623 1098 Thomam
647 1048 718 1097 sunt
737 1040 873 1098 viatores
894 1035 1062 1098 secuudum

123 1121 228 1201 auid,
255 1140 318 1182 non
342 1121 530 1201 simpliciter.
564 1120 654 1195 'Quis
683 1121 761 1181 dixit
791 1121 845 1181 tibi
867 1127 899 1180 et
920 1119 1058 1181 Thomoe

140 1225 209 1265 esse
232 1224 284 1264 eas
307 1206 442 1264 viatores
465 1204 633 1264 secundum
656 1204 744 1283 quid,
777 1224 841 1265 nou
863 1201 1062 1284 simpliciter?

126 1288 187 1346 -Au
209 1287 394 1348 Aristoteles
414 1288 446 1346 iu
468 1287 614 1347 Elenchis
643 1288 730 1347 suis?
764 1289 831 1366 quis
859 1287 1062 1346 temeritatem

141 1374 194 1447 ιιιι
213 1377 246 1430 tu
268 1373 389 1448 vocas)¹
406 1370 461 1430 tibi
481 1372 621 1450 permisit
642 1371 798 1430 scrutandi
821 1371 896 1447 eius,
916 1369 957 1429 ad
980 1367 1062 1448 quod

123 1452 223 1512 tuille
244 1455 379 1534 suppetit
398 1455 489 1513 nobis
502 1457 591 1530 ratio,
612 1454 759 1513 naturalis
780 1454 971 1535 praesertim,
993 1470 1061 1512 cum

139 1554 201 1596 non
224 1535 377 1616 disputes,
406 1535 461 1595 sed
484 1535 634 1596 definias?
677 1537 726 1596 An
749 1537 838 1596 illat
825 1542 878 1595 tua
898 1536 1063 1596 fortissima

137 1621 243 1698 tatio,-
249 1634 310 1699 qua
324 1619 409 1700 dicis,
432 1619 579 1699 Alioquin
601 1620 716 1681 bonum
741 1627 823 1680 esset
844 1618 913 1696 eis,
910 1618 974 1678 diu
996 1637 1063 1678 esse

137 1703 182 1762 iu
199 1704 396 1785 purgatorio,
432 1709 466 1762 ut
497 1703 695 1782 perfectiores
730 1709 762 1762 et
783 1703 1060 1813 ιοιιιιιιιιιιιιιιιιιι

124 1785 325 1847 Ι-ιιιιιιιιιιιι

220 1868 289 1929 Hoc
310 1874 524 1949 argumentum
545 1869 638 1929 creda
659 1888 722 1929 uon
744 1861 838 1949 posse
861 1867 1064 1946 lieri,nrs1a

126 1950 308 2030 -l'ncmista,
320 1957 437 2012 tautum
450 1951 545 2013 habet
532 1952 718 2013 tacuminis
754 1952 832 2012 Nam
851 1970 891 2011 ex
912 1970 950 2011 eo
974 1952 1064 2011 etiam

126 1998 327 2113 sequeretur,
349 2034 465 2095 bonum
488 2053 567 2114 esse,
591 2042 624 2095 ut
612 2035 746 2095 tuullus
769 2040 946 2095 sanctorum
968 2051 1062 2096 more·

138 2125 282 2196 retur,et
303 2125 508 2198 utmartyres
530 2120 679 2198 usquein
702 2118 784 2177 diem
803 2116 907 2177 iudicii
925 2135 1061 2178 carceres

139 2205 171 2261 et
192 2200 322 2297 ungulas
345 2202 539 2279 sustinerent,
562 2204 635 2281 quia
656 2203 682 2260 si
703 2203 814 2261 caritas
835 2207 941 2280 potest
961 2198 1061 2282 augeri

126 2285 170 2342 *in
195 2290 286 2361 statu,
308 2285 339 2344 io
362 2302 424 2362 quo
448 2291 526 2362 sunt,
506 2284 734 2345 tbctnum
687 2284 1061 2361 est,utdiu1nrlloma

124 2373 243 2445 neam,
222 2367 328 2427 thoe
350 2374 405 2444 est,
428 2386 551 2446 semper
572 2369 740 2427 moriantur
761 2385 818 2447 pro
842 2366 980 2447 Christo,
1005 2384 1060 2446 quo

130 2450 266 2529 perfect
258 2469 340 2510 rores
363 2450 504 2510 evadent.
548 2451 658 2510 Haect
645 2457 686 2530 ιιι,
701 2471 719 2508 ιι
722 2449 834 2528 ιιιιιιι,
856 2467 1060 2530 nonaequens

140 2551 253 2592 vocum
274 2534 439 2611 novitates,
461 2533 521 2593 sed
539 2535 670 2614 vestigia
691 2540 877 2594 sanctorum.

223 2616 383 2676 Decimam
406 2623 564 2695 octavam,
593 2617 644 2676 ubi
665 2615 792 2677 videbas
815 2635 865 2676 me
886 2623 994 2696 petere
1015 2635 1059 2676 au·

127 2699 246 2759 *inritat
247 2717 295 2758 em
319 2701 487 2778 scripturae
508 2700 627 2760 velt
579 2720 614 2760 ra
615 2701 723 2777 tionis,
747 2700 809 2760 omi
811 2700 878 2776 ttis,
901 2701 961 2761 nisi
982 2696 1059 2779 quod

139 2783 303 2842 autoritate
329 2789 504 2842 sanctorum
533 2783 703 2864 pluraliter,
725 2783 755 2842 id
778 2789 841 2860 est,
864 2782 895 2842 S
916 2783 1060 2858 Thomas,

140 2864 215 2924 dicis
232 2863 298 2924 lieri
319 2873 481 2945 argument
482 2885 532 2925 um
553 2865 721 2946 probabile
759 2865 906 2926 Concedo
930 2884 1000 2926 esse
1020 2885 1059 2926 ar·

139 2954 330 3045 gementum
340 2948 511 3046 probabile,
530 2950 562 3008 id
583 2956 638 3028 est,
661 2949 784 3009 dubium
809 2955 840 3008 et
860 2948 1059 3024 dialecticum,

140 3031 188 3090 tui
211 3048 273 3091 nou
297 3032 339 3091 sit
357 3034 565 3092 necessarium
588 3033 737 3094 accedere
758 3031 829 3091 lide.
872 3032 913 3091 Et
934 3033 994 3092 hac
1013 3039 1059 3091 ιιιι

138 3113 532 3193 professioneobstrictum
560 3114 634 3198 ιιι)
658 3116 746 3191 volo,
776 3122 817 3192 ut,
846 3116 969 3193 quoties
991 3112 1058 3175 mibi

138 3196 175 3258 D.
193 3195 344 3257 Thomam
366 3197 509 3272 adducis,
544 3201 609 3259 sine
638 3200 796 3278 scriptura,
829 3200 897 3258 sine
918 3197 1059 3279 patribus,

51 3354 54 3360 Ι
139 3280 207 3339 sine
228 3281 378 3360 ecclesia,
407 3282 473 3341 sine
501 3283 620 3342 ratione
642 3282 841 3361 loquentem,
874 3299 995 3342 memor
1015 3281 1058 3353 sis,

139 3367 170 3422 te
192 3363 366 3439 dialectum,
386 3383 449 3423 non
471 3364 651 3445 theologum
674 3384 783 3446 agere,
805 3364 836 3424 id
859 3373 924 3442 est,
954 3364 1057 3444 probu-

139 3444 246 3506 biliat
234 3454 300 3506 ttan
288 3446 448 3507 tummodo
472 3448 603 3528 tradere,
626 3469 689 3509 non
713 3447 881 3509 credibilia.

223 3529 303 3604 Quid
325 3529 421 3610 ergo?
463 3531 532 3591 Hoc
545 3537 637 3610 pacto
650 3533 710 3591 iam
724 3533 851 3592 omuino
864 3532 1056 3591 convenimus

196 3792 225 3864 l)
246 3793 332 3850 ibid:
353 3796 529 3849 contrariam.
567 3795 600 3860 2)
621 3794 652 3846 ln
671 3795 714 3848 ed.
733 3796 820 3863 princ.
840 3793 933 3850 deest:
952 3802 987 3850 te.
