2356 4200
337 275 373 331 rs
390 269 491 330 ursae
509 275 752 346 stangnum.
786 243 789 248 ’
935 269 996 336 201

81 453 113 506 et
132 446 374 508 sacramentalis.
417 445 496 506 Nam
518 442 557 503 de
584 443 792 505 satislaotione
822 442 1001 524 evangelica

82 527 155 588 nihil
175 527 215 591 ad
238 529 411 603 ecclesiam,
434 536 592 606 utsupra.
626 588 628 594 ,

166 610 256 686 Quod
280 612 304 671 si
326 612 393 690 quis
415 610 487 670 mihi
510 608 625 685 obstet,
659 627 769 688 papam
792 627 854 670 non
877 626 1000 688 negare,

83 695 174 755 etiam
200 693 277 754 alias
299 713 418 773 poenas
440 694 588 767 enervari,
611 691 665 751 sed
688 689 819 752 affirmat
842 691 1001 769 duntaxat,

82 797 140 837 uec
162 776 474 855 exclusiveloquitur,
497 773 608 853 dum1)
634 773 721 833 dicit:
736 772 1002 854 -Satislactiopoc

83 860 247 919 nitentialis
270 867 448 936 enervatur,
471 856 660 937 respondeo:
699 856 799 918 Proba
821 875 895 937 ergo
916 854 1002 934 quod

84 951 114 1000 et
136 943 211 1002 alias
233 943 366 1020 relaxat,
395 949 424 1001 et
452 959 513 1001 nnn
542 941 700 1000 exclusive
733 940 891 1018 loquatur,
919 937 1002 1018 quod

84 1045 152 1086 cum
176 1045 237 1086 non
261 1024 378 1100 feceris,
402 1042 460 1103 ego
483 1022 581 1104 probo
600 1022 683 1101 quod
701 1023 856 1082 exclusive
871 1023 1003 1101 loquitur

85 1126 139 1187 per
153 1128 196 1167 c:
221 1107 296 1168 Cum
320 1128 359 1167 ex
382 1126 431 1184 eo,
453 1115 608 1185 utsupra,
631 1103 681 1164 ubi
705 1106 787 1183 dicit,
809 1106 891 1184 quod
913 1124 1005 1184 quae-

84 1198 183 1251 stores
211 1191 475 1270 eleemcsynarum
511 1196 630 1268 praeter
657 1187 703 1265 id,
737 1187 819 1267 quod
849 1189 879 1248 in
911 1188 1005 1249 literis

85 1293 190 1334 eorum
216 1275 404 1351 continetur,
427 1272 499 1332 nihil
522 1272 736 1350 permittantur
756 1289 930 1351 proponere
951 1290 1005 1351 po·

85 1357 168 1436 pulo.
199 1356 257 1416 Sed
281 1356 353 1416 nihil
377 1356 548 1416 continetur
571 1355 600 1413 iu
626 1354 692 1413 ullis
715 1354 808 1414 literis
826 1354 1004 1433 apostolicis

86 1446 207 1519 praeter
225 1440 420 1500 remissiones
434 1437 650 1498 satisfactionis
662 1437 912 1516 sacramentalis,
927 1438 1006 1497 sicut

85 1523 216 1602 ipsemet
238 1521 311 1581 dicit
332 1540 427 1600 papa:
471 1519 644 1580 Satislactio
674 1516 900 1598 poenitentialis
922 1539 1007 1581 ener-

86 1612 174 1665 vatur
195 1625 248 1685 per
270 1604 475 1683 indulgentias
498 1602 677 1662 indiscretus
701 1601 923 1683 etsuperlluas,
944 1603 1007 1663 imo

86 1688 148 1748 hoc
168 1687 262 1748 verbo
283 1686 384 1747 adhuc
405 1685 531 1766 rigidius
553 1705 635 1764 papa
660 1685 865 1766 indulgentias
887 1687 1007 1746 restrin-

87 1772 145 1851 git,
176 1771 292 1850 quiesi
314 1768 487 1848 superfluae
509 1767 716 1848 indulgentiae
738 1769 837 1829 solum
860 1775 1007 1828 enervant

86 1853 324 1914 satisfactionem
347 1851 612 1928 sacramentalem,
635 1869 710 1930 ergo
733 1850 891 1912 modestae
914 1859 944 1912 et
965 1851 1005 1912 le·

87 1936 212 2015 gitimae
248 1955 305 1994 nec
342 1935 439 2014 ipsam
478 1934 717 1994 satisfactionem
756 1933 1004 2014 poenitentialem

88 2027 250 2095 enervent,
284 2017 378 2077 multo
413 2019 512 2077 minus
534 2025 652 2082 ceteras
676 2015 752 2076 ullas
773 2036 901 2096 poenas.
945 2014 1005 2076 Sed

87 2101 166 2162 haec
186 2109 257 2160 sunt
278 2119 340 2160 non
370 2100 429 2160 mei
456 2100 513 2160 lori
546 2109 599 2160 aut
629 2099 843 2178 professionis,
877 2099 1008 2159 viderint

89 2185 281 2246 canonistas.

393 2337 607 2438 Conclusio
631 2376 708 2438 XXI.

175 2506 284 2566 Errant
306 2507 408 2585 itaque
430 2504 686 2584 indulgentiarum
710 2507 910 2566 commissarii
934 2506 953 2564 ii
964 2504 1009 2584 ²),

90 2590 142 2667 qui
171 2589 290 2666 dicunt,
325 2608 380 2668 per·
412 2607 511 2667 papae
545 2586 750 2666 indulgentias
782 2589 936 2649 hominem
970 2586 1009 2649 ab

91 2672 174 2731 omni
197 2691 297 2751 poena
320 2671 397 2731 solvi
421 2678 451 2730 et
472 2670 595 2733 salvari.

277 2753 365 2813 Hanc
387 2754 510 2813 omnino
536 2772 640 2814 assero
663 2751 822 2836 etyprob0.

177 2835 256 2911 Quia
283 2837 390 2896 saltam
420 2836 597 2914 relinquitur
629 2854 731 2915 poena
754 2837 859 2913 tertia,
893 2834 923 2893 id
953 2840 1010 2912 est,

91 2918 280 2997 evangelica,
302 2921 365 2978 irno
389 2927 417 2978 et
441 2919 561 2996 quinta,
585 2926 659 2997 puta
682 2936 764 2978 mors
786 2927 816 2978 et
839 2915 1009 2998 aegritudo,

91 3009 122 3061 et
142 3002 172 3060 in
196 3001 297 3061 multis
321 3001 373 3061 illa
395 3001 530 3060 omnium
547 3001 682 3060 maxima
694 3019 873 3078 poenarum,
894 2999 1012 3060 scilicet

91 3084 199 3143 horror
223 3085 344 3158 mortis,
367 3093 480 3143 tremor
502 3084 724 3154 conscientiae,
748 3083 906 3144 infirmitas
928 3081 999 3144 fidei

92 3166 325 3246 pusillanimitas
350 3167 482 3245 spiritus,
505 3184 581 3243 quas
599 3182 719 3243 poenas
741 3166 765 3225 si
789 3184 949 3246 compares
971 3126 1011 3226 ad

93 3250 235 3311 remissas
259 3269 313 3328 per
334 3249 555 3327 indulgentias,
578 3249 656 3308 sicut
677 3249 701 3307 si
725 3269 788 3308 rem
812 3268 879 3309 cum
904 3248 1012 3309 umbra

94 3351 265 3410 compares,
290 3333 346 3394 erit
368 3331 568 3411 comparatio.
601 3330 660 3393 Sed
684 3350 782 3410 neque
804 3351 891 3393 meus
912 3350 1013 3411 papae

93 3424 158 3490 est,
192 3421 224 3473 ut
247 3423 309 3475 tam
330 3414 438 3474 frivole
462 3421 491 3473 et
513 3415 637 3493 impune
659 3413 846 3493 fabulentur,
877 3423 910 3475 ut
929 3420 1014 3494 patet

95 3519 143 3559 ex.
167 3516 207 3557 c.:
254 3497 330 3558 Cum
351 3516 390 3556 ex
414 3515 461 3559 eo.

179 3578 307 3655 Quodsi
330 3578 478 3640 dixerint:
501 3580 566 3640 Nec
588 3599 644 3640 nos
668 3579 796 3641 dicimus
817 3580 873 3640 has
895 3597 1013 3659 poenas

169 3770 197 3832 t)
220 3768 250 3820 ln
266 3766 309 3821 ed.
328 3767 401 3820 len:
415 3781 492 3817 curn.
531 3764 561 3830 2)
583 3760 665 3815 Ibid:
685 3761 723 3815 ui.
