2356 4200
369 280 421 335 ‘sd
436 280 506 337 Dial.
523 282 555 338 F.
575 283 641 345 Silv.
659 284 825 352 arteriasis-⁴
1020 281 1062 349 33

140 449 220 511 vitae
240 449 360 511 futurae
380 469 473 511 unam
490 451 650 547 guttulam,
673 470 736 513 non
754 454 815 514 ista
830 452 958 521 diceres.
992 453 1062 519 om-

139 531 189 591 nia
210 539 281 591 sunt
270 533 367 601 tillio
389 535 570 630 praeterita,
605 536 709 596 omnis
737 537 930 615 praesentia,
958 537 1063 599 omnia

137 614 245 678 ιιιιιιιιι
292 616 445 694 Breviter,
479 619 551 696 quia
579 617 656 679 hacc
689 625 759 678 sunt
781 620 890 699 ignota
911 619 979 696 tibi,
1001 619 1062 680 hoc

137 697 287 776 estquod
311 698 397 777 dico,
428 701 500 778 quia
521 720 623 779 poena
644 703 814 799 purgatorii
836 709 918 764 cstt
918 703 997 765 imor
1017 702 1061 770 su-

137 782 195 841 turi
216 781 306 861 muli,
329 781 361 841 id
383 790 445 860 est,
468 783 576 845 horror
597 777 813 849 damnationis.
866 784 950 847 Siout
970 803 1063 864 supra

137 863 311 943 exemplum
333 864 403 926 dedi
436 827 480 925 ds
504 866 569 945 his,
599 869 651 946 qui
678 869 711 927 in
739 866 877 1001 periculo
897 873 982 943 sunt
989 885 1061 931 con·

134 949 241 1011 stituti

208 1029 354 1110 Quarto,
388 1031 473 1127 quod
505 1035 531 1092 si
558 1034 641 1094 solus
668 1035 727 1094 iste
754 1023 863 1096 h'orror
883 1035 958 1095 satis
979 1039 1063 1101 essct

136 1130 322 1194 poenarum,
350 1115 461 1194 impius
491 1123 575 1177 esset
596 1117 696 1194 Deus,
724 1118 814 1196 qui1)
845 1117 923 1179 alias
944 1133 1062 1196 poenas

135 1196 295 1261 adderet.

218 1278 373 1358 Obsecro
403 1288 573 1347 creatorem
601 1260 684 1343 tuum
707 1252 877 1347 modestius
896 1283 1061 1378 nominare

138 1364 214 1425 velis
238 1365 351 1430 misera
373 1372 529 1441 creatura,
559 1365 749 1508 numquid?
769 1366 957 1428 idcoDsus
949 1366 1060 1444 impius

134 1453 217 1507 esset
228 1491 237 1523 ,
266 1447 341 1525 quia
365 1466 429 1507 non
457 1447 625 1508 secundum
645 1455 737 1528 caput
758 1457 840 1511 tuum
865 1448 1061 1529 opinionibus

133 1528 331 1591 Thomisticis
351 1528 453 1595 differt
442 1536 504 1591 tum
526 1531 655 1611 ager-te?

217 1613 347 1689 Deinde,
371 1632 430 1673 nec
451 1634 502 1674 me
522 1615 695 1695 intelligis..
713 1614 785 1674 Non
809 1614 873 1677 dixi
894 1584 1058 1694 hancpoc-

133 1712 205 1757 nam
228 1714 298 1755 esse
320 1694 533 1773 sufficientem,
555 1697 586 1756 id
609 1705 665 1775 est,
689 1716 812 1757 omnem
834 1716 925 1777 quam
943 1708 996 1778 pat
997 1699 1055 1771 iun

134 1786 181 1838 tur
203 1780 335 1874 animae,
358 1797 416 1838 nec
437 1778 475 1838 de
497 1780 564 1839 aliis
578 1781 687 1859 poenis
703 1779 864 1859 disputavi.
898 1779 959 1842 Sed
979 1780 1060 1841 hanc

131 1861 232 1922 solam
255 1863 305 1921 aio
328 1861 485 1936 tantam3]
512 1881 589 1941 esse,
613 1871 674 1923 tam
697 1863 928 1940 vehementem,
945 1869 978 1923 ut
992 1863 1060 1924 sola

131 1946 232 2024 possit
265 1946 334 2004 vice
362 1947 530 2024 purgatorii
553 1965 638 2024 esse,
672 1964 742 2006 cum
773 1947 805 2006 in
833 1965 871 2007 ea
897 1947 938 2006 sit
958 1946 1059 2007 omnis

131 2045 252 2107 poena,
284 2028 346 2088 imo
377 2027 495 2108 aliae4)
528 2048 648 2108 poenae
670 2048 809 2089 scorsum
829 2027 906 2088 nihil
925 2035 999 2093 sunt
1019 2027 1059 2089 sd

131 2112 232 2187 istam,
254 2118 287 2171 ut
308 2110 373 2170 dixi
393 2113 424 2170 in
447 2111 715 2174 declarationibus.

213 2193 263 2253 Ad
286 2193 436 2253 decimam
459 2204 576 2254 sextam
599 2195 845 2271 conclusionem,
874 2194 930 2255 ubi*
946 2211 1057 2274 purga·

131 2276 244 2338 lorium
267 2276 330 2336 dixi
353 2277 450 2336 videri
472 2298 569 2357 prope
592 2277 861 2357 desperationem,
895 2285 1058 2337 incontra

130 2368 246 2421 certam
280 2379 367 2438 spem
399 2360 505 2419 salutis
534 2364 564 2421 in
599 2362 807 2441 purgatorium
829 2360 919 2440 ponis
946 2368 977 2421 et
997 2360 1058 2421 hoc

129 2462 191 2503 uon
214 2444 274 2502 nisi
295 2441 378 2502 nuda
398 2443 537 2504 Thomas
559 2447 739 2522 autoritate,
762 2443 846 2523 quod
866 2444 990 2505 remitto
1013 2441 1055 2503 ad

130 2523 363 2586 fundamentum
387 2545 487 2586 meum
509 2528 687 2588 secundum.

214 2608 367 2686 Secundo,
390 2610 589 2671 vehementer
611 2611 726 2688 dubito,
748 2630 789 2671 an
811 2611 900 2686 scias,
924 2609 995 2687 quid
1018 2608 1058 2668 sit

128 2698 214 2753 certa
235 2712 317 2771 spes,
340 2711 409 2751 cum
433 2699 485 2752 tua
504 2694 599 2772 ipsius
621 2695 774 2765 sententis
792 2694 841 2771 sit,
864 2691 945 2771 quod
960 2691 1054 2751 homo

128 2778 237 2852 nescit,
259 2795 299 2835 an
321 2794 427 2835 amore
449 2775 558 2856 dignus
581 2777 677 2851 sit*).

212 2820 327 2937 T’ertio,
349 2859 429 2918 hanc
451 2859 683 2922 conclusionem
705 2879 745 2920 ex
766 2857 947 2939 supradictis
970 2876 1055 2936 aper·

129 2950 192 3003 tsm
213 2942 365 3020 relinquo,
389 2942 472 3020 quod
495 2944 648 3002 morituris
672 2963 689 3002 e
691 2939 853 3021 tpericulo
874 2941 999 3020 pressis,
1023 2941 1055 3000 li·

127 3033 178 3087 cet
200 3025 399 3085 nondumt
360 3026 399 3084 sit
420 3024 601 3104 desperata,
628 3044 727 3105 prope
754 3032 872 3101 tamen,
901 3041 938 3083 ac
970 3012 1055 3099 velut

127 3108 237 3169 similis
260 3116 307 3167 est
327 3107 518 3186 desperatae,
542 3108 635 3188 salus,
659 3108 759 3169 omnis
774 3107 855 3166 enim
873 3108 966 3167 timor
983 3123 1054 3247 pars

126 3190 280 3270 quaedam
303 3198 350 3250 cst
371 3190 607 3286 desperationis

206 3274 257 3334 Ad
280 3274 429 3335 decimam
451 3275 622 3353 septimam,
645 3275 696 3336 ubi
713 3294 752 3333 ex
766 3273 967 3351 consequenti
990 3271 1053 3331 ani-

127 3357 238 3419 mabus
260 3358 366 3436 augeri
388 3359 563 3417 necessario
587 3360 746 3419 caritatem
768 3355 841 3434 dixi,
863 3364 896 3415 tu
915 3342 1054 3433 pulcher
1124 3365 1127 3373 '

182 3636 213 3700 1)
234 3635 263 3687 In
284 3632 411 3686 ed.Jcn.:
432 3633 504 3698 quia.
530 3632 561 3698 2)
583 3634 613 3684 Ιιι
628 3630 709 3684 ibid:
732 3643 882 3696 nunquam.
912 3626 945 3689 3)
967 3623 1049 3679 Ibida

122 3715 242 3760 tantum.
280 3705 311 3774 4)
332 3705 414 3758 ibid:
435 3703 491 3758 alii.

183 3782 214 3846 ἰ
235 3778 339 3833 Ecclcs.
359 3778 383 3834 9.

180 3880 272 3920 Lnthsrl
286 3891 337 3931 opp.
352 3879 378 3922 V.
392 3879 419 3919 A.
434 3878 517 3918 adrat.
531 3876 581 3914 hist.
595 3875 610 3913 ι.
624 3885 646 3924 p.
660 3870 711 3914 Vol.
724 3870 754 3910 11.
823 3868 844 3935 3
