<?xml version="1.0" encoding="UTF-8"?>
<!DOCTYPE html PUBLIC "-//W3C//DTD XHTML 1.0 Transitional//EN"
    "http://www.w3.org/TR/xhtml1/DTD/xhtml1-transitional.dtd">
<html xmlns="http://www.w3.org/1999/xhtml" xml:lang="en" lang="en">
 <head>
  <title>
</title>
<meta http-equiv="Content-Type" content="text/html;charset=utf-8" />
  <meta name='ocr-system' content='tesseract 3.04.00' />
  <meta name='ocr-capabilities' content='ocr_page ocr_carea ocr_par ocr_line ocrx_word'/>
</head>
<body>
  <div class='ocr_page' id='page_1' title='image "./dmartinilutheri01luthgoog_0266.png"; bbox 0 0 2356 4200; ppageno 0'>
   <div class='ocr_carea' id='block_1_1' title="bbox 429 232 1003 320">
    <p class='ocr_par' dir='ltr' id='par_1_1' title="bbox 429 232 1003 320">
     <span class='ocr_line' id='line_1_1' title="bbox 429 232 1003 320; baseline 0.01 -18"><span class='ocrx_word' id='word_1_1' title='bbox 429 250 463 306; x_wconf 76' lang='lat' dir='ltr'>ue</span> <span class='ocrx_word' id='word_1_2' title='bbox 481 246 669 320; x_wconf 60' lang='lat' dir='ltr'>troarcensis.</span> <span class='ocrx_word' id='word_1_3' title='bbox 938 232 1003 315; x_wconf 73' lang='lat'><strong>&#39;¹263</strong></span> 
     </span>
    </p>
   </div>
   <div class='ocr_carea' id='block_1_2' title="bbox 32 401 1021 1985">
    <p class='ocr_par' dir='ltr' id='par_1_2' title="bbox 32 401 1021 1985">
     <span class='ocr_line' id='line_1_2' title="bbox 78 401 1004 500; baseline 0.004 -26"><span class='ocrx_word' id='word_1_4' title='bbox 78 410 187 475; x_wconf 83' lang='lat' dir='ltr'>ristiae</span> <span class='ocrx_word' id='word_1_5' title='bbox 208 408 444 499; x_wconf 64' lang='lat' dir='ltr'>mamertum,</span> <span class='ocrx_word' id='word_1_6' title='bbox 466 425 681 500; x_wconf 69' lang='lat' dir='ltr'>praeterquam</span> <span class='ocrx_word' id='word_1_7' title='bbox 699 416 737 478; x_wconf 73' lang='lat' dir='ltr'>i&#39;u‘</span> <span class='ocrx_word' id='word_1_8' title='bbox 749 416 799 479; x_wconf 88' lang='lat' dir='ltr'>dic</span> <span class='ocrx_word' id='word_1_9' title='bbox 811 401 1004 489; x_wconf 53' lang='lat' dir='ltr'>asciseat</span> 
     </span>
     <span class='ocr_line' id='line_1_3' title="bbox 79 499 1002 581; baseline 0.003 -24"><span class='ocrx_word' id='word_1_10' title='bbox 79 499 113 558; x_wconf 90' lang='lat' dir='ltr'>in</span> <span class='ocrx_word' id='word_1_11' title='bbox 136 499 244 559; x_wconf 84' lang='lat' dir='ltr'>mortis</span> <span class='ocrx_word' id='word_1_12' title='bbox 266 502 405 580; x_wconf 87' lang='lat' dir='ltr'>articulo,</span> <span class='ocrx_word' id='word_1_13' title='bbox 428 503 496 563; x_wconf 91' lang='lat' dir='ltr'>aliis</span> <span class='ocrx_word' id='word_1_14' title='bbox 519 503 590 562; x_wconf 90' lang='lat' dir='ltr'>anni</span> <span class='ocrx_word' id='word_1_15' title='bbox 612 501 801 581; x_wconf 77' lang='lat' dir='ltr'>temporibus</span> <span class='ocrx_word' id='word_1_16' title='bbox 823 500 1002 578; x_wconf 79' lang='lat' dir='ltr'>ministrare,</span> 
     </span>
     <span class='ocr_line' id='line_1_4' title="bbox 79 581 1003 665; baseline 0.001 -24"><span class='ocrx_word' id='word_1_17' title='bbox 79 587 114 641; x_wconf 88' lang='lat' dir='ltr'>et</span> <span class='ocrx_word' id='word_1_18' title='bbox 135 581 251 665; x_wconf 82' lang='lat' dir='ltr'>emissa</span> <span class='ocrx_word' id='word_1_19' title='bbox 270 598 326 664; x_wconf 82' lang='lat' dir='ltr'>per</span> <span class='ocrx_word' id='word_1_20' title='bbox 347 590 378 644; x_wconf 86' lang='lat' dir='ltr'>te</span> <span class='ocrx_word' id='word_1_21' title='bbox 399 592 473 646; x_wconf 89' lang='lat' dir='ltr'>vota</span> <span class='ocrx_word' id='word_1_22' title='bbox 495 592 706 664; x_wconf 84' lang='lat' dir='ltr'>quaecunque,</span> <span class='ocrx_word' id='word_1_23' title='bbox 730 583 937 661; x_wconf 86' lang='lat' dir='ltr'>ultramarino,</span> <span class='ocrx_word' id='word_1_24' title='bbox 959 583 1003 642; x_wconf 83' lang='lat' dir='ltr'>in·</span> 
     </span>
     <span class='ocr_line' id='line_1_5' title="bbox 74 664 1003 747; baseline 0.001 -25"><span class='ocrx_word' id='word_1_25' title='bbox 74 679 209 744; x_wconf 77' lang='lat' dir='ltr'>gressus</span> <span class='ocrx_word' id='word_1_26' title='bbox 228 666 464 747; x_wconf 83' lang='lat' dir='ltr'>religionis,·et</span> <span class='ocrx_word' id='word_1_27' title='bbox 491 667 639 727; x_wconf 87' lang='lat' dir='ltr'>castitatis</span> <span class='ocrx_word' id='word_1_28' title='bbox 670 667 752 727; x_wconf 84' lang='lat' dir='ltr'>rotis·</span> <span class='ocrx_word' id='word_1_29' title='bbox 778 664 927 724; x_wconf 73' lang='lat' dir='ltr'><strong>duntaxat</strong></span> <span class='ocrx_word' id='word_1_30' title='bbox 953 682 1003 724; x_wconf 83' lang='lat' dir='ltr'>ex-</span> 
     </span>
     <span class='ocr_line' id='line_1_6' title="bbox 80 747 1003 826; baseline 0 -20"><span class='ocrx_word' id='word_1_31' title='bbox 80 747 191 825; x_wconf 78' lang='lat' dir='ltr'>ceptis,</span> <span class='ocrx_word' id='word_1_32' title='bbox 213 748 245 808; x_wconf 91' lang='lat' dir='ltr'>in</span> <span class='ocrx_word' id='word_1_33' title='bbox 267 748 428 810; x_wconf 71' lang='lat' dir='ltr'><strong>utilitatem</strong></span> <span class='ocrx_word' id='word_1_34' title='bbox 451 749 552 810; x_wconf 91' lang='lat' dir='ltr'>dictae</span> <span class='ocrx_word' id='word_1_35' title='bbox 573 748 709 810; x_wconf 78' lang='lat' dir='ltr'><strong>fabricae</strong></span> <span class='ocrx_word' id='word_1_36' title='bbox 730 752 919 810; x_wconf 78' lang='lat' dir='ltr'>commutate</span> <span class='ocrx_word' id='word_1_37' title='bbox 933 764 1003 826; x_wconf 78' lang='lat' dir='ltr'>pos</span> 
     </span>
     <span class='ocr_line' id='line_1_7' title="bbox 32 828 1004 911; baseline 0.001 -23"><span class='ocrx_word' id='word_1_38' title='bbox 32 870 35 875; x_wconf 91' lang='lat'>-</span> <span class='ocrx_word' id='word_1_39' title='bbox 80 830 130 889; x_wconf 89' lang='lat' dir='ltr'>sit.</span> <span class='ocrx_word' id='word_1_40' title='bbox 174 828 223 890; x_wconf 78' lang='lat' dir='ltr'>lta</span> <span class='ocrx_word' id='word_1_41' title='bbox 243 837 365 908; x_wconf 86' lang='lat' dir='ltr'>tamen,</span> <span class='ocrx_word' id='word_1_42' title='bbox 394 830 477 911; x_wconf 91' lang='lat' dir='ltr'>quod</span> <span class='ocrx_word' id='word_1_43' title='bbox 508 832 637 892; x_wconf 84' lang='lat' dir='ltr'>durante</span> <span class='ocrx_word' id='word_1_44' title='bbox 666 839 805 911; x_wconf 88' lang='lat' dir='ltr'>tempore</span> <span class='ocrx_word' id='word_1_45' title='bbox 833 830 1004 909; x_wconf 88' lang='lat' dir='ltr'>praesentis</span> 
     </span>
     <span class='ocr_line' id='line_1_8' title="bbox 81 910 1003 995; baseline -0.001 -23"><span class='ocrx_word' id='word_1_46' title='bbox 81 913 312 976; x_wconf 86' lang='lat' dir='ltr'>commissionis</span> <span class='ocrx_word' id='word_1_47' title='bbox 334 921 365 974; x_wconf 89' lang='lat' dir='ltr'>et</span> <span class='ocrx_word' id='word_1_48' title='bbox 381 914 616 995; x_wconf 68' lang='lat' dir='ltr'>publicationis,</span> <span class='ocrx_word' id='word_1_49' title='bbox 646 933 714 974; x_wconf 89' lang='lat' dir='ltr'>cum</span> <span class='ocrx_word' id='word_1_50' title='bbox 744 913 882 993; x_wconf 85' lang='lat' dir='ltr'>praelato</span> <span class='ocrx_word' id='word_1_51' title='bbox 913 910 1003 972; x_wconf 83' lang='lat' dir='ltr'>Com·</span> 
     </span>
     <span class='ocr_line' id='line_1_9' title="bbox 80 995 1006 1077; baseline 0.001 -23"><span class='ocrx_word' id='word_1_52' title='bbox 80 995 235 1076; x_wconf 87' lang='lat' dir='ltr'>missario,</span> <span class='ocrx_word' id='word_1_53' title='bbox 258 997 308 1057; x_wconf 88' lang='lat' dir='ltr'>vel</span> <span class='ocrx_word' id='word_1_54' title='bbox 325 996 541 1077; x_wconf 82' lang='lat' dir='ltr'>Subdeputatis</span> <span class='ocrx_word' id='word_1_55' title='bbox 557 996 595 1057; x_wconf 90' lang='lat' dir='ltr'>ab</span> <span class='ocrx_word' id='word_1_56' title='bbox 609 1016 646 1058; x_wconf 91' lang='lat' dir='ltr'>eo</span> <span class='ocrx_word' id='word_1_57' title='bbox 660 1017 695 1056; x_wconf 95' lang='lat' dir='ltr'>su</span> <span class='ocrx_word' id='word_1_58' title='bbox 719 1015 751 1056; x_wconf 91' lang='lat' dir='ltr'>er</span> <span class='ocrx_word' id='word_1_59' title='bbox 763 995 1006 1057; x_wconf 83' lang='lat' dir='ltr'>commutatione</span> 
     </span>
     <span class='ocr_line' id='line_1_10' title="bbox 80 1016 1021 1159; baseline -0.002 -22"><span class='ocrx_word' id='word_1_60' title='bbox 80 1077 235 1138; x_wconf 82' lang='lat' dir='ltr'>dictcmm</span> <span class='ocrx_word' id='word_1_61' title='bbox 256 1085 396 1140; x_wconf 81' lang='lat' dir='ltr'>votoram</span> <span class='ocrx_word' id='word_1_62' title='bbox 427 1081 459 1139; x_wconf 92' lang='lat' dir='ltr'>in</span> <span class='ocrx_word' id='word_1_63' title='bbox 488 1080 648 1140; x_wconf 82' lang='lat' dir='ltr'>utilitatem</span> <span class='ocrx_word' id='word_1_64' title='bbox 676 1016 776 1139; x_wconf 53' lang='lat' dir='ltr'>dictae</span> <span class='ocrx_word' id='word_1_65' title='bbox 797 1076 930 1138; x_wconf 77' lang='lat' dir='ltr'>fabricae</span> <span class='ocrx_word' id='word_1_66' title='bbox 951 1076 1021 1159; x_wconf 72' lang='lat' dir='ltr'>ilat,¹</span> 
     </span>
     <span class='ocr_line' id='line_1_11' title="bbox 81 1160 1003 1243; baseline -0.001 -22"><span class='ocrx_word' id='word_1_67' title='bbox 81 1162 279 1240; x_wconf 90' lang='lat' dir='ltr'>compositio,</span> <span class='ocrx_word' id='word_1_68' title='bbox 301 1180 444 1231; x_wconf 85' lang='lat' dir='ltr'>necnon</span> <span class='ocrx_word' id='word_1_69' title='bbox 466 1162 538 1238; x_wconf 91' lang='lat' dir='ltr'>tibi,</span> <span class='ocrx_word' id='word_1_70' title='bbox 561 1169 593 1222; x_wconf 91' lang='lat' dir='ltr'>et</span> <span class='ocrx_word' id='word_1_71' title='bbox 614 1162 808 1243; x_wconf 76' lang='lat' dir='ltr'>parentibus,</span> <span class='ocrx_word' id='word_1_72' title='bbox 831 1160 1003 1238; x_wconf 67' lang='lat' dir='ltr'>ceterisque</span> 
     </span>
     <span class='ocr_line' id='line_1_12' title="bbox 80 1242 1004 1324; baseline -0.001 -21"><span class='ocrx_word' id='word_1_73' title='bbox 80 1242 235 1304; x_wconf 76' lang='lat' dir='ltr'>defunctis</span> <span class='ocrx_word' id='word_1_74' title='bbox 259 1244 339 1321; x_wconf 91' lang='lat' dir='ltr'>tuis,</span> <span class='ocrx_word' id='word_1_75' title='bbox 373 1246 424 1324; x_wconf 91' lang='lat' dir='ltr'>qui</span> <span class='ocrx_word' id='word_1_76' title='bbox 457 1246 489 1304; x_wconf 91' lang='lat' dir='ltr'>in</span> <span class='ocrx_word' id='word_1_77' title='bbox 516 1245 691 1305; x_wconf 74' lang='lat' dir='ltr'>sinceritate</span> <span class='ocrx_word' id='word_1_78' title='bbox 718 1242 803 1304; x_wconf 89' lang='lat' dir='ltr'>fidei·</span> <span class='ocrx_word' id='word_1_79' title='bbox 822 1250 853 1305; x_wconf 81' lang='lat' dir='ltr'>et</span> <span class='ocrx_word' id='word_1_80' title='bbox 887 1244 1004 1303; x_wconf 78' lang='lat' dir='ltr'>unitate</span> 
     </span>
     <span class='ocr_line' id='line_1_13' title="bbox 80 1325 1005 1406; baseline -0.002 -21"><span class='ocrx_word' id='word_1_81' title='bbox 80 1332 210 1389; x_wconf 69' lang='lat' dir='ltr'>sanctam</span> <span class='ocrx_word' id='word_1_82' title='bbox 241 1328 346 1387; x_wconf 88' lang='lat' dir='ltr'>matris</span> <span class='ocrx_word' id='word_1_83' title='bbox 376 1326 526 1388; x_wconf 88' lang='lat' dir='ltr'>eeclesiae</span> <span class='ocrx_word' id='word_1_84' title='bbox 555 1327 766 1406; x_wconf 88' lang='lat' dir='ltr'>decesserunt,</span> <span class='ocrx_word' id='word_1_85' title='bbox 799 1325 934 1386; x_wconf 89' lang='lat' dir='ltr'>omnium</span> <span class='ocrx_word' id='word_1_86' title='bbox 972 1329 1005 1384; x_wconf 90' lang='lat' dir='ltr'>ct</span> 
     </span>
     <span class='ocr_line' id='line_1_14' title="bbox 80 1407 1004 1490; baseline 0 -22"><span class='ocrx_word' id='word_1_87' title='bbox 80 1409 271 1490; x_wconf 80' lang='lat' dir='ltr'>singularum</span> <span class='ocrx_word' id='word_1_88' title='bbox 289 1411 465 1490; x_wconf 86' lang='lat' dir='ltr'>missarum,</span> <span class='ocrx_word' id='word_1_89' title='bbox 489 1411 671 1487; x_wconf 85' lang='lat' dir='ltr'>orationum,</span> <span class='ocrx_word' id='word_1_90' title='bbox 694 1408 865 1469; x_wconf 90' lang='lat' dir='ltr'>divinorum</span> <span class='ocrx_word' id='word_1_91' title='bbox 888 1407 1004 1468; x_wconf 81' lang='lat' dir='ltr'>cilicio·</span> 
     </span>
     <span class='ocr_line' id='line_1_15' title="bbox 79 1491 1004 1574; baseline -0.002 -22"><span class='ocrx_word' id='word_1_92' title='bbox 79 1510 167 1566; x_wconf 84' lang='lat' dir='ltr'>rum,</span> <span class='ocrx_word' id='word_1_93' title='bbox 187 1492 385 1572; x_wconf 87' lang='lat' dir='ltr'>ieiuniorum,</span> <span class='ocrx_word' id='word_1_94' title='bbox 408 1492 645 1574; x_wconf 89' lang='lat' dir='ltr'>disciplinarum,</span> <span class='ocrx_word' id='word_1_95' title='bbox 668 1493 903 1570; x_wconf 80' lang='lat' dir='ltr'>elationumque,</span> <span class='ocrx_word' id='word_1_96' title='bbox 925 1491 1004 1551; x_wconf 84' lang='lat' dir='ltr'>elce·</span> 
     </span>
     <span class='ocr_line' id='line_1_16' title="bbox 80 1573 1004 1656; baseline 0 -22"><span class='ocrx_word' id='word_1_97' title='bbox 80 1585 292 1656; x_wconf 70' lang='lat' dir='ltr'><strong>mosynarum,</strong></span> <span class='ocrx_word' id='word_1_98' title='bbox 303 1574 527 1656; x_wconf 81' lang='lat' dir='ltr'>suffragiorum,</span> <span class='ocrx_word' id='word_1_99' title='bbox 550 1576 748 1654; x_wconf 89' lang='lat' dir='ltr'>omniumque</span> <span class='ocrx_word' id='word_1_100' title='bbox 765 1573 893 1634; x_wconf 87' lang='lat' dir='ltr'>aliorum</span> <span class='ocrx_word' id='word_1_101' title='bbox 908 1573 1004 1634; x_wconf 85' lang='lat' dir='ltr'>bono·</span> 
     </span>
     <span class='ocr_line' id='line_1_17' title="bbox 79 1646 1005 1738; baseline -0.002 -20"><span class='ocrx_word' id='word_1_102' title='bbox 79 1676 150 1718; x_wconf 80' lang='lat' dir='ltr'>mm</span> <span class='ocrx_word' id='word_1_103' title='bbox 171 1657 391 1738; x_wconf 78' lang='lat' dir='ltr'>spiritualium,</span> <span class='ocrx_word' id='word_1_104' title='bbox 425 1676 504 1737; x_wconf 90' lang='lat' dir='ltr'>quae</span> <span class='ocrx_word' id='word_1_105' title='bbox 525 1646 602 1719; x_wconf 77' lang='lat' dir='ltr'>dunt</span> <span class='ocrx_word' id='word_1_106' title='bbox 625 1662 656 1718; x_wconf 88' lang='lat' dir='ltr'>e&#39;t</span> <span class='ocrx_word' id='word_1_107' title='bbox 676 1657 752 1718; x_wconf 90' lang='lat' dir='ltr'>flent</span> <span class='ocrx_word' id='word_1_108' title='bbox 773 1657 1005 1737; x_wconf 75' lang='lat' dir='ltr'>inperpetuum</span> 
     </span>
     <span class='ocr_line' id='line_1_18' title="bbox 79 1740 1004 1818; baseline -0.001 -18"><span class='ocrx_word' id='word_1_109' title='bbox 79 1741 112 1800; x_wconf 92' lang='lat' dir='ltr'>in</span> <span class='ocrx_word' id='word_1_110' title='bbox 134 1740 302 1800; x_wconf 80' lang='lat' dir='ltr'>universali</span> <span class='ocrx_word' id='word_1_111' title='bbox 324 1748 523 1802; x_wconf 87' lang='lat' dir='ltr'>sacrosancta</span> <span class='ocrx_word' id='word_1_112' title='bbox 543 1740 694 1802; x_wconf 74' lang='lat' dir='ltr'>militante</span> <span class='ocrx_word' id='word_1_113' title='bbox 706 1740 847 1818; x_wconf 87' lang='lat' dir='ltr'>ecclesia,</span> <span class='ocrx_word' id='word_1_114' title='bbox 870 1744 901 1798; x_wconf 88' lang='lat' dir='ltr'>et</span> <span class='ocrx_word' id='word_1_115' title='bbox 913 1756 1004 1799; x_wconf 86' lang='lat' dir='ltr'>mem-</span> 
     </span>
     <span class='ocr_line' id='line_1_19' title="bbox 80 1821 1005 1904; baseline -0.002 -21"><span class='ocrx_word' id='word_1_116' title='bbox 80 1821 145 1883; x_wconf 88' lang='lat' dir='ltr'>bris</span> <span class='ocrx_word' id='word_1_117' title='bbox 176 1823 242 1884; x_wconf 89' lang='lat' dir='ltr'>sius</span> <span class='ocrx_word' id='word_1_118' title='bbox 267 1824 535 1903; x_wconf 71' lang='lat' dir='ltr'>participationem</span> <span class='ocrx_word' id='word_1_119' title='bbox 563 1825 761 1904; x_wconf 87' lang='lat' dir='ltr'>impartimur.</span> <span class='ocrx_word' id='word_1_120' title='bbox 810 1821 844 1882; x_wconf 91' lang='lat' dir='ltr'>In</span> <span class='ocrx_word' id='word_1_121' title='bbox 875 1838 1005 1900; x_wconf 90' lang='lat' dir='ltr'>quorum</span> 
     </span>
     <span class='ocr_line' id='line_1_20' title="bbox 80 1903 1004 1985; baseline 0 -21"><span class='ocrx_word' id='word_1_122' title='bbox 80 1903 175 1965; x_wconf 86' lang='lat' dir='ltr'>tidem</span> <span class='ocrx_word' id='word_1_123' title='bbox 204 1913 236 1966; x_wconf 90' lang='lat' dir='ltr'>et</span> <span class='ocrx_word' id='word_1_124' title='bbox 264 1906 473 1978; x_wconf 82' lang='lat' dir='ltr'>testimonium</span> <span class='ocrx_word' id='word_1_125' title='bbox 489 1913 492 1917; x_wconf 88' lang='grc'>’</span> <span class='ocrx_word' id='word_1_126' title='bbox 507 1912 687 1985; x_wconf 80' lang='lat' dir='ltr'>praesentes</span> <span class='ocrx_word' id='word_1_127' title='bbox 719 1904 805 1983; x_wconf 88' lang='lat' dir='ltr'>fieri,</span> <span class='ocrx_word' id='word_1_128' title='bbox 842 1910 872 1964; x_wconf 87' lang='lat' dir='ltr'>et</span> <span class='ocrx_word' id='word_1_129' title='bbox 902 1903 1004 1984; x_wconf 82' lang='lat' dir='ltr'>sigilli,</span> 
     </span>
    </p>
   </div>
   <div class='ocr_carea' id='block_1_3' title="bbox 80 1986 1005 2144">
    <p class='ocr_par' dir='ltr' id='par_1_3' title="bbox 80 1986 1005 2144">
     <span class='ocr_line' id='line_1_21' title="bbox 81 1986 1004 2068; baseline 0 -20"><span class='ocrx_word' id='word_1_130' title='bbox 81 1989 197 2067; x_wconf 84' lang='lat' dir='ltr'>quoin</span> <span class='ocrx_word' id='word_1_131' title='bbox 220 1987 332 2049; x_wconf 89' lang='lat' dir='ltr'>talibus</span> <span class='ocrx_word' id='word_1_132' title='bbox 354 1990 493 2067; x_wconf 80' lang='lat' dir='ltr'>utimur,</span> <span class='ocrx_word' id='word_1_133' title='bbox 509 1988 636 2048; x_wconf 84' lang='lat' dir='ltr'>fecimus</span> <span class='ocrx_word' id='word_1_134' title='bbox 666 1987 857 2068; x_wconf 80' lang='lat' dir='ltr'>appensione</span> <span class='ocrx_word' id='word_1_135' title='bbox 884 1986 1004 2048; x_wconf 82' lang='lat' dir='ltr'>muniri.</span> 
     </span>
     <span class='ocr_line' id='line_1_22' title="bbox 80 2068 1005 2144; baseline -0.005 -12"><span class='ocrx_word' id='word_1_136' title='bbox 80 2071 195 2132; x_wconf 87' lang='lat' dir='ltr'>Datum</span> <span class='ocrx_word' id='word_1_137' title='bbox 212 2072 244 2131; x_wconf 91' lang='lat' dir='ltr'>in</span> <span class='ocrx_word' id='word_1_138' title='bbox 260 2071 377 2132; x_wconf 81' lang='lat' dir='ltr'>Worn&#39;n</span> <span class='ocrx_word' id='word_1_139' title='bbox 390 2073 481 2132; x_wconf 88' lang='lat' dir='ltr'>Anno</span> <span class='ocrx_word' id='word_1_140' title='bbox 494 2069 727 2133; x_wconf 80' lang='lat' dir='ltr'>MOGOCCXVI</span> <span class='ocrx_word' id='word_1_141' title='bbox 748 2068 797 2130; x_wconf 89' lang='lat' dir='ltr'>die</span> <span class='ocrx_word' id='word_1_142' title='bbox 819 2070 868 2144; x_wconf 64' lang='lat'>24,</span> <span class='ocrx_word' id='word_1_143' title='bbox 889 2068 1005 2129; x_wconf 78' lang='lat' dir='ltr'>Mensis</span> 
     </span>
    </p>
   </div>
   <div class='ocr_carea' id='block_1_4' title="bbox 80 2151 1004 2298">
    <p class='ocr_par' dir='ltr' id='par_1_4' title="bbox 80 2151 1004 2298">
     <span class='ocr_line' id='line_1_23' title="bbox 80 2151 1004 2298; baseline -0.001 -85"><span class='ocrx_word' id='word_1_144' title='bbox 80 2153 208 2296; x_wconf 61' lang='lat' dir='ltr'>Atpirilis,</span> <span class='ocrx_word' id='word_1_145' title='bbox 231 2152 431 2298; x_wconf 51' lang='lat' dir='ltr'>Pplntiflcatus</span> <span class='ocrx_word' id='word_1_146' title='bbox 454 2154 582 2239; x_wconf 85' lang='lat' dir='ltr'>praefati</span> <span class='ocrx_word' id='word_1_147' title='bbox 605 2153 796 2216; x_wconf 80' lang='lat' dir='ltr'>sanctissimi</span> <span class='ocrx_word' id='word_1_148' title='bbox 808 2151 938 2245; x_wconf 88' lang='lat' dir='ltr'>Domini</span> <span class='ocrx_word' id='word_1_149' title='bbox 950 2169 1004 2212; x_wconf 89' lang='lat' dir='ltr'>no·</span> 
     </span>
     <span class='ocr_line' id='line_1_24' title="bbox 80 2251 607 2298; baseline 0.002 -3"><span class='ocrx_word' id='word_1_150' title='bbox 80 2256 95 2295; x_wconf 92' lang='lat' dir='ltr'>s</span> <span class='ocrx_word' id='word_1_151' title='bbox 157 2255 240 2298; x_wconf 87' lang='lat' dir='ltr'>anno</span> <span class='ocrx_word' id='word_1_152' title='bbox 285 2283 291 2298; x_wconf 93' lang='lat'><strong>.</strong></span> <span class='ocrx_word' id='word_1_153' title='bbox 605 2251 607 2257; x_wconf 78' lang='grc'>’</span> 
     </span>
    </p>
   </div>
   <div class='ocr_carea' id='block_1_5' title="bbox 80 2370 1005 2513">
    <p class='ocr_par' dir='ltr' id='par_1_5' title="bbox 80 2370 1005 2513">
     <span class='ocr_line' id='line_1_25' title="bbox 80 2370 1005 2450; baseline -0.002 -19"><span class='ocrx_word' id='word_1_154' title='bbox 80 2371 220 2431; x_wconf 86' lang='lat' dir='ltr'>Forma</span> <span class='ocrx_word' id='word_1_155' title='bbox 241 2370 523 2432; x_wconf 87' lang='lat' dir='ltr'>Absolutionis</span> <span class='ocrx_word' id='word_1_156' title='bbox 545 2370 1005 2450; x_wconf 80' lang='lat' dir='ltr'>plenariae,-praemissa</span> 
     </span>
     <span class='ocr_line' id='line_1_26' title="bbox 410 2454 680 2513; baseline -0.007 0"><span class='ocrx_word' id='word_1_157' title='bbox 410 2454 680 2513; x_wconf 86' lang='lat' dir='ltr'>confessione:</span> 
     </span>
    </p>
   </div>
   <div class='ocr_carea' id='block_1_6' title="bbox 81 2562 1008 3805">
    <p class='ocr_par' dir='ltr' id='par_1_6' title="bbox 81 2562 1008 3805">
     <span class='ocr_line' id='line_1_27' title="bbox 165 2562 1005 2627; baseline -0.002 -3"><span class='ocrx_word' id='word_1_158' title='bbox 165 2565 345 2626; x_wconf 87' lang='lat' dir='ltr'>Misereatur</span> <span class='ocrx_word' id='word_1_159' title='bbox 360 2566 403 2625; x_wconf 90' lang='lat' dir='ltr'>tui</span> <span class='ocrx_word' id='word_1_160' title='bbox 425 2571 483 2627; x_wconf 90' lang='lat' dir='ltr'>etc.</span> <span class='ocrx_word' id='word_1_161' title='bbox 526 2564 676 2625; x_wconf 85' lang='lat' dir='ltr'>Dominus</span> <span class='ocrx_word' id='word_1_162' title='bbox 693 2571 799 2625; x_wconf 87' lang='lat' dir='ltr'>noster</span> <span class='ocrx_word' id='word_1_163' title='bbox 813 2563 904 2625; x_wconf 88' lang='lat' dir='ltr'>Jesus</span> <span class='ocrx_word' id='word_1_164' title='bbox 922 2562 1005 2623; x_wconf 80' lang='lat' dir='ltr'>Chri-</span> 
     </span>
     <span class='ocr_line' id='line_1_28' title="bbox 81 2642 1003 2728; baseline 0 -22"><span class='ocrx_word' id='word_1_165' title='bbox 81 2654 147 2708; x_wconf 87' lang='lat' dir='ltr'>stus</span> <span class='ocrx_word' id='word_1_166' title='bbox 171 2667 228 2728; x_wconf 88' lang='lat' dir='ltr'>per</span> <span class='ocrx_word' id='word_1_167' title='bbox 256 2650 366 2708; x_wconf 76' lang='lat' dir='ltr'>memte</span> <span class='ocrx_word' id='word_1_168' title='bbox 396 2666 470 2707; x_wconf 85' lang='lat' dir='ltr'>suae</span> <span class='ocrx_word' id='word_1_169' title='bbox 492 2642 704 2707; x_wconf 84' lang='lat' dir='ltr'>sanctissimae</span> <span class='ocrx_word' id='word_1_170' title='bbox 724 2647 879 2725; x_wconf 88' lang='lat' dir='ltr'>passionis</span> <span class='ocrx_word' id='word_1_171' title='bbox 902 2652 931 2706; x_wconf 87' lang='lat' dir='ltr'>te</span> <span class='ocrx_word' id='word_1_172' title='bbox 953 2645 1003 2706; x_wconf 86' lang='lat' dir='ltr'>ab·</span> 
     </span>
     <span class='ocr_line' id='line_1_29' title="bbox 82 2726 1006 2812; baseline -0.003 -21"><span class='ocrx_word' id='word_1_173' title='bbox 82 2731 195 2808; x_wconf 87' lang='lat' dir='ltr'>solvat,</span> <span class='ocrx_word' id='word_1_174' title='bbox 218 2737 250 2790; x_wconf 90' lang='lat' dir='ltr'>et</span> <span class='ocrx_word' id='word_1_175' title='bbox 271 2751 330 2812; x_wconf 86' lang='lat' dir='ltr'>ego</span> <span class='ocrx_word' id='word_1_176' title='bbox 353 2732 517 2791; x_wconf 78' lang='lat' dir='ltr'>autoritate</span> <span class='ocrx_word' id='word_1_177' title='bbox 540 2729 676 2790; x_wconf 89' lang='lat' dir='ltr'>eiusdem</span> <span class='ocrx_word' id='word_1_178' title='bbox 698 2735 729 2789; x_wconf 90' lang='lat' dir='ltr'>et</span> <span class='ocrx_word' id='word_1_179' title='bbox 749 2729 910 2792; x_wconf 82' lang='lat' dir='ltr'>beatorum</span> <span class='ocrx_word' id='word_1_180' title='bbox 924 2726 1006 2788; x_wconf 89' lang='lat' dir='ltr'>Petri</span> 
     </span>
     <span class='ocr_line' id='line_1_30' title="bbox 82 2811 1005 2893; baseline -0.004 -19"><span class='ocrx_word' id='word_1_181' title='bbox 82 2820 115 2874; x_wconf 87' lang='lat' dir='ltr'>et</span> <span class='ocrx_word' id='word_1_182' title='bbox 141 2813 230 2872; x_wconf 88' lang='lat' dir='ltr'>Pauli</span> <span class='ocrx_word' id='word_1_183' title='bbox 261 2813 475 2893; x_wconf 89' lang='lat' dir='ltr'>apostolorum</span> <span class='ocrx_word' id='word_1_184' title='bbox 505 2814 569 2873; x_wconf 89' lang='lat' dir='ltr'>eius</span> <span class='ocrx_word' id='word_1_185' title='bbox 606 2820 637 2873; x_wconf 87' lang='lat' dir='ltr'>et</span> <span class='ocrx_word' id='word_1_186' title='bbox 670 2813 854 2872; x_wconf 81' lang='lat' dir='ltr'>sanctissimi</span> <span class='ocrx_word' id='word_1_187' title='bbox 889 2811 1005 2872; x_wconf 90' lang='lat' dir='ltr'>domini</span> 
     </span>
     <span class='ocr_line' id='line_1_31' title="bbox 82 2884 1005 2977; baseline -0.003 -21"><span class='ocrx_word' id='word_1_188' title='bbox 82 2897 181 2977; x_wconf 80' lang='lat' dir='ltr'>nostri</span> <span class='ocrx_word' id='word_1_189' title='bbox 213 2896 317 2976; x_wconf 89' lang='lat' dir='ltr'>Papae</span> <span class='ocrx_word' id='word_1_190' title='bbox 345 2896 398 2957; x_wconf 90' lang='lat' dir='ltr'>tibi</span> <span class='ocrx_word' id='word_1_191' title='bbox 428 2914 577 2956; x_wconf 89' lang='lat' dir='ltr'>concessa</span> <span class='ocrx_word' id='word_1_192' title='bbox 604 2902 635 2956; x_wconf 90' lang='lat' dir='ltr'>et</span> <span class='ocrx_word' id='word_1_193' title='bbox 661 2897 692 2954; x_wconf 92' lang='lat' dir='ltr'>in</span> <span class='ocrx_word' id='word_1_194' title='bbox 722 2895 781 2954; x_wconf 87' lang='lat' dir='ltr'>hac</span> <span class='ocrx_word' id='word_1_195' title='bbox 808 2900 896 2973; x_wconf 89' lang='lat' dir='ltr'>parte</span> <span class='ocrx_word' id='word_1_196' title='bbox 931 2884 1005 2953; x_wconf 84' lang='lat' dir='ltr'>milri</span> 
     </span>
     <span class='ocr_line' id='line_1_32' title="bbox 83 2976 1005 3058; baseline -0.004 -18"><span class='ocrx_word' id='word_1_197' title='bbox 83 2979 251 3040; x_wconf 89' lang='lat' dir='ltr'>commissa</span> <span class='ocrx_word' id='word_1_198' title='bbox 272 2985 302 3039; x_wconf 89' lang='lat' dir='ltr'>te</span> <span class='ocrx_word' id='word_1_199' title='bbox 323 2979 468 3056; x_wconf 82' lang='lat' dir='ltr'>absolvo,</span> <span class='ocrx_word' id='word_1_200' title='bbox 499 2979 598 3058; x_wconf 85' lang='lat' dir='ltr'>primo</span> <span class='ocrx_word' id='word_1_201' title='bbox 632 2977 671 3039; x_wconf 88' lang='lat' dir='ltr'>ab</span> <span class='ocrx_word' id='word_1_202' title='bbox 701 2976 841 3038; x_wconf 88' lang='lat' dir='ltr'>omnibus</span> <span class='ocrx_word' id='word_1_203' title='bbox 870 2977 1005 3036; x_wconf 85' lang='lat' dir='ltr'>censuris</span> 
     </span>
     <span class='ocr_line' id='line_1_33' title="bbox 83 3058 1006 3142; baseline -0.005 -20"><span class='ocrx_word' id='word_1_204' title='bbox 83 3061 303 3122; x_wconf 86' lang='lat' dir='ltr'>ecclesiasticis</span> <span class='ocrx_word' id='word_1_205' title='bbox 326 3081 381 3142; x_wconf 90' lang='lat' dir='ltr'>per</span> <span class='ocrx_word' id='word_1_206' title='bbox 403 3069 433 3121; x_wconf 90' lang='lat' dir='ltr'>te</span> <span class='ocrx_word' id='word_1_207' title='bbox 462 3060 695 3140; x_wconf 88' lang='lat' dir='ltr'>quomodolibet</span> <span class='ocrx_word' id='word_1_208' title='bbox 720 3061 865 3137; x_wconf 82' lang='lat' dir='ltr'>incursis,</span> <span class='ocrx_word' id='word_1_209' title='bbox 895 3058 1006 3118; x_wconf 88' lang='lat' dir='ltr'>deinde</span> 
     </span>
     <span class='ocr_line' id='line_1_34' title="bbox 83 3142 1006 3227; baseline -0.005 -22"><span class='ocrx_word' id='word_1_210' title='bbox 83 3145 124 3206; x_wconf 89' lang='lat' dir='ltr'>ab</span> <span class='ocrx_word' id='word_1_211' title='bbox 152 3145 294 3205; x_wconf 91' lang='lat' dir='ltr'>omnibus</span> <span class='ocrx_word' id='word_1_212' title='bbox 328 3144 479 3227; x_wconf 87' lang='lat' dir='ltr'>peccatis,</span> <span class='ocrx_word' id='word_1_213' title='bbox 523 3143 643 3204; x_wconf 91' lang='lat' dir='ltr'>delictis</span> <span class='ocrx_word' id='word_1_214' title='bbox 673 3150 704 3203; x_wconf 92' lang='lat' dir='ltr'>et</span> <span class='ocrx_word' id='word_1_215' title='bbox 730 3142 907 3202; x_wconf 85' lang='lat' dir='ltr'>excessibus</span> <span class='ocrx_word' id='word_1_216' title='bbox 946 3142 1006 3201; x_wconf 87' lang='lat' dir='ltr'>tuis</span> 
     </span>
     <span class='ocr_line' id='line_1_35' title="bbox 82 3225 1006 3308; baseline -0.006 -19"><span class='ocrx_word' id='word_1_217' title='bbox 82 3229 233 3289; x_wconf 87' lang='lat' dir='ltr'>hactenus</span> <span class='ocrx_word' id='word_1_218' title='bbox 254 3247 310 3308; x_wconf 88' lang='lat' dir='ltr'>per</span> <span class='ocrx_word' id='word_1_219' title='bbox 336 3233 367 3287; x_wconf 91' lang='lat' dir='ltr'>te</span> <span class='ocrx_word' id='word_1_220' title='bbox 390 3228 561 3287; x_wconf 85' lang='lat' dir='ltr'>commissis</span> <span class='ocrx_word' id='word_1_221' title='bbox 584 3232 852 3306; x_wconf 87' lang='lat' dir='ltr'>quantumcunque</span> <span class='ocrx_word' id='word_1_222' title='bbox 877 3225 1006 3285; x_wconf 87' lang='lat' dir='ltr'>enormi-</span> 
     </span>
     <span class='ocr_line' id='line_1_36' title="bbox 82 3309 1007 3389; baseline -0.006 -17"><span class='ocrx_word' id='word_1_223' title='bbox 82 3309 159 3389; x_wconf 90' lang='lat' dir='ltr'>bus,</span> <span class='ocrx_word' id='word_1_224' title='bbox 188 3311 281 3370; x_wconf 88' lang='lat' dir='ltr'>etiam</span> <span class='ocrx_word' id='word_1_225' title='bbox 303 3310 368 3370; x_wconf 86' lang='lat' dir='ltr'>sedi</span> <span class='ocrx_word' id='word_1_226' title='bbox 391 3310 582 3389; x_wconf 88' lang='lat' dir='ltr'>apostolicae</span> <span class='ocrx_word' id='word_1_227' title='bbox 604 3310 784 3387; x_wconf 87' lang='lat' dir='ltr'>reservatis,</span> <span class='ocrx_word' id='word_1_228' title='bbox 806 3310 836 3368; x_wconf 93' lang='lat' dir='ltr'>in</span> <span class='ocrx_word' id='word_1_229' title='bbox 860 3313 1007 3387; x_wconf 87' lang='lat' dir='ltr'>quantum</span> 
     </span>
     <span class='ocr_line' id='line_1_37' title="bbox 83 3391 1006 3467; baseline -0.005 -12"><span class='ocrx_word' id='word_1_230' title='bbox 83 3394 189 3455; x_wconf 87' lang='lat' dir='ltr'>claves</span> <span class='ocrx_word' id='word_1_231' title='bbox 212 3400 339 3453; x_wconf 88' lang='lat' dir='ltr'>sanctae</span> <span class='ocrx_word' id='word_1_232' title='bbox 360 3394 465 3453; x_wconf 77' lang='lat' dir='ltr'>matris</span> <span class='ocrx_word' id='word_1_233' title='bbox 490 3393 640 3453; x_wconf 90' lang='lat' dir='ltr'>ecclesiae</span> <span class='ocrx_word' id='word_1_234' title='bbox 654 3411 687 3452; x_wconf 88' lang='lat' dir='ltr'>se</span> <span class='ocrx_word' id='word_1_235' title='bbox 703 3391 882 3467; x_wconf 87' lang='lat' dir='ltr'>extendunt,</span> <span class='ocrx_word' id='word_1_236' title='bbox 903 3391 1006 3453; x_wconf 70' lang='lat' dir='ltr'>remit»</span> 
     </span>
     <span class='ocr_line' id='line_1_38' title="bbox 85 3475 1006 3557; baseline -0.003 -20"><span class='ocrx_word' id='word_1_237' title='bbox 85 3476 180 3538; x_wconf 89' lang='lat' dir='ltr'>tendo</span> <span class='ocrx_word' id='word_1_238' title='bbox 205 3476 259 3537; x_wconf 90' lang='lat' dir='ltr'>tibi</span> <span class='ocrx_word' id='word_1_239' title='bbox 279 3496 335 3556; x_wconf 87' lang='lat' dir='ltr'>per</span> <span class='ocrx_word' id='word_1_240' title='bbox 355 3477 525 3557; x_wconf 81' lang='lat' dir='ltr'>plenariam</span> <span class='ocrx_word' id='word_1_241' title='bbox 546 3475 770 3556; x_wconf 86' lang='lat' dir='ltr'>indulgentiam</span> <span class='ocrx_word' id='word_1_242' title='bbox 792 3492 915 3536; x_wconf 88' lang='lat' dir='ltr'>omnem</span> <span class='ocrx_word' id='word_1_243' title='bbox 933 3491 1006 3554; x_wconf 90' lang='lat' dir='ltr'>poc·</span> 
     </span>
     <span class='ocr_line' id='line_1_39' title="bbox 84 3557 1008 3640; baseline -0.004 -20"><span class='ocrx_word' id='word_1_244' title='bbox 84 3579 157 3621; x_wconf 91' lang='lat' dir='ltr'>nam</span> <span class='ocrx_word' id='word_1_245' title='bbox 184 3561 216 3619; x_wconf 92' lang='lat' dir='ltr'>in</span> <span class='ocrx_word' id='word_1_246' title='bbox 237 3560 415 3640; x_wconf 85' lang='lat' dir='ltr'>purgatorio</span> <span class='ocrx_word' id='word_1_247' title='bbox 438 3579 494 3639; x_wconf 87' lang='lat' dir='ltr'>pro</span> <span class='ocrx_word' id='word_1_248' title='bbox 515 3559 691 3638; x_wconf 87' lang='lat' dir='ltr'>praemissis</span> <span class='ocrx_word' id='word_1_249' title='bbox 714 3558 769 3618; x_wconf 91' lang='lat' dir='ltr'>tibi</span> <span class='ocrx_word' id='word_1_250' title='bbox 791 3557 942 3634; x_wconf 84' lang='lat' dir='ltr'>debitam,</span> <span class='ocrx_word' id='word_1_251' title='bbox 976 3562 1008 3616; x_wconf 87' lang='lat' dir='ltr'>et</span> 
     </span>
     <span class='ocr_line' id='line_1_40' title="bbox 82 3639 1008 3706; baseline -0.005 -1"><span class='ocrx_word' id='word_1_252' title='bbox 82 3645 212 3706; x_wconf 89' lang='lat' dir='ltr'>restituo</span> <span class='ocrx_word' id='word_1_253' title='bbox 246 3651 277 3703; x_wconf 89' lang='lat' dir='ltr'>te</span> <span class='ocrx_word' id='word_1_254' title='bbox 308 3643 421 3703; x_wconf 88' lang='lat' dir='ltr'>sanetis</span> <span class='ocrx_word' id='word_1_255' title='bbox 449 3642 646 3702; x_wconf 87' lang='lat' dir='ltr'>sacramentis</span> <span class='ocrx_word' id='word_1_256' title='bbox 676 3640 826 3701; x_wconf 89' lang='lat' dir='ltr'>ecclesiae</span> <span class='ocrx_word' id='word_1_257' title='bbox 848 3646 879 3701; x_wconf 90' lang='lat' dir='ltr'>et</span> <span class='ocrx_word' id='word_1_258' title='bbox 900 3639 1008 3700; x_wconf 86' lang='lat' dir='ltr'>unitati</span> 
     </span>
     <span class='ocr_line' id='line_1_41' title="bbox 82 3724 1007 3805; baseline -0.006 -17"><span class='ocrx_word' id='word_1_259' title='bbox 82 3727 221 3789; x_wconf 86' lang='lat' dir='ltr'>fidelium</span> <span class='ocrx_word' id='word_1_260' title='bbox 255 3736 292 3787; x_wconf 88' lang='lat' dir='ltr'>ac</span> <span class='ocrx_word' id='word_1_261' title='bbox 323 3727 519 3790; x_wconf 86' lang='lat' dir='ltr'>innocentiae</span> <span class='ocrx_word' id='word_1_262' title='bbox 547 3731 578 3785; x_wconf 90' lang='lat' dir='ltr'>et</span> <span class='ocrx_word' id='word_1_263' title='bbox 603 3724 743 3805; x_wconf 87' lang='lat' dir='ltr'>puritati,</span> <span class='ocrx_word' id='word_1_264' title='bbox 780 3724 811 3783; x_wconf 92' lang='lat' dir='ltr'>in</span> <span class='ocrx_word' id='word_1_265' title='bbox 848 3740 908 3802; x_wconf 89' lang='lat' dir='ltr'>qua</span> <span class='ocrx_word' id='word_1_266' title='bbox 929 3741 1007 3802; x_wconf 87' lang='lat' dir='ltr'>eras,</span> 
     </span>
    </p>
   </div>
   <div class='ocr_carea' id='block_1_7' title="bbox 0 0 1187 4200">
    <p class='ocr_par' dir='ltr' id='par_1_7' title="bbox 0 0 1187 4200">
     <span class='ocr_line' id='line_1_42' title="bbox 0 0 1187 4200; baseline 0 0"><span class='ocrx_word' id='word_1_267' title='bbox 0 0 1187 4200; x_wconf 95' lang='lat' dir='ltr'> </span> 
     </span>
    </p>
   </div>
  </div>
 </body>
</html>
