2356 4200
194 275 324 347 Epiruma
337 279 538 349 Responsionis
552 279 762 349 osroenae
775 281 992 339 auhuman.
1014 260 1059 351 33'
1135 248 1138 255 ¹

212 447 253 509 Et
273 450 314 515 4.’
325 447 408 530 quod
430 449 498 530 ipsa
518 449 549 510 in
565 447 672 515 ordine
687 451 933 531 monarchiarum
950 451 1055 515 mundi

129 539 179 593 est
201 531 322 611 quinta,
345 538 375 591 et
389 529 436 605 ‚ibi
459 532 550 593 etiam
573 531 784 607 secandune)
810 534 929 597 divinas
943 534 1055 615 literas,

131 614 169 673 dc
193 622 323 692 quatuor
345 615 470 674 terrenis
493 615 678 677 monarchiis
705 618 920 698 Assyriorum,
948 616 1056 695 Perua·

128 717 196 759 rum
219 695 451 777 Medorumque,
474 696 663 761 Graecorum
686 717 724 760 co
744 699 964 767 Romanorum.

138 846 141 851 ⁴
214 778 253 839 Et
280 783 308 844 5.
342 779 424 859 quod
452 781 520 861 ipsc
547 787 594 840 est
626 782 761 843 omniurn
799 782 1055 861 monarchiarum,
1170 838 1173 843 .

130 881 210 944 quae
231 861 325 941 luere,
346 864 619 943 praestantissima.

213 942 290 1027 Cap.
311 948 341 1025 3.
364 944 455 1021 Quod
476 947 508 1005 in
531 945 742 1013 ecclesiastica
764 949 935 1013 hierarchia
956 967 1055 1011 roma·

129 1048 187 1110 uus
200 1026 325 1089 Praesul
341 1029 380 1088 sit
395 1027 555 1091 hierarcha
570 1031 695 1110 primus,
713 1031 937 1113 condignitate
951 1031 1055 1115 modo,

129 1131 236 1173 verum
259 1113 349 1173 etiem
373 1118 403 1172 ct
424 1112 643 1175 iurisdictione.

212 1193 253 1255 Et
272 1193 314 1255 ibi
338 1199 363 1257 1.
386 1195 519 1255 relicitur
541 1215 625 1256 error
646 1194 822 1276 dicentium,
845 1197 927 1277 quod
951 1197 985 1265 B.
1000 1197 1054 1259 Pe-

129 1285 193 1338 trus
215 1276 345 1338 Romam
369 1296 431 1337 non
454 1278 570 1338 viderit.

211 1360 252 1419 ut
273 1362 303 1423 2.
327 1360 553 1440 describiturf),
578 1362 645 1440 quis
666 1381 722 1442 per
743 1381 905 1426 romanum
927 1361 1055 1425 Praesu-

130 1442 191 1504 lem
213 1443 408 1522 intelligatur,
431 1445 502 1523 quia
522 1444 548 1503 is
571 1450 626 1522 est,
650 1445 701 1523 qul
723 1452 770 1507 est
786 1443 896 1506 Christi
912 1446 1054 1524 vicarius,

130 1534 161 1587 et
183 1544 345 1586 successor
355 1526 446 1604 Petri,
468 1524 837 1608 ubicunquapraesideat,
860 1527 1053 1608 Antiochiae,

128 1616 162 1670 ut
183 1608 267 1688 olim,
289 1608 338 1668 vel
354 1608 481 1686 Romae,
503 1619 536 1670 ut
559 1608 651 1670 modo
675 1609 724 1670 vel
746 1608 818 1671 elibl
832 1610 900 1673 Deo
922 1611 1053 1672 volente.

212 1693 251 1752 Et
280 1693 308 1755 3.
338 1691 421 1770 quod
450 1692 569 1753 Christo
599 1695 720 1754 vivente
749 1693 783 1755 B.
810 1692 917 1754 Petrus
947 1692 985 1754 ob
1015 1712 1053 1754 eo

127 1775 219 1836 fuerit
240 1776 451 1854 apostolorum
473 1777 589 1856 primus
610 1777 776 1838 institutus.

210 1856 250 1918 Et
275 1858 305 1919 4.
335 1857 417 1938 quod
445 1859 546 1935 istae)
575 1859 713 1938 primitas
735 1858 876 1919 nonfuit
896 1858 1053 1938 dignitatis

123 1940 352 2020 tautummodo,
374 1960 478 2007 verum
495 1943 585 2002 etiem
600 1941 816 2004 iurisdictionis
840 1947 869 2004 et
881 1941 1054 2021 potestatis.

210 2024 254 2084 Et
275 2027 304 2087 5.
326 2022 533 2104 probabiliter,
556 2023 638 2104 quod
661 2024 745 2085 solus
767 2024 874 2099 Petrus
897 2023 1053 2091 aOhristo

127 2114 176 2169 cst
197 2107 350 2171 institutus
373 2108 538 2189 episcopus
561 2107 772 2187 personaliter,
794 2107 845 2169 clii
867 2124 942 2169 vero
965 2125 985 2166 a
999 2106 1054 2167 Pc-

129 2187 219 2266 truh)
246 2189 373 2251 instituti
395 2197 474 2252 sunt.

213 2272 252 2333 ut
273 2273 301 2335 6.
325 2272 407 2350 quod
428 2273 709 2356 romanusPraesul
730 2275 770 2335 sit
790 2272 950 2335 hierarcha
972 2291 1053 2331 sum·

128 2375 206 2428 mus,
229 2374 352 2416 omnem
369 2357 608 2417 ecclesiasticam
622 2352 814 2436 hypostasim
832 2354 887 2415 sub
899 2352 1048 2437 ditionei)

127 2458 186 2498 sua
208 2439 378 2502 continens,

135 2536 140 2547 ·
211 2520 251 2582 Et
271 2523 301 2585 7.
324 2521 404 2599 quod
427 2540 572 2582 romanus
586 2521 711 2582 Praesul
725 2517 923 2602 institutnsk)
938 2527 1054 2619 ,pastor

127 2611 159 2665 et
181 2605 345 2747 episgopus
374 2605 547 2669 catholicae
575 2610 606 2665 et
627 2604 819 2689 apostolicae
842 2603 992 2665 ecclcsiae
1014 2603 1053 2663 sit

121 2702 241 2749 'censen
266 2706 310 2751 ue.
1033 2702 1036 2706 “

211 2769 287 2850 (lap.
309 2770 339 2831 l.
363 2768 452 2845 Quod
473 2788 619 2830 romanus
641 2768 766 2830 Praesul
787 2769 817 2828 in
843 2768 1053 2837 ecclesiastica

125 2853 299 2914 hierarchia
326 2853 365 2912 sit
391 2872 527 2913 summus
554 2849 747 2929 hierarchal)
783 2849 925 2931 capitalis
955 2850 1051 2935 orbis,

127 2943 236 2997 contra
264 2935 486 3014 adversarium,
521 2936 574 3014 qui
598 2953 711 3015 papam
739 2941 834 3012 negat
864 2951 933 2994 ease
955 2933 1052 2994 eccle·

125 3021 205 3081 siam
227 3019 403 3097 virtualiter,
427 3018 509 3097 quod
532 3019 641 3098 capitis
662 3018 820 3098 proprium
845 3021 901 3077 est.

181 3341 212 3407 e)
232 3340 264 3394 Id
283 3347 326 3395 est
338 3342 524 3411 Silvestrinas,
544 3345 591 3411 qui
615 3347 657 3397 est
676 3343 753 3399 Deus
779 3359 887 3396 recens.
928 3343 954 3406 t)
975 3341 1051 3396 Anti·

125 3413 245 3469 christus
271 3414 353 3469 etiam
378 3417 430 3468 erit
453 3416 571 3468 vicarius
597 3414 697 3469 Christi
723 3420 751 3468 et
775 3414 831 3469 Dei.
874 3414 909 3483 g)
935 3414 1051 3471 Dicente

125 3483 249 3549 Christo,
270 3486 318 3553 qui
337 3487 396 3538 vult
415 3502 476 3539 ease
496 3489 598 3553 maior,
630 3489 666 3539 sit
684 3487 785 3540 minor.
821 3484 856 3555 h)
877 3487 989 3541 Praeter
1006 3486 1051 3541 Ju-

111 3555 190 3613 ‘dem
211 3556 364 3610 lecherioth
383 3558 569 3622 etllatthiam,
590 3557 624 3611 de
642 3556 831 3626 quibusActo.
851 3557 874 3610 l.
892 3556 1004 3612 dicitur:
1024 3564 1052 3610 at

124 3629 316 3699 episcopatum
335 3630 393 3683 eius
413 3631 530 3698 accipiat
548 3629 624 3682 alter.
670 3627 695 3696 i)
724 3629 800 3682 Sicut
817 3624 891 3683 hlero
911 3635 940 3683 et
957 3629 1051 3683 Domi·

124 3701 225 3755 tionus.
263 3699 297 3763 k)
321 3699 366 3751 Ad
395 3700 595 3770 deposcendum
616 3705 643 3753 et
661 3699 841 3768 perdendum.
877 3698 903 3768 l)
923 3701 987 3759 Non
1005 3716 1050 3769 pc·

123 3770 197 3825 dalis
216 3787 267 3823 nec
286 3771 422 3826 cubitalis.
891 3794 895 3837 ;

791 3873 840 3945 ὃ*
