2356 4200
459 297 485 335 m
505 281 575 340 rt18
592 280 704 338 Μ·
975 278 1046 347 215²

111 451 429 531 revereripstnpere,
457 456 490 512 et
510 452 629 528 mirari,
652 449 804 511 meditans
827 451 877 511 vel
899 450 1041 533 andium

112 539 177 595 tam
198 532 321 594 foedam
338 533 464 597 Domini
486 535 532 595 mi
553 553 611 614 pro
627 552 661 594 se
676 534 820 613 patientis
836 534 1044 615 ignominium

111 623 145 677 et
165 617 426 678 cruentationem:
463 615 546 696 quod
574 617 610 677 si»
627 626 691 677 non
721 622 825 695 stupet
845 624 877 677 et
896 617 1043 697 liqueaolt

110 699 290 762 medullitus
324 700 355 760 in
390 700 483 761 tentis
519 700 595 761 tanti
622 700 702 781 ignis
730 700 940 777 irritamentis,
973 702 1043 763 ine

111 783 253 860 osurinis,
274 783 417 863 graviter·
429 789 512 844 uerte
534 782 628 845 debet
643 784 751 843 timere
772 788 803 843 et
815 783 932 862 dolere,
944 783 1043 864 numi·

110 872 175 928 tarn
198 865 307 926 durum
327 874 360 926 et
372 867 562 926 insensatum
583 872 690 946 peetus
703 865 798 926 habet
814 865 854 926 sd
868 873 1043 946 stuporem·

112 947 204 1024 Quod
226 950 251 1008 si
273 967 337 1009 non
359 949 447 1009 timet
467 955 521 1009 aut
534 948 637 1027 ‚dolet
659 948 766 1009 doleat
777 949 900 1025 saltem,
920 968 955 1010 se
973 968 1036 1011 nnn

112 1032 221 1094 dolere
241 1050 344 1110 neque
367 1033 484 1109 timere,
507 1031 635 1092 multum
655 1051 755 1112 prona
776 1033 857 1092 enirn
875 1038 946 1093 sunt
959 1031 1037 1094 liaeo

111 1116 215 1198 signa,
243 1120 396 1176 mortuam
424 1133 494 1175 esse
521 1115 656 1175 animam
684 1121 716 1175 et
743 1113 865 1176 Christo
897 1124 1037 1194 raanan,

111 1205 143 1260 et
166 1218 186 1259 a
206 1197 333 1259 diabolo
355 1216 543 1278 possessam,
564 1216 634 1258 nam
657 1198 688 1257 in
711 1215 772 1276 quo
793 1197 931 1258 Christus
953 1197 1043 1261 habi-v
1092 1240 1096 1247 -

111 1287 166 1357 tat,
189 1279 347 1360 quomodo
371 1285 476 1360 potest
497 1281 566 1360 ipso
588 1281 730 1361 plorante
750 1298 813 1342 non
831 1281 1054 1361 sumptorum-¹

109 1367 179 1445 ipso
213 1362 341 1425 dolente
371 1382 434 1425 non
468 1363 651 1440 condolere,
684 1365 753 1442 ipso
786 1370 937 1425 tremente
972 1381 1035 1426 non

110 1440 321 1523 aontiemers,
342 1447 412 1526 ipso
434 1447 571 1526 patiente
593 1464 655 1507 non
678 1446 833 1526 compati?
863 1466 957 1527 quum
975 1447 1036 1528 spi·

109 1530 229 1592 ritualia
260 1529 356 1591 horno
388 1528 523 1610 gaudeat
564 1547 633 1589 oum
665 1528 869 1610 gaudentibus
900 1536 933 1590 et
963 1528 1038 1592 fleat

110 1633 179 1674 eum
203 1611 366 1690 flentibus,
385 1613 525 1692 capiatur
547 1631 616 1672 oum
639 1613 746 1692 captis,
769 1612 946 1674 vulneretur
966 1630 1041 1675 oum·

110 1696 290 1773 vulneratis,
311 1696 444 1776 patiatur
465 1714 535 1756 oum
557 1693 754 1776 patientibus,
778 1701 809 1755 et
825 1697 952 1756 omnino
972 1715 1036 1776 aare

21 1842 24 1847 .
109 1781 195 1839 nium
224 1778 381 1839 hominum
410 1777 538 1839 effeetus
571 1785 602 1839 et
629 1796 718 1838 nasus
746 1782 819 1838 snos'
847 1778 939 1839 laniat
963 1797 1036 1839 aum

107 1862 220 1923 affeetu
255 1859 479 1941 compatiendi,
520 1868 552 1921 et
588 1859 769 1940 discipulus,
813 1879 904 1940 quem
936 1860 1036 1942 diligit

107 1946 214 2023 lesus,
243 1943 294 2005 uhi
322 1942 415 2005 debet
442 1951 525 2005 stare
553 1945 648 2005 etiam
668 1944 769 2023 ,iuxta
794 1960 916 2004 ornnem
948 1943 1034 2007 lesu.

107 2029 183 2090 Ideo
216 2028 267 2107 qui
296 2028 361 2087 vult
387 2027 544 2088 frontuose
571 2028 748 2107 passionem
777 2025 890 2087 Christi
919 2026 1036 2106 audire,

108 2110 267 2188 meditari,
288 2110 425 2191 legere,
463 2116 587 2189 oportet
621 2128 691 2170 eum
728 2107 855 2170 induere
888 2107 1033 2170 affectum

108 2195 180 2255 talis
203 2193 443 2272 compassionis,
476 2210 513 2252 ao
542 2193 567 2252 si
595 2194 729 2253 sociatus
757 2191 877 2252 Christo
905 2192 936 2251 in
966 2211 1034 2272 pae-

109 2280 200 2338 sione
222 2275 368 2355 quioquid·
389 2275 474 2336 audit
495 2275 647 2336 Christum
670 2276 829 2351 sustinere,
853 2292 1033 2354 aequoque

109 2352 284 2440 fingat'vel
316 2364 404 2438 putet
430 2360 581 2419 sustinere
607 2360 694 2418 iuxta
722 2377 806 2436 enm,
835 2365 868 2417 ut
896 2359 921 2416 si
950 2356 1034 2419 Chri·
1078 2420 1079 2425 ,

110 2449 191 2504 stum
219 2441 305 2501 audit
330 2441 429 2521 alapis
458 2441 560 2519 oaedi,
595 2441 723 2501 vinculis
753 2440 853 2521 ligari,
888 2460 922 2500 se
950 2459 1034 2521 pone

110 2546 180 2587 eum
214 2524 481 2605 alapis-similiter
516 2524 602 2584 oaedi
638 2530 669 2583 et
699 2523 828 2583 vinculis
865 2524 969 2604 ligari:
1003 2530 1045 2597 et·

110 2606 238 2689 quando
260 2607 317 2668 sibi
345 2607 496 2668 videbitur
526 2607 650 2685 dolere,
678 2608 721 2666 ita
752 2605 1035 2689 incomparabiliter

110 2692 211 2772 magis
238 2689 348 2752 eredat
378 2698 409 2750 et
438 2691 516 2750 sciat
534 2689 685 2751 Christum
715 2689 746 2748 in
776 2689 885 2749 eodem
915 2686 1034 2768 dolore,

111 2783 199 2835 etse
222 2771 344 2854 quidem
367 2774 457 2850 iuste,
481 2772 634 2833 Christum
657 2779 759 2832 autem
776 2786 833 2852 pro
856 2791 890 2831 se
913 2777 944 2832 et
966 2771 1034 2834 aliis

110 2857 295 2918 hominibus.
328 2855 417 2916 Hane
439 2856 687 2936 compassionem
711 2855 826 2933 optime
848 2855 935 2931 novit
954 2853 1034 2915 latro

111 2944 144 3001 in
168 2958 267 3000 ornae.
302 2939 422 3000 Deinde
446 2938 544 2998 diseat
566 2939 610 2999 sio
623 2938 831 3019 cognitionem
850 2956 889 2997 ex
902 2934 1035 3013 Christo,

113 3030 148 3084 ut
176 3023 275 3102 magis
305 3021 416 3101 ploret.
459 3021 536 3081 Nam
561 3021 697 3081 Christus
725 3020 869 3100 quoniam
899 3024 1034 3081 nostram

112 3107 212 3188 gessit
238 3106 269 3165 in
297 3106 458 3184 passione,
485 3104 555 3164 ideo
587 3110 723 3165 nostrum
753 3109 814 3176 est,
847 3101 930 3182 quod
958 3100 1036 3177 tales

113 3191 210 3250 simus
232 3206 289 3248 nos
312 3206 414 3248 eoram
437 3188 520 3261 Deo,
555 3186 653 3266 qualis
680 3188 747 3267 ipse
768 3185 865 3246 voluit
886 3190 1037 3265 apparere

113 3291 171 3352 pro
201 3270 290 3332 nobis
320 3290 423 3331 eoram
456 3269 638 3332 hominibus.
687 3269 737 3330 Sin
763 3270 829 3348 ipse
856 3273 983 3329 testatur
1003 3267 1034 3327 in

115 3352 313 3434 apocalypsi:
357 3353 397 3413 Et
424 3353 573 3433 plangent
595 3373 630 3412 se
651 3371 743 3432 super
764 3370 833 3412 enm
857 3351 1036 3412 omnes'tri-

114 3439 172 3498 bus
195 3442 303 3497 terrae.
347 3436 498 3516 Plangere
519 3436 622 3514 itaque
643 3441 781 3495 nostrum
798 3440 902 3511 esset,
930 3433 1037 3514 plangi

117 3527 242 3601 oportet
263 3538 354 3598 super
375 3517 543 3595 Christum,
566 3520 645 3580 siout
671 3519 740 3598 ipse
761 3536 853 3597 super
874 3535 931 3577 nos
952 3515 1037 3596 plan:

115 3606 163 3664 xit
184 3621 271 3678 unus,
294 3608 325 3662 et
338 3610 473 3663 nostrum
493 3609 540 3662 est
554 3620 661 3662 omnes
683 3599 840 3681 plangere,
863 3618 955 3659 unum
979 3617 1035 3678 pro

118 3686 273 3764 omnibus,
296 3691 327 3745 et
349 3704 456 3745 omnes
477 3704 534 3765 pro
556 3704 629 3762 nno,
652 3685 717 3744 sive
737 3683 799 3744 hoo
819 3681 873 3744 liat
882 3684 913 3743 in
926 3682 1038 3759 futuro,

119 3771 237 3831 sivein
260 3770 433 3848 praesenti„
467 3768 555 3829 Beati
582 3768 633 3847 qui
659 3766 764 3848 lugent
784 3771 817 3827 st
835 3764 986 3846 plangunt
1005 3763 1039 3823 in
