2356 4200
47 341 49 346 .
123 267 164 343 38
474 267 703 343 Sarnabutheri

128 444 278 511 sentimas
299 441 446 523 quotidie.
488 441 600 515 Nonne
628 448 660 502 et
687 440 737 505 hia
757 438 933 509 invenimus
956 435 1048 519 pluri·

127 546 205 607 rans,
228 527 281 607 qui
292 526 362 607 pius
374 525 548 605 observent,
571 544 704 606 quonam
719 520 812 600 modo
823 521 896 584 lotis
907 519 1047 602 manibus
1090 560 1094 567 f

126 609 292 689 celebrent,
314 608 417 671 nitidis
441 610 629 673 ornamentis
651 608 829 685 induantur,
858 605 944 690 puris
964 604 1047 674 vasio

126 701 158 757 et
177 694 287 774 pannis
311 691 451 771 offerant,
473 691 609 773 syllabas
623 693 795 754 orationum
817 709 881 750 non
894 688 1049 766 omittant,

126 797 220 858 quarn
247 776 404 855 quomodo
427 774 645 856 cupiditatibus
664 774 761 844 velint
782 775 942 850 resistere,
974 792 1048 856 quo·

127 859 221 931 modo
249 859 408 925 libidinem
438 859 649 941 exstinguere,
677 861 835 927 avaritiam
859 859 1049 939 opprimere,

127 943 325 1008 ambitionem
360 942 481 1004 calcare
509 949 579 1022 ete,
612 945 717 1013 omnia
752 963 846 1026 agere
878 948 1049 1023 praeterea,

128 1045 207 1108 quae
235 1025 368 1106 adrem
388 1026 514 1106 proprie
541 1027 717 1106 pertinent?
750 1027 781 1090 S.
801 1027 939 1096 Joannca
960 1025 1049 1091 dicit:

128 1109 255 1175 Omne,
279 1107 382 1191 quod
402 1115 531 1173 natum
556 1115 616 1171 est
638 1130 683 1171 ex
703 1112 783 1176 Deo
799 1110 931 1185 ,vincit
952 1129 1050 1179 mun·

129 1190 228 1273 dgurp,
256 1191 413 1254 evidenter
440 1191 597 1271 indicans,
626 1194 742 1263 bellum
769 1193 860 1257 nobis
889 1212 1050 1265 essedum

128 1276 260 1356 inundo,
292 1282 370 1339 eta
396 1275 486 1337 nobis
509 1277 709 1343 vincendum.
751 1279 795 1343 Aa
820 1297 879 1340 nos
910 1276 1049 1348 nennio

130 1359 176 1427 de
207 1359 344 1440 quibus
376 1360 492 1440 nugis
530 1361 825 1441 consultamus,
858 1361 939 1423 serio
972 1360 1052 1423 haee

126 1461 200 1520 ,raro
222 1445 254 1504 in
276 1448 412 1508 mentem
437 1444 566 1509 veniunt
585 1449 625 1520 r),
668 1445 802 1519 Proinde
828 1444 957 1510 aiterum
987 1440 1051 1525 0ffi7
1091 1498 1094 1506 ,

130 1527 211 1597 oium
231 1526 344 1589 huius
361 1524 509 1606 Synodi
530 1528 773 1592 venerabilis
797 1533 854 1606 est,
876 1533 910 1591 ut
921 1528 953 1597 in
966 1526 1050 1590 clara

130 1629 193 1675 non
214 1612 301 1687 tanta
322 1628 395 1671 cura
416 1613 575 1690 statuatur,
598 1611 671 1691 quid
692 1609 869 1693 legendum,
891 1609 1051 1688 orandum,

132 1712 193 1773 qua
214 1693 264 1756 die
288 1711 367 1772 quae
388 1693 468 1755 festo
488 1694 625 1775 egendo,
648 1693 762 1775 ‘quibus
783 1694 897 1774 ubique
923 1694 1051 1765 carino·

131 1776 367 1854 miserendum,
390 1795 483 1855 quam
503 1777 716 1858 provideatur,
739 1783 773 1840 ut
794 1778 857 1839 sint
874 1777 1000 1858 regulae
1022 1781 1054 1837 et

128 1865 256 1939 statuta,
278 1858 387 1939 quibus
408 1861 565 1923 frenentur
585 1860 778 1942 cupiditates,
801 1859 909 1940 quibus
932 1860 1055 1922 discant

126 1947 163 2020 ,et
183 1948 379 2018 maneantur,
402 1944 434 2013 in
452 1945 523 2013 ‚aeia
545 1964 615 2007 scae
638 1949 735 2022 stne,
766 1944 872 2006 hostes
895 1963 970 2015 suaa
990 1944 1052 2009 iam

128 2023 318 2095 ‚domesticos
348 2045 448 2107 esse„
462 2047 521 2093 nec
549 2026 616 2107 die,
638 2047 697 2095 nec
718 2032 812 2092 noete
834 2027 873 2097 ab
904 2027 948 2088 eis
970 2031 1054 2087 tutos

131 2127 216 2187 esse,
234 2114 267 2180 nt
287 2109 318 2179 in
342 2109 427 2172 ciero
447 2111 522 2179 boni
535 2112 678 2192 episcopi
699 2110 753 2174 lux
763 2111 867 2179 luceat
879 2128 983 2173 eoram
999 2108 1053 2179 ha

132 2191 263 2260 minibus
286 2193 493 2274 inmanitate,
512 2194 702 2272 nuntiate,
723 2193 886 2269 modestia,
908 2191 1053 2259 domnis

129 2273 183 2338 ille
216 2274 376 2356 catalogus
408 2278 569 2356 virtutum,
607 2296 700 2355 quem
731 2276 844 2344 Paulus
875 2276 938 2341 Tit
966 2277 994 2339 1.
1023 2280 1055 2337 et

132 2361 152 2423 1,
165 2357 242 2419 'lina
254 2361 283 2423 3.
307 2366 537 2434 commemorat.
579 2359 663 2420 Nihil
673 2360 832 2440 profuerit,
853 2359 902 2425 his
921 2357 1054 2436 omissis,

130 2440 192 2509 alia
213 2440 364 2522 quaedam
376 2443 560 2523 temporalia
570 2448 602 2504 et
613 2442 783 2523 spiritualia
802 2445 832 2504 in
849 2442 977 2519 iuribus,
994 2441 1053 2522 pri·

131 2523 266 2604 vilegiis,
289 2523 487 2606 dignitatibus
510 2525 610 2589 solum
634 2545 774 2600 curasse,
797 2545 866 2587 cum
886 2525 966 2587 haec
986 2523 1053 2587 illo

131 2625 207 2685 rum,
231 2626 295 2681 nan
317 2608 372 2676 illa
391 2610 501 2675 horum
520 2611 624 2691 gratia
644 2610 716 2675 sint.
757 2608 865 2689 Neque
888 2608 982 2689 digna
1004 2626 1054 2673 res

132 2697 180 2750 est
203 2683 350 2771 Synodo,
375 2711 425 2753 res
445 2692 579 2755 leviores
602 2690 766 2773 magnifiee
788 2691 998 2773 disposuisse,
1023 2696 1055 2759 et

131 2772 328 2854 gnavissimas
350 2795 413 2838 non
423 2776 572 2857 attigisse.
616 2775 727 2838 Cetera
748 2776 853 2849 omnia
874 2781 945 2837 sunt
966 2779 1055 2842 extra

132 2874 207 2933 noa,
233 2876 303 2921 non
325 2877 447 2939 semper
472 2878 530 2920 nos
552 2866 721 2940 occupant,
750 2866 783 2920 ut
804 2877 918 2939 pravae
939 2854 1054 2937 eupidi-

132 2945 211 3006 tates
232 2940 313 3018 intra
335 2961 394 3002 nos
417 2949 502 3020 sunt,
524 2941 649 3005 assidue
677 2962 734 3004 nos
757 2942 988 3022 captivitantes,
1021 2945 1057 3000 ut

132 3020 243 3088 Paulus
270 3024 364 3090 Rom..
380 3028 409 3090 7.
433 3025 523 3092 dixit:
552 3025 685 3107 denique
706 3025 820 3088 multos
849 3024 989 3104 captivos
1011 3028 1054 3083 te·

132 3110 207 3167 neat
227 3112 259 3166 et
278 3105 329 3169 hia
348 3107 425 3183 nihil
447 3109 663 3177 consulemus?
686 3107 760 3175 nihil
782 3105 969 3170 moliamur?
992 3123 1053 3184 quo

131 3188 179 3256 his
201 3189 291 3251 malis
317 3199 528 3271 succurratur,
558 3191 673 3255 milites
706 3192 918 3271 instituantur,
948 3189 1054 3250 hostes

133 3271 370 3352 aggrediantur?
401 3275 480 3337 Tum
500 3295 577 3345 sana
598 3275 707 3345 marito
728 3273 840 3337 ridebit
860 3291 917 3335 nos
940 3271 1054 3352 Syno

82 3445 84 3449 Ι
133 3354 293 3436 dumque
314 3366 489 3425 nostram
501 3357 631 3425 mundns
653 3359 712 3425 istc
726 3362 841 3436 noster,
863 3362 897 3416 ut
920 3355 971 3434 qui
987 3373 1055 3417 sen-

133 3486 566 3513 ΜΜ.
619 3501 622 3508 .

186 3554 216 3622 r)
238 3529 283 3608 Sic
303 3559 390 3609 nostri
409 3555 539 3610 Germani
559 3555 648 3608 multa
670 3559 789 3608 tractant
808 3558 835 3607 et
855 3552 1057 3615 machinantur,

132 3627 242 3679 interim
264 3629 441 3707 negligentes¹
454 3631 584 3681 resistere
602 3628 716 3681 Turcae.
755 3625 801 3678 Sic
819 3640 872 3679 nos
894 3624 988 3676 multis
1002 3629 1057 3674 atu·

134 3696 240 3823 dpisticst
260 3701 400 3753 exercitiis
419 3715 570 3766 vacamus,
595 3700 705 3773 interim
732 3699 824 3768 pravis
845 3696 986 3751 affectibus
1011 3709 1056 3747 na-

129 3785 152 3841 l
164 3786 195 3824 ⁰⁰
230 3809 239 3823 ι
279 3831 283 3841 ,
307 3812 311 3819 -
339 3834 342 3839 .
