<?xml version="1.0" encoding="UTF-8"?>
<!DOCTYPE html PUBLIC "-//W3C//DTD XHTML 1.0 Transitional//EN"
    "http://www.w3.org/TR/xhtml1/DTD/xhtml1-transitional.dtd">
<html xmlns="http://www.w3.org/1999/xhtml" xml:lang="en" lang="en">
 <head>
  <title>
</title>
<meta http-equiv="Content-Type" content="text/html;charset=utf-8" />
  <meta name='ocr-system' content='tesseract 3.04.00' />
  <meta name='ocr-capabilities' content='ocr_page ocr_carea ocr_par ocr_line ocrx_word'/>
</head>
<body>
  <div class='ocr_page' id='page_1' title='image "./dmartinilutheri01luthgoog_0432.png"; bbox 0 0 2356 4200; ppageno 0'>
   <div class='ocr_carea' id='block_1_1' title="bbox 433 285 1048 355">
    <p class='ocr_par' dir='ltr' id='par_1_1' title="bbox 433 285 1048 355">
     <span class='ocr_line' id='line_1_1' title="bbox 433 285 1048 355; baseline 0.021 -13"><span class='ocrx_word' id='word_1_1' title='bbox 433 290 536 344; x_wconf 88' lang='lat' dir='ltr'>Contra</span> <span class='ocrx_word' id='word_1_2' title='bbox 554 288 633 347; x_wconf 87' lang='lat' dir='ltr'>Obel.</span> <span class='ocrx_word' id='word_1_3' title='bbox 646 290 736 346; x_wconf 81' lang='lat' dir='ltr'>‚Eccii</span> <span class='ocrx_word' id='word_1_4' title='bbox 984 285 1048 355; x_wconf 78' lang='grc'>429</span> 
     </span>
    </p>
   </div>
   <div class='ocr_carea' id='block_1_2' title="bbox 80 456 1114 3684">
    <p class='ocr_par' dir='ltr' id='par_1_2' title="bbox 124 456 1049 622">
     <span class='ocr_line' id='line_1_2' title="bbox 125 456 1047 538; baseline 0 -20"><span class='ocrx_word' id='word_1_5' title='bbox 125 463 212 518; x_wconf 88' lang='lat' dir='ltr'>certa</span> <span class='ocrx_word' id='word_1_6' title='bbox 234 476 303 518; x_wconf 84' lang='lat' dir='ltr'>esse</span> <span class='ocrx_word' id='word_1_7' title='bbox 324 458 474 536; x_wconf 87' lang='lat' dir='ltr'>clamant,</span> <span class='ocrx_word' id='word_1_8' title='bbox 496 477 575 537; x_wconf 86' lang='lat' dir='ltr'>quae</span> <span class='ocrx_word' id='word_1_9' title='bbox 597 463 668 517; x_wconf 92' lang='lat' dir='ltr'>sunt</span> <span class='ocrx_word' id='word_1_10' title='bbox 698 456 929 538; x_wconf 87' lang='lat' dir='ltr'>dubiosissima,</span> <span class='ocrx_word' id='word_1_11' title='bbox 966 458 1047 518; x_wconf 90' lang='lat' dir='ltr'>unde</span> 
     </span>
     <span class='ocr_line' id='line_1_3' title="bbox 124 539 1049 622; baseline 0.003 -22"><span class='ocrx_word' id='word_1_12' title='bbox 124 559 190 602; x_wconf 92' lang='lat' dir='ltr'>non</span> <span class='ocrx_word' id='word_1_13' title='bbox 213 560 295 622; x_wconf 86' lang='lat' dir='ltr'>nego</span> <span class='ocrx_word' id='word_1_14' title='bbox 317 541 437 620; x_wconf 86' lang='lat' dir='ltr'>aliquos</span> <span class='ocrx_word' id='word_1_15' title='bbox 460 560 528 601; x_wconf 86' lang='lat' dir='ltr'>esse</span> <span class='ocrx_word' id='word_1_16' title='bbox 551 547 661 619; x_wconf 87' lang='lat' dir='ltr'>certos,</span> <span class='ocrx_word' id='word_1_17' title='bbox 682 539 737 600; x_wconf 86' lang='lat' dir='ltr'>sed</span> <span class='ocrx_word' id='word_1_18' title='bbox 759 559 822 600; x_wconf 93' lang='lat' dir='ltr'>non</span> <span class='ocrx_word' id='word_1_19' title='bbox 843 560 951 601; x_wconf 88' lang='lat' dir='ltr'>omnes</span> <span class='ocrx_word' id='word_1_20' title='bbox 971 560 1049 604; x_wconf 88' lang='lat' dir='ltr'>esse.</span> 
     </span>
    </p>

    <p class='ocr_par' dir='ltr' id='par_1_3' title="bbox 124 623 1048 1283">
     <span class='ocr_line' id='line_1_4' title="bbox 211 623 1047 702; baseline -0.002 -16"><span class='ocrx_word' id='word_1_21' title='bbox 211 623 298 686; x_wconf 80' lang='lat' dir='ltr'>Sicut</span> <span class='ocrx_word' id='word_1_22' title='bbox 319 625 350 684; x_wconf 93' lang='lat' dir='ltr'>in</span> <span class='ocrx_word' id='word_1_23' title='bbox 372 625 543 685; x_wconf 69' lang='lat' dir='ltr'>tentatione</span> <span class='ocrx_word' id='word_1_24' title='bbox 556 623 628 684; x_wconf 87' lang='lat' dir='ltr'>fidei</span> <span class='ocrx_word' id='word_1_25' title='bbox 639 630 773 683; x_wconf 87' lang='lat' dir='ltr'>tentatus</span> <span class='ocrx_word' id='word_1_26' title='bbox 785 632 832 683; x_wconf 85' lang='lat' dir='ltr'>eet</span> <span class='ocrx_word' id='word_1_27' title='bbox 842 625 985 702; x_wconf 87' lang='lat' dir='ltr'>incertus,</span> <span class='ocrx_word' id='word_1_28' title='bbox 1009 644 1047 684; x_wconf 90' lang='lat' dir='ltr'>au</span> 
     </span>
     <span class='ocr_line' id='line_1_5' title="bbox 125 705 1045 787; baseline 0 -20"><span class='ocrx_word' id='word_1_29' title='bbox 125 705 243 787; x_wconf 84' lang='lat' dir='ltr'>credat,</span> <span class='ocrx_word' id='word_1_30' title='bbox 266 707 320 767; x_wconf 87' lang='lat' dir='ltr'>sed</span> <span class='ocrx_word' id='word_1_31' title='bbox 336 708 362 766; x_wconf 91' lang='lat' dir='ltr'>is</span> <span class='ocrx_word' id='word_1_32' title='bbox 375 706 569 785; x_wconf 89' lang='lat' dir='ltr'>quiconsulit</span> <span class='ocrx_word' id='word_1_33' title='bbox 583 708 621 784; x_wconf 89' lang='lat' dir='ltr'>ei,</span> <span class='ocrx_word' id='word_1_34' title='bbox 643 711 743 766; x_wconf 87' lang='lat' dir='ltr'>certus</span> <span class='ocrx_word' id='word_1_35' title='bbox 766 712 821 784; x_wconf 78' lang='lat' dir='ltr'>est,</span> <span class='ocrx_word' id='word_1_36' title='bbox 845 705 927 785; x_wconf 91' lang='lat' dir='ltr'>quod</span> <span class='ocrx_word' id='word_1_37' title='bbox 940 705 1045 785; x_wconf 89' lang='lat' dir='ltr'>credit,</span> 
     </span>
     <span class='ocr_line' id='line_1_6' title="bbox 124 787 1048 870; baseline -0.001 -19"><span class='ocrx_word' id='word_1_38' title='bbox 124 790 153 851; x_wconf 90' lang='lat' dir='ltr'>ai</span> <span class='ocrx_word' id='word_1_39' title='bbox 179 789 274 850; x_wconf 88' lang='lat' dir='ltr'>modo</span> <span class='ocrx_word' id='word_1_40' title='bbox 303 791 342 850; x_wconf 91' lang='lat' dir='ltr'>sit</span> <span class='ocrx_word' id='word_1_41' title='bbox 370 790 527 870; x_wconf 77' lang='lat' dir='ltr'><strong>spirituum</strong></span> <span class='ocrx_word' id='word_1_42' title='bbox 555 788 700 850; x_wconf 89' lang='lat' dir='ltr'>discretio</span> <span class='ocrx_word' id='word_1_43' title='bbox 729 790 759 847; x_wconf 94' lang='lat' dir='ltr'>in</span> <span class='ocrx_word' id='word_1_44' title='bbox 792 788 856 848; x_wconf 90' lang='lat' dir='ltr'>illo.</span> <span class='ocrx_word' id='word_1_45' title='bbox 908 787 939 850; x_wconf 85' lang='lat' dir='ltr'>Si</span> <span class='ocrx_word' id='word_1_46' title='bbox 966 790 1048 850; x_wconf 90' lang='lat' dir='ltr'>enim</span> 
     </span>
     <span class='ocr_line' id='line_1_7' title="bbox 124 871 1047 952; baseline 0.001 -21"><span class='ocrx_word' id='word_1_47' title='bbox 124 892 189 932; x_wconf 92' lang='lat' dir='ltr'>non</span> <span class='ocrx_word' id='word_1_48' title='bbox 214 871 369 952; x_wconf 86' lang='lat' dir='ltr'>crederet,</span> <span class='ocrx_word' id='word_1_49' title='bbox 391 892 453 932; x_wconf 94' lang='lat' dir='ltr'>non</span> <span class='ocrx_word' id='word_1_50' title='bbox 475 872 613 950; x_wconf 78' lang='lat' dir='ltr'><strong>doleret,</strong></span> <span class='ocrx_word' id='word_1_51' title='bbox 640 889 703 932; x_wconf 92' lang='lat' dir='ltr'>non</span> <span class='ocrx_word' id='word_1_52' title='bbox 732 872 956 950; x_wconf 73' lang='lat' dir='ltr'>querularetur‚</span> <span class='ocrx_word' id='word_1_53' title='bbox 983 890 1047 933; x_wconf 91' lang='lat' dir='ltr'>non</span> 
     </span>
     <span class='ocr_line' id='line_1_8' title="bbox 125 953 1047 1035; baseline -0.001 -20"><span class='ocrx_word' id='word_1_54' title='bbox 125 955 266 1035; x_wconf 73' lang='lat' dir='ltr'>ploraret</span> <span class='ocrx_word' id='word_1_55' title='bbox 285 974 372 1016; x_wconf 88' lang='lat' dir='ltr'>suam</span> <span class='ocrx_word' id='word_1_56' title='bbox 393 954 623 1032; x_wconf 67' lang='lat' dir='ltr'>infidelitatem</span> <span class='ocrx_word' id='word_1_57' title='bbox 645 960 678 1014; x_wconf 88' lang='lat' dir='ltr'>at</span> <span class='ocrx_word' id='word_1_58' title='bbox 696 955 723 1014; x_wconf 90' lang='lat' dir='ltr'>is</span> <span class='ocrx_word' id='word_1_59' title='bbox 737 972 844 1014; x_wconf 88' lang='lat' dir='ltr'>sensus</span> <span class='ocrx_word' id='word_1_60' title='bbox 860 953 1047 1015; x_wconf 84' lang='lat' dir='ltr'>infidelitatis</span> 
     </span>
     <span class='ocr_line' id='line_1_9' title="bbox 125 1036 1046 1117; baseline -0.002 -18"><span class='ocrx_word' id='word_1_61' title='bbox 125 1043 159 1098; x_wconf 90' lang='lat' dir='ltr'>et</span> <span class='ocrx_word' id='word_1_62' title='bbox 184 1037 276 1099; x_wconf 93' lang='lat' dir='ltr'>dolor</span> <span class='ocrx_word' id='word_1_63' title='bbox 302 1036 428 1099; x_wconf 89' lang='lat' dir='ltr'>evidens</span> <span class='ocrx_word' id='word_1_64' title='bbox 459 1044 506 1097; x_wconf 87' lang='lat' dir='ltr'>est</span> <span class='ocrx_word' id='word_1_65' title='bbox 532 1043 745 1117; x_wconf 78' lang='lat' dir='ltr'>argumentum</span> <span class='ocrx_word' id='word_1_66' title='bbox 773 1036 844 1097; x_wconf 88' lang='lat' dir='ltr'>fidei</span> <span class='ocrx_word' id='word_1_67' title='bbox 865 1038 995 1098; x_wconf 87' lang='lat' dir='ltr'>viventis</span> <span class='ocrx_word' id='word_1_68' title='bbox 1015 1039 1046 1097; x_wconf 94' lang='lat' dir='ltr'>in</span> 
     </span>
     <span class='ocr_line' id='line_1_10' title="bbox 125 1119 1047 1198; baseline -0.001 -17"><span class='ocrx_word' id='word_1_69' title='bbox 125 1139 177 1181; x_wconf 87' lang='lat' dir='ltr'>eo.</span> <span class='ocrx_word' id='word_1_70' title='bbox 219 1120 359 1181; x_wconf 80' lang='lat' dir='ltr'>Mortuus</span> <span class='ocrx_word' id='word_1_71' title='bbox 380 1121 413 1180; x_wconf 94' lang='lat' dir='ltr'>in</span> <span class='ocrx_word' id='word_1_72' title='bbox 435 1119 496 1180; x_wconf 87' lang='lat' dir='ltr'>fide</span> <span class='ocrx_word' id='word_1_73' title='bbox 524 1139 586 1180; x_wconf 94' lang='lat' dir='ltr'>non</span> <span class='ocrx_word' id='word_1_74' title='bbox 610 1119 696 1180; x_wconf 89' lang='lat' dir='ltr'>dolet</span> <span class='ocrx_word' id='word_1_75' title='bbox 718 1138 751 1180; x_wconf 88' lang='lat' dir='ltr'>se</span> <span class='ocrx_word' id='word_1_76' title='bbox 770 1139 833 1181; x_wconf 92' lang='lat' dir='ltr'>non</span> <span class='ocrx_word' id='word_1_77' title='bbox 853 1119 987 1198; x_wconf 88' lang='lat' dir='ltr'>credere,</span> <span class='ocrx_word' id='word_1_78' title='bbox 1003 1121 1047 1180; x_wconf 85' lang='lat' dir='ltr'>ita</span> 
     </span>
     <span class='ocr_line' id='line_1_11' title="bbox 125 1203 932 1283; baseline 0.002 -21"><span class='ocrx_word' id='word_1_79' title='bbox 125 1204 157 1262; x_wconf 91' lang='lat' dir='ltr'>in</span> <span class='ocrx_word' id='word_1_80' title='bbox 181 1203 398 1283; x_wconf 77' lang='lat' dir='ltr'>desperatione</span> <span class='ocrx_word' id='word_1_81' title='bbox 420 1210 452 1263; x_wconf 89' lang='lat' dir='ltr'>et</span> <span class='ocrx_word' id='word_1_82' title='bbox 471 1204 503 1262; x_wconf 93' lang='lat' dir='ltr'>in</span> <span class='ocrx_word' id='word_1_83' title='bbox 527 1203 610 1263; x_wconf 92' lang='lat' dir='ltr'>omni</span> <span class='ocrx_word' id='word_1_84' title='bbox 632 1204 802 1264; x_wconf 83' lang='lat' dir='ltr'>tentatione</span> <span class='ocrx_word' id='word_1_85' title='bbox 824 1204 932 1283; x_wconf 90' lang='lat' dir='ltr'>agitur.</span> 
     </span>
    </p>

    <p class='ocr_par' dir='ltr' id='par_1_4' title="bbox 126 1284 1050 1615">
     <span class='ocr_line' id='line_1_12' title="bbox 213 1284 1050 1366; baseline -0.002 -19"><span class='ocrx_word' id='word_1_86' title='bbox 213 1287 259 1347; x_wconf 90' lang='lat' dir='ltr'>lta</span> <span class='ocrx_word' id='word_1_87' title='bbox 280 1287 343 1347; x_wconf 89' lang='lat' dir='ltr'>dixi</span> <span class='ocrx_word' id='word_1_88' title='bbox 365 1305 461 1366; x_wconf 87' lang='lat' dir='ltr'>posse</span> <span class='ocrx_word' id='word_1_89' title='bbox 483 1286 600 1348; x_wconf 84' lang='lat' dir='ltr'>animas</span> <span class='ocrx_word' id='word_1_90' title='bbox 624 1303 692 1345; x_wconf 87' lang='lat' dir='ltr'>essa</span> <span class='ocrx_word' id='word_1_91' title='bbox 709 1287 842 1347; x_wconf 87' lang='lat' dir='ltr'>incertae</span> <span class='ocrx_word' id='word_1_92' title='bbox 855 1286 973 1365; x_wconf 89' lang='lat' dir='ltr'>aliquas</span> <span class='ocrx_word' id='word_1_93' title='bbox 997 1284 1050 1366; x_wconf 86' lang='lat' dir='ltr'>(ut</span> 
     </span>
     <span class='ocr_line' id='line_1_13' title="bbox 126 1366 1048 1450; baseline 0 -22"><span class='ocrx_word' id='word_1_94' title='bbox 126 1376 198 1433; x_wconf 89' lang='lat' dir='ltr'>sunt</span> <span class='ocrx_word' id='word_1_95' title='bbox 221 1369 366 1449; x_wconf 86' lang='lat' dir='ltr'>exempla</span> <span class='ocrx_word' id='word_1_96' title='bbox 387 1366 512 1450; x_wconf 87' lang='lat' dir='ltr'>multa),</span> <span class='ocrx_word' id='word_1_97' title='bbox 536 1387 603 1427; x_wconf 89' lang='lat' dir='ltr'>cum</span> <span class='ocrx_word' id='word_1_98' title='bbox 626 1374 728 1428; x_wconf 87' lang='lat' dir='ltr'>tamen</span> <span class='ocrx_word' id='word_1_99' title='bbox 751 1387 808 1429; x_wconf 90' lang='lat' dir='ltr'>nos</span> <span class='ocrx_word' id='word_1_100' title='bbox 831 1369 925 1429; x_wconf 86' lang='lat' dir='ltr'>simus</span> <span class='ocrx_word' id='word_1_101' title='bbox 947 1370 1048 1428; x_wconf 87' lang='lat' dir='ltr'>certis·</span> 
     </span>
     <span class='ocr_line' id='line_1_14' title="bbox 126 1450 1049 1532; baseline -0.001 -21"><span class='ocrx_word' id='word_1_102' title='bbox 126 1453 208 1531; x_wconf 87' lang='lat' dir='ltr'>simi,</span> <span class='ocrx_word' id='word_1_103' title='bbox 232 1451 316 1531; x_wconf 90' lang='lat' dir='ltr'>quod</span> <span class='ocrx_word' id='word_1_104' title='bbox 338 1451 517 1532; x_wconf 87' lang='lat' dir='ltr'>purgandae</span> <span class='ocrx_word' id='word_1_105' title='bbox 539 1453 609 1511; x_wconf 84' lang='lat' dir='ltr'>sint</span> <span class='ocrx_word' id='word_1_106' title='bbox 621 1450 798 1511; x_wconf 86' lang='lat' dir='ltr'>salvandae.</span> <span class='ocrx_word' id='word_1_107' title='bbox 841 1451 892 1512; x_wconf 84' lang='lat' dir='ltr'>Sic</span> <span class='ocrx_word' id='word_1_108' title='bbox 913 1471 983 1532; x_wconf 79' lang='lat' dir='ltr'>ego,</span> <span class='ocrx_word' id='word_1_109' title='bbox 1005 1452 1049 1510; x_wconf 91' lang='lat' dir='ltr'>in·</span> 
     </span>
     <span class='ocr_line' id='line_1_15' title="bbox 126 1533 640 1615; baseline -0.004 -21"><span class='ocrx_word' id='word_1_110' title='bbox 126 1553 231 1614; x_wconf 83' lang='lat' dir='ltr'>quam,</span> <span class='ocrx_word' id='word_1_111' title='bbox 256 1535 419 1615; x_wconf 71' lang='lat' dir='ltr'>disputavi,</span> <span class='ocrx_word' id='word_1_112' title='bbox 442 1541 474 1595; x_wconf 90' lang='lat' dir='ltr'>et</span> <span class='ocrx_word' id='word_1_113' title='bbox 494 1533 640 1594; x_wconf 87' lang='lat' dir='ltr'>dubitavi.</span> 
     </span>
    </p>

    <p class='ocr_par' dir='ltr' id='par_1_5' title="bbox 123 1615 1114 2526">
     <span class='ocr_line' id='line_1_16' title="bbox 209 1615 1048 1694; baseline -0.002 -16"><span class='ocrx_word' id='word_1_114' title='bbox 209 1618 253 1678; x_wconf 91' lang='lat' dir='ltr'>At</span> <span class='ocrx_word' id='word_1_115' title='bbox 276 1617 429 1678; x_wconf 88' lang='lat' dir='ltr'>obeliscus</span> <span class='ocrx_word' id='word_1_116' title='bbox 451 1623 558 1677; x_wconf 89' lang='lat' dir='ltr'>noster</span> <span class='ocrx_word' id='word_1_117' title='bbox 583 1615 658 1676; x_wconf 89' lang='lat' dir='ltr'>nihil</span> <span class='ocrx_word' id='word_1_118' title='bbox 686 1617 757 1677; x_wconf 85' lang='lat' dir='ltr'>novi</span> <span class='ocrx_word' id='word_1_119' title='bbox 786 1615 960 1694; x_wconf 88' lang='lat' dir='ltr'>adducens,</span> <span class='ocrx_word' id='word_1_120' title='bbox 988 1618 1048 1677; x_wconf 91' lang='lat' dir='ltr'>nisi</span> 
     </span>
     <span class='ocr_line' id='line_1_17' title="bbox 126 1690 1074 1781; baseline 0 -21"><span class='ocrx_word' id='word_1_121' title='bbox 126 1719 146 1760; x_wconf 87' lang='lat' dir='ltr'>a</span> <span class='ocrx_word' id='word_1_122' title='bbox 164 1719 215 1761; x_wconf 83' lang='lat' dir='ltr'>nse</span> <span class='ocrx_word' id='word_1_123' title='bbox 238 1701 468 1781; x_wconf 82' lang='lat' dir='ltr'>impugnatum,</span> <span class='ocrx_word' id='word_1_124' title='bbox 497 1718 560 1759; x_wconf 93' lang='lat' dir='ltr'>non</span> <span class='ocrx_word' id='word_1_125' title='bbox 589 1699 739 1779; x_wconf 88' lang='lat' dir='ltr'>disputat,</span> <span class='ocrx_word' id='word_1_126' title='bbox 770 1698 824 1759; x_wconf 88' lang='lat' dir='ltr'>sed</span> <span class='ocrx_word' id='word_1_127' title='bbox 853 1718 893 1759; x_wconf 87' lang='lat' dir='ltr'>ax</span> <span class='ocrx_word' id='word_1_128' title='bbox 921 1690 1074 1761; x_wconf 82' lang='lat' dir='ltr'>oraculo&#39;</span> 
     </span>
     <span class='ocr_line' id='line_1_18' title="bbox 125 1782 1049 1864; baseline -0.001 -21"><span class='ocrx_word' id='word_1_129' title='bbox 125 1785 312 1864; x_wconf 81' lang='lat' dir='ltr'>pronunciat</span> <span class='ocrx_word' id='word_1_130' title='bbox 340 1782 557 1864; x_wconf 73' lang='lat' dir='ltr'>praerancidas</span> <span class='ocrx_word' id='word_1_131' title='bbox 589 1782 858 1863; x_wconf 80' lang='lat' dir='ltr'>peripateticorum</span> <span class='ocrx_word' id='word_1_132' title='bbox 888 1782 1049 1863; x_wconf 86' lang='lat' dir='ltr'>theologo·</span> 
     </span>
     <span class='ocr_line' id='line_1_19' title="bbox 124 1865 1049 1947; baseline -0.001 -20"><span class='ocrx_word' id='word_1_133' title='bbox 124 1885 192 1926; x_wconf 90' lang='lat' dir='ltr'>rum</span> <span class='ocrx_word' id='word_1_134' title='bbox 216 1868 397 1947; x_wconf 82' lang='lat' dir='ltr'>opiniones,</span> <span class='ocrx_word' id='word_1_135' title='bbox 428 1865 533 1925; x_wconf 88' lang='lat' dir='ltr'>dicens</span> <span class='ocrx_word' id='word_1_136' title='bbox 556 1883 610 1925; x_wconf 87' lang='lat' dir='ltr'>eos</span> <span class='ocrx_word' id='word_1_137' title='bbox 632 1865 720 1944; x_wconf 89' lang='lat' dir='ltr'>plura</span> <span class='ocrx_word' id='word_1_138' title='bbox 742 1865 837 1942; x_wconf 82' lang='lat' dir='ltr'>scire,</span> <span class='ocrx_word' id='word_1_139' title='bbox 866 1883 956 1943; x_wconf 90' lang='lat' dir='ltr'>quam</span> <span class='ocrx_word' id='word_1_140' title='bbox 981 1883 1049 1926; x_wconf 89' lang='lat' dir='ltr'>nos.</span> 
     </span>
     <span class='ocr_line' id='line_1_20' title="bbox 124 1947 1047 2028; baseline -0.002 -19"><span class='ocrx_word' id='word_1_141' title='bbox 124 1948 246 2009; x_wconf 89' lang='lat' dir='ltr'>Deinde</span> <span class='ocrx_word' id='word_1_142' title='bbox 269 1967 348 2028; x_wconf 88' lang='lat' dir='ltr'>quae</span> <span class='ocrx_word' id='word_1_143' title='bbox 371 1949 482 2023; x_wconf 83' lang='lat' dir='ltr'>sunt1)</span> <span class='ocrx_word' id='word_1_144' title='bbox 506 1948 561 2007; x_wconf 89' lang='lat' dir='ltr'>illa</span> <span class='ocrx_word' id='word_1_145' title='bbox 582 1947 677 2027; x_wconf 81' lang='lat' dir='ltr'>plura,</span> <span class='ocrx_word' id='word_1_146' title='bbox 700 1966 779 2026; x_wconf 84' lang='lat' dir='ltr'>quae</span> <span class='ocrx_word' id='word_1_147' title='bbox 794 1949 903 2026; x_wconf 69' lang='lat' dir='ltr'>sciunt7</span> <span class='ocrx_word' id='word_1_148' title='bbox 926 1947 1047 2008; x_wconf 92' lang='lat' dir='ltr'>subiun-</span> 
     </span>
     <span class='ocr_line' id='line_1_21' title="bbox 124 2029 1114 2112; baseline -0.003 -20"><span class='ocrx_word' id='word_1_149' title='bbox 124 2032 192 2112; x_wconf 66' lang='lat' dir='ltr'>git:</span> <span class='ocrx_word' id='word_1_150' title='bbox 225 2031 332 2094; x_wconf 81' lang='lat' dir='ltr'>Sciunt</span> <span class='ocrx_word' id='word_1_151' title='bbox 357 2051 391 2092; x_wconf 89' lang='lat' dir='ltr'>se</span> <span class='ocrx_word' id='word_1_152' title='bbox 426 2037 579 2109; x_wconf 83' lang='lat' dir='ltr'>mortuos,</span> <span class='ocrx_word' id='word_1_153' title='bbox 611 2049 673 2090; x_wconf 92' lang='lat' dir='ltr'>non</span> <span class='ocrx_word' id='word_1_154' title='bbox 703 2030 866 2109; x_wconf 89' lang='lat' dir='ltr'>desperare</span> <span class='ocrx_word' id='word_1_155' title='bbox 888 2038 946 2093; x_wconf 86' lang='lat' dir='ltr'>etc.</span> <span class='ocrx_word' id='word_1_156' title='bbox 988 2029 1045 2090; x_wconf 89' lang='lat' dir='ltr'>Hic</span> <span class='ocrx_word' id='word_1_157' title='bbox 1112 2041 1114 2049; x_wconf 87' lang='lat'>&#39;</span> 
     </span>
     <span class='ocr_line' id='line_1_22' title="bbox 124 2113 1045 2196; baseline -0.003 -21"><span class='ocrx_word' id='word_1_158' title='bbox 124 2133 186 2196; x_wconf 88' lang='lat' dir='ltr'>ego</span> <span class='ocrx_word' id='word_1_159' title='bbox 203 2115 371 2176; x_wconf 84' lang='lat' dir='ltr'>subinfero:</span> <span class='ocrx_word' id='word_1_160' title='bbox 395 2113 478 2193; x_wconf 79' lang='lat' dir='ltr'>Ergo</span> <span class='ocrx_word' id='word_1_161' title='bbox 500 2133 557 2173; x_wconf 87' lang='lat' dir='ltr'>noa</span> <span class='ocrx_word' id='word_1_162' title='bbox 579 2132 641 2173; x_wconf 93' lang='lat' dir='ltr'>non</span> <span class='ocrx_word' id='word_1_163' title='bbox 663 2114 774 2172; x_wconf 90' lang='lat' dir='ltr'>scimus</span> <span class='ocrx_word' id='word_1_164' title='bbox 797 2131 851 2172; x_wconf 90' lang='lat' dir='ltr'>eos</span> <span class='ocrx_word' id='word_1_165' title='bbox 874 2123 942 2173; x_wconf 82' lang='lat' dir='ltr'>ease</span> <span class='ocrx_word' id='word_1_166' title='bbox 965 2131 1045 2173; x_wconf 92' lang='lat' dir='ltr'>mor·</span> 
     </span>
     <span class='ocr_line' id='line_1_23' title="bbox 124 2195 1044 2276; baseline -0.003 -19"><span class='ocrx_word' id='word_1_167' title='bbox 124 2206 211 2276; x_wconf 89' lang='lat' dir='ltr'>tuos,</span> <span class='ocrx_word' id='word_1_168' title='bbox 239 2217 301 2258; x_wconf 94' lang='lat' dir='ltr'>non</span> <span class='ocrx_word' id='word_1_169' title='bbox 331 2198 443 2257; x_wconf 86' lang='lat' dir='ltr'>scimus</span> <span class='ocrx_word' id='word_1_170' title='bbox 470 2215 526 2257; x_wconf 88' lang='lat' dir='ltr'>eos</span> <span class='ocrx_word' id='word_1_171' title='bbox 556 2215 618 2255; x_wconf 92' lang='lat' dir='ltr'>non</span> <span class='ocrx_word' id='word_1_172' title='bbox 641 2195 819 2276; x_wconf 71' lang='lat' dir='ltr'>desperare‚</span> <span class='ocrx_word' id='word_1_173' title='bbox 846 2214 909 2256; x_wconf 91' lang='lat' dir='ltr'>non</span> <span class='ocrx_word' id='word_1_174' title='bbox 932 2197 1044 2255; x_wconf 89' lang='lat' dir='ltr'>scimus</span> 
     </span>
     <span class='ocr_line' id='line_1_24' title="bbox 125 2279 1045 2358; baseline -0.004 -17"><span class='ocrx_word' id='word_1_175' title='bbox 125 2299 181 2341; x_wconf 91' lang='lat' dir='ltr'>eos</span> <span class='ocrx_word' id='word_1_176' title='bbox 203 2298 268 2341; x_wconf 92' lang='lat' dir='ltr'>non</span> <span class='ocrx_word' id='word_1_177' title='bbox 288 2280 345 2340; x_wconf 82' lang='lat' dir='ltr'>imi</span> <span class='ocrx_word' id='word_1_178' title='bbox 365 2281 452 2357; x_wconf 85' lang='lat' dir='ltr'>Deo,</span> <span class='ocrx_word' id='word_1_179' title='bbox 484 2298 547 2338; x_wconf 93' lang='lat' dir='ltr'>non</span> <span class='ocrx_word' id='word_1_180' title='bbox 581 2280 693 2338; x_wconf 88' lang='lat' dir='ltr'>scimus</span> <span class='ocrx_word' id='word_1_181' title='bbox 715 2297 770 2338; x_wconf 89' lang='lat' dir='ltr'>eos</span> <span class='ocrx_word' id='word_1_182' title='bbox 793 2297 862 2338; x_wconf 88' lang='lat' dir='ltr'>esse</span> <span class='ocrx_word' id='word_1_183' title='bbox 883 2279 914 2338; x_wconf 93' lang='lat' dir='ltr'>iu</span> <span class='ocrx_word' id='word_1_184' title='bbox 936 2297 1045 2358; x_wconf 90' lang='lat' dir='ltr'>purga-</span> 
     </span>
     <span class='ocr_line' id='line_1_25' title="bbox 123 2359 1044 2442; baseline -0.004 -18"><span class='ocrx_word' id='word_1_185' title='bbox 123 2364 220 2442; x_wconf 83' lang='lat' dir='ltr'>torio,</span> <span class='ocrx_word' id='word_1_186' title='bbox 252 2382 315 2424; x_wconf 93' lang='lat' dir='ltr'>non</span> <span class='ocrx_word' id='word_1_187' title='bbox 346 2364 457 2422; x_wconf 89' lang='lat' dir='ltr'>scimus</span> <span class='ocrx_word' id='word_1_188' title='bbox 491 2381 546 2423; x_wconf 90' lang='lat' dir='ltr'>eos</span> <span class='ocrx_word' id='word_1_189' title='bbox 578 2380 648 2421; x_wconf 87' lang='lat' dir='ltr'>esse</span> <span class='ocrx_word' id='word_1_190' title='bbox 680 2359 861 2438; x_wconf 70' lang='lat' dir='ltr'>salvandos3</span> <span class='ocrx_word' id='word_1_191' title='bbox 894 2379 956 2421; x_wconf 94' lang='lat' dir='ltr'>non</span> <span class='ocrx_word' id='word_1_192' title='bbox 988 2362 1044 2420; x_wconf 88' lang='lat' dir='ltr'>sci·</span> 
     </span>
     <span class='ocr_line' id='line_1_26' title="bbox 123 2443 1043 2526; baseline -0.001 -20"><span class='ocrx_word' id='word_1_193' title='bbox 123 2466 208 2525; x_wconf 84' lang='lat' dir='ltr'>mus,</span> <span class='ocrx_word' id='word_1_194' title='bbox 238 2446 377 2526; x_wconf 82' lang='lat' dir='ltr'>inquam,</span> <span class='ocrx_word' id='word_1_195' title='bbox 413 2444 506 2522; x_wconf 89' lang='lat' dir='ltr'>haec,</span> <span class='ocrx_word' id='word_1_196' title='bbox 539 2463 669 2524; x_wconf 87' lang='lat' dir='ltr'>corpore</span> <span class='ocrx_word' id='word_1_197' title='bbox 701 2443 845 2504; x_wconf 84' lang='lat' dir='ltr'>videlicet</span> <span class='ocrx_word' id='word_1_198' title='bbox 873 2445 1043 2524; x_wconf 87' lang='lat' dir='ltr'>aggravati.</span> 
     </span>
    </p>

    <p class='ocr_par' dir='ltr' id='par_1_6' title="bbox 80 2525 1048 2855">
     <span class='ocr_line' id='line_1_27' title="bbox 80 2525 1048 2606; baseline -0.007 -13"><span class='ocrx_word' id='word_1_199' title='bbox 80 2589 81 2594; x_wconf 74' lang='grc'>,</span> <span class='ocrx_word' id='word_1_200' title='bbox 124 2528 195 2589; x_wconf 87' lang='lat' dir='ltr'>Hoc</span> <span class='ocrx_word' id='word_1_201' title='bbox 218 2528 361 2588; x_wconf 85' lang='lat' dir='ltr'>estnihil</span> <span class='ocrx_word' id='word_1_202' title='bbox 382 2525 465 2588; x_wconf 91' lang='lat' dir='ltr'>aliud</span> <span class='ocrx_word' id='word_1_203' title='bbox 487 2527 599 2605; x_wconf 76' lang='lat' dir='ltr'>dicere,</span> <span class='ocrx_word' id='word_1_204' title='bbox 624 2546 713 2606; x_wconf 89' lang='lat' dir='ltr'>quam</span> <span class='ocrx_word' id='word_1_205' title='bbox 737 2545 794 2587; x_wconf 91' lang='lat' dir='ltr'>nos</span> <span class='ocrx_word' id='word_1_206' title='bbox 817 2545 924 2587; x_wconf 90' lang='lat' dir='ltr'>omnes</span> <span class='ocrx_word' id='word_1_207' title='bbox 940 2546 1048 2586; x_wconf 86' lang='lat' dir='ltr'>sumus.</span> 
     </span>
     <span class='ocr_line' id='line_1_28' title="bbox 124 2609 1044 2690; baseline -0.004 -19"><span class='ocrx_word' id='word_1_208' title='bbox 124 2611 282 2690; x_wconf 88' lang='lat' dir='ltr'>haeretici,</span> <span class='ocrx_word' id='word_1_209' title='bbox 305 2619 412 2671; x_wconf 90' lang='lat' dir='ltr'>autore</span> <span class='ocrx_word' id='word_1_210' title='bbox 433 2609 528 2671; x_wconf 80' lang='lat' dir='ltr'>Eccio</span> <span class='ocrx_word' id='word_1_211' title='bbox 551 2616 668 2673; x_wconf 84' lang='lat' dir='ltr'>nostro.</span> <span class='ocrx_word' id='word_1_212' title='bbox 711 2609 781 2670; x_wconf 84' lang='lat' dir='ltr'>Non</span> <span class='ocrx_word' id='word_1_213' title='bbox 805 2609 886 2688; x_wconf 91' lang='lat' dir='ltr'>quod</span> <span class='ocrx_word' id='word_1_214' title='bbox 904 2611 1044 2690; x_wconf 90' lang='lat' dir='ltr'>ignorem</span> 
     </span>
     <span class='ocr_line' id='line_1_29' title="bbox 126 2690 1046 2773; baseline -0.003 -19"><span class='ocrx_word' id='word_1_215' title='bbox 126 2714 254 2755; x_wconf 85' lang='lat' dir='ltr'>sensum</span> <span class='ocrx_word' id='word_1_216' title='bbox 278 2695 343 2754; x_wconf 88' lang='lat' dir='ltr'>eius</span> <span class='ocrx_word' id='word_1_217' title='bbox 365 2711 429 2753; x_wconf 92' lang='lat' dir='ltr'>non</span> <span class='ocrx_word' id='word_1_218' title='bbox 452 2711 520 2753; x_wconf 89' lang='lat' dir='ltr'>esse</span> <span class='ocrx_word' id='word_1_219' title='bbox 541 2695 643 2771; x_wconf 89' lang='lat' dir='ltr'>istum,</span> <span class='ocrx_word' id='word_1_220' title='bbox 665 2693 815 2771; x_wconf 86' lang='lat' dir='ltr'>aliterque</span> <span class='ocrx_word' id='word_1_221' title='bbox 835 2711 930 2773; x_wconf 88' lang='lat' dir='ltr'>posse</span> <span class='ocrx_word' id='word_1_222' title='bbox 951 2690 1046 2752; x_wconf 87' lang='lat' dir='ltr'>verba</span> 
     </span>
     <span class='ocr_line' id='line_1_30' title="bbox 126 2775 780 2855; baseline -0.006 -17"><span class='ocrx_word' id='word_1_223' title='bbox 126 2779 192 2838; x_wconf 87' lang='lat' dir='ltr'>eius</span> <span class='ocrx_word' id='word_1_224' title='bbox 217 2779 260 2850; x_wconf 89' lang='lat' dir='ltr'>(si</span> <span class='ocrx_word' id='word_1_225' title='bbox 282 2785 385 2838; x_wconf 90' lang='lat' dir='ltr'>tamen</span> <span class='ocrx_word' id='word_1_226' title='bbox 408 2776 469 2836; x_wconf 86' lang='lat' dir='ltr'>vim</span> <span class='ocrx_word' id='word_1_227' title='bbox 490 2775 618 2854; x_wconf 87' lang='lat' dir='ltr'>feceris)</span> <span class='ocrx_word' id='word_1_228' title='bbox 641 2776 780 2855; x_wconf 85' lang='lat' dir='ltr'>intelligi.</span> 
     </span>
    </p>

    <p class='ocr_par' dir='ltr' id='par_1_7' title="bbox 126 2856 1100 3684">
     <span class='ocr_line' id='line_1_31' title="bbox 210 2856 1044 2938; baseline -0.007 -16"><span class='ocrx_word' id='word_1_229' title='bbox 210 2858 271 2922; x_wconf 83' lang='lat' dir='ltr'>Sed</span> <span class='ocrx_word' id='word_1_230' title='bbox 310 2866 344 2919; x_wconf 91' lang='lat' dir='ltr'>ut</span> <span class='ocrx_word' id='word_1_231' title='bbox 387 2858 505 2919; x_wconf 90' lang='lat' dir='ltr'>videret</span> <span class='ocrx_word' id='word_1_232' title='bbox 546 2858 826 2938; x_wconf 89' lang='lat' dir='ltr'>obeliscophrastus</span> <span class='ocrx_word' id='word_1_233' title='bbox 868 2856 1044 2936; x_wconf 86' lang='lat' dir='ltr'>aliquando,</span> 
     </span>
     <span class='ocr_line' id='line_1_32' title="bbox 126 2939 1100 3023; baseline -0.003 -20"><span class='ocrx_word' id='word_1_234' title='bbox 126 2961 219 3023; x_wconf 86' lang='lat' dir='ltr'>quam</span> <span class='ocrx_word' id='word_1_235' title='bbox 240 2942 331 3003; x_wconf 83' lang='lat' dir='ltr'>facile</span> <span class='ocrx_word' id='word_1_236' title='bbox 353 2943 392 3001; x_wconf 87' lang='lat' dir='ltr'>sit</span> <span class='ocrx_word' id='word_1_237' title='bbox 407 2940 699 3021; x_wconf 79' lang='lat' dir='ltr'>alienadcpravare,</span> <span class='ocrx_word' id='word_1_238' title='bbox 720 2939 832 3000; x_wconf 90' lang='lat' dir='ltr'>nedum</span> <span class='ocrx_word' id='word_1_239' title='bbox 850 2941 925 2999; x_wconf 88' lang='lat' dir='ltr'>vitia</span> <span class='ocrx_word' id='word_1_240' title='bbox 940 2945 1046 3020; x_wconf 86' lang='lat' dir='ltr'>aperta</span> <span class='ocrx_word' id='word_1_241' title='bbox 1096 2945 1100 2952; x_wconf 83' lang='lat'>&#39;</span> 
     </span>
     <span class='ocr_line' id='line_1_33' title="bbox 127 3021 1046 3104; baseline -0.005 -17"><span class='ocrx_word' id='word_1_242' title='bbox 127 3033 253 3104; x_wconf 81' lang='lat' dir='ltr'>notare,</span> <span class='ocrx_word' id='word_1_243' title='bbox 289 3032 320 3085; x_wconf 89' lang='lat' dir='ltr'>et</span> <span class='ocrx_word' id='word_1_244' title='bbox 342 3043 433 3103; x_wconf 88' lang='lat' dir='ltr'>quam</span> <span class='ocrx_word' id='word_1_245' title='bbox 456 3022 579 3084; x_wconf 83' lang='lat' dir='ltr'>difficile</span> <span class='ocrx_word' id='word_1_246' title='bbox 602 3025 641 3083; x_wconf 89' lang='lat' dir='ltr'>sit</span> <span class='ocrx_word' id='word_1_247' title='bbox 662 3023 741 3083; x_wconf 86' lang='lat' dir='ltr'>alios</span> <span class='ocrx_word' id='word_1_248' title='bbox 770 3021 953 3101; x_wconf 84' lang='lat' dir='ltr'>confodere,</span> <span class='ocrx_word' id='word_1_249' title='bbox 979 3024 1046 3082; x_wconf 92' lang='lat' dir='ltr'>sine</span> 
     </span>
     <span class='ocr_line' id='line_1_34' title="bbox 126 3096 1046 3189; baseline -0.004 -20"><span class='ocrx_word' id='word_1_250' title='bbox 126 3124 183 3169; x_wconf 87' lang='lat' dir='ltr'>sua</span> <span class='ocrx_word' id='word_1_251' title='bbox 212 3109 309 3189; x_wconf 88' lang='lat' dir='ltr'>ipsius</span> <span class='ocrx_word' id='word_1_252' title='bbox 337 3109 453 3168; x_wconf 90' lang='lat' dir='ltr'>maiore</span> <span class='ocrx_word' id='word_1_253' title='bbox 480 3107 658 3186; x_wconf 86' lang='lat' dir='ltr'>ignominia.</span> <span class='ocrx_word' id='word_1_254' title='bbox 707 3096 827 3165; x_wconf 85' lang='lat' dir='ltr'>lnvidia</span> <span class='ocrx_word' id='word_1_255' title='bbox 857 3111 890 3164; x_wconf 91' lang='lat' dir='ltr'>ut</span> <span class='ocrx_word' id='word_1_256' title='bbox 924 3124 1046 3185; x_wconf 89' lang='lat' dir='ltr'>semper</span> 
     </span>
     <span class='ocr_line' id='line_1_35' title="bbox 127 3187 1044 3273; baseline -0.004 -21"><span class='ocrx_word' id='word_1_257' title='bbox 127 3199 175 3253; x_wconf 86' lang='lat' dir='ltr'>est</span> <span class='ocrx_word' id='word_1_258' title='bbox 195 3191 372 3273; x_wconf 87' lang='lat' dir='ltr'>imprudens</span> <span class='ocrx_word' id='word_1_259' title='bbox 394 3190 594 3269; x_wconf 84' lang='lat' dir='ltr'>etinsipiens,</span> <span class='ocrx_word' id='word_1_260' title='bbox 615 3190 668 3265; x_wconf 82' lang='lat' dir='ltr'>ita,</span> <span class='ocrx_word' id='word_1_261' title='bbox 693 3188 763 3247; x_wconf 92' lang='lat' dir='ltr'>dum</span> <span class='ocrx_word' id='word_1_262' title='bbox 781 3187 943 3248; x_wconf 91' lang='lat' dir='ltr'>mendacia</span> <span class='ocrx_word' id='word_1_263' title='bbox 954 3207 1044 3248; x_wconf 89' lang='lat' dir='ltr'>cona·</span> 
     </span>
     <span class='ocr_line' id='line_1_36' title="bbox 126 3271 1044 3354; baseline -0.007 -19"><span class='ocrx_word' id='word_1_264' title='bbox 126 3275 368 3354; x_wconf 81' lang='lat' dir='ltr'>turimponere,</span> <span class='ocrx_word' id='word_1_265' title='bbox 391 3273 539 3353; x_wconf 86' lang='lat' dir='ltr'>seipsam</span> <span class='ocrx_word' id='word_1_266' title='bbox 561 3273 664 3352; x_wconf 88' lang='lat' dir='ltr'>potius</span> <span class='ocrx_word' id='word_1_267' title='bbox 685 3271 952 3332; x_wconf 88' lang='lat' dir='ltr'>mendacissimam</span> <span class='ocrx_word' id='word_1_268' title='bbox 976 3288 1044 3330; x_wconf 88' lang='lat' dir='ltr'>cum</span> 
     </span>
     <span class='ocr_line' id='line_1_37' title="bbox 127 3352 1045 3439; baseline -0.007 -20"><span class='ocrx_word' id='word_1_269' title='bbox 127 3358 299 3439; x_wconf 88' lang='lat' dir='ltr'>ignominia</span> <span class='ocrx_word' id='word_1_270' title='bbox 321 3355 464 3417; x_wconf 88' lang='lat' dir='ltr'>ostendit.</span> <span class='ocrx_word' id='word_1_271' title='bbox 502 3355 595 3415; x_wconf 89' lang='lat' dir='ltr'>Disce</span> <span class='ocrx_word' id='word_1_272' title='bbox 607 3372 691 3435; x_wconf 73' lang='lat' dir='ltr'>ergo,</span> <span class='ocrx_word' id='word_1_273' title='bbox 714 3356 756 3414; x_wconf 92' lang='lat' dir='ltr'>mi</span> <span class='ocrx_word' id='word_1_274' title='bbox 767 3353 852 3429; x_wconf 85' lang='lat' dir='ltr'>Ecci,</span> <span class='ocrx_word' id='word_1_275' title='bbox 873 3352 956 3413; x_wconf 89' lang='lat' dir='ltr'>aliud</span> <span class='ocrx_word' id='word_1_276' title='bbox 977 3372 1045 3413; x_wconf 91' lang='lat' dir='ltr'>esse</span> 
     </span>
     <span class='ocr_line' id='line_1_38' title="bbox 128 3434 1045 3520; baseline -0.004 -19"><span class='ocrx_word' id='word_1_277' title='bbox 128 3441 244 3520; x_wconf 83' lang='lat' dir='ltr'>scripta</span> <span class='ocrx_word' id='word_1_278' title='bbox 263 3439 409 3517; x_wconf 83' lang='lat' dir='ltr'>iudicare,</span> <span class='ocrx_word' id='word_1_279' title='bbox 432 3444 464 3498; x_wconf 89' lang='lat' dir='ltr'>et</span> <span class='ocrx_word' id='word_1_280' title='bbox 484 3436 649 3497; x_wconf 87' lang='lat' dir='ltr'>iudicanda</span> <span class='ocrx_word' id='word_1_281' title='bbox 669 3438 819 3515; x_wconf 80' lang='lat' dir='ltr'>scribere3</span> <span class='ocrx_word' id='word_1_282' title='bbox 839 3435 913 3496; x_wconf 92' lang='lat' dir='ltr'>illud</span> <span class='ocrx_word' id='word_1_283' title='bbox 935 3442 966 3496; x_wconf 93' lang='lat' dir='ltr'>et</span> <span class='ocrx_word' id='word_1_284' title='bbox 980 3434 1045 3497; x_wconf 88' lang='grc' dir='ltr'>Μο-</span> 
     </span>
     <span class='ocr_line' id='line_1_39' title="bbox 128 3518 1045 3601; baseline -0.008 -16"><span class='ocrx_word' id='word_1_285' title='bbox 128 3525 247 3601; x_wconf 68' lang='lat' dir='ltr'>rinum,</span> <span class='ocrx_word' id='word_1_286' title='bbox 281 3521 342 3582; x_wconf 88' lang='lat' dir='ltr'>hoc</span> <span class='ocrx_word' id='word_1_287' title='bbox 371 3540 411 3581; x_wconf 92' lang='lat' dir='ltr'>ne</span> <span class='ocrx_word' id='word_1_288' title='bbox 439 3519 582 3584; x_wconf 80' lang='lat' dir='ltr'>Socrates</span> <span class='ocrx_word' id='word_1_289' title='bbox 606 3518 730 3599; x_wconf 89' lang='lat' dir='ltr'>quidem</span> <span class='ocrx_word' id='word_1_290' title='bbox 752 3521 826 3580; x_wconf 87' lang='lat' dir='ltr'>satis</span> <span class='ocrx_word' id='word_1_291' title='bbox 850 3519 957 3599; x_wconf 88' lang='lat' dir='ltr'>possit.</span> <span class='ocrx_word' id='word_1_292' title='bbox 999 3518 1045 3579; x_wconf 80' lang='lat' dir='ltr'>&#39;lu</span> 
     </span>
     <span class='ocr_line' id='line_1_40' title="bbox 129 3603 583 3684; baseline -0.007 -17"><span class='ocrx_word' id='word_1_293' title='bbox 129 3625 202 3667; x_wconf 88' lang='lat' dir='ltr'>vero</span> <span class='ocrx_word' id='word_1_294' title='bbox 225 3625 265 3666; x_wconf 91' lang='lat' dir='ltr'>ne</span> <span class='ocrx_word' id='word_1_295' title='bbox 285 3605 337 3683; x_wconf 86' lang='lat' dir='ltr'>sis,</span> <span class='ocrx_word' id='word_1_296' title='bbox 358 3622 451 3684; x_wconf 82' lang='lat' dir='ltr'>rogo,</span> <span class='ocrx_word' id='word_1_297' title='bbox 473 3603 583 3664; x_wconf 86' lang='lat' dir='ltr'>Morio.</span> 
     </span>
    </p>
   </div>
   <div class='ocr_carea' id='block_1_3' title="bbox 127 3728 548 3745">
    <p class='ocr_par' dir='ltr' id='par_1_8' title="bbox 127 3728 548 3745">
     <span class='ocr_line' id='line_1_41' title="bbox 127 3728 548 3745; baseline -0.01 0"><span class='ocrx_word' id='word_1_298' title='bbox 127 3728 548 3745; x_wconf 52' lang='lat' dir='ltr'>mm</span> 
     </span>
    </p>
   </div>
   <div class='ocr_carea' id='block_1_4' title="bbox 183 3794 410 3867">
    <p class='ocr_par' dir='ltr' id='par_1_9' title="bbox 183 3794 410 3867">
     <span class='ocr_line' id='line_1_42' title="bbox 183 3794 410 3867; baseline 0.009 -15"><span class='ocrx_word' id='word_1_299' title='bbox 183 3797 215 3867; x_wconf 86' lang='lat'>1)</span> <span class='ocrx_word' id='word_1_300' title='bbox 235 3794 317 3852; x_wconf 79' lang='lat' dir='ltr'>rua:</span> <span class='ocrx_word' id='word_1_301' title='bbox 344 3797 410 3854; x_wconf 67' lang='lat' dir='ltr'>snt</span> 
     </span>
    </p>
   </div>
   <div class='ocr_carea' id='block_1_5' title="bbox 0 0 1184 4200">
    <p class='ocr_par' dir='ltr' id='par_1_10' title="bbox 0 0 1184 4200">
     <span class='ocr_line' id='line_1_43' title="bbox 0 0 1184 4200; baseline 0 0"><span class='ocrx_word' id='word_1_302' title='bbox 0 0 1184 4200; x_wconf 95' lang='lat' dir='ltr'> </span> 
     </span>
    </p>
   </div>
  </div>
 </body>
</html>
