2356 4200
371 286 407 344 de
426 289 526 345 virtute
543 287 787 358 indulgentiarum.
907 330 910 335 .
981 280 1043 351 281

125 450 237 520 doctus
258 455 383 534 diceret,
406 459 543 520 omnium
564 431 962 539 haereticorum-pessimus
983 456 1045 518 iue-

125 543 175 618 rit,
197 540 251 602 sed
273 540 303 601 id
327 541 425 602 maius
447 541 601 602 damnum.
644 541 776 602 Tantum
798 547 846 602 est
865 541 997 619 crimen,
1010 540 1046 601 'sl

126 626 195 706 quis
226 623 416 684 Christianus
443 624 550 685 Tuscis
578 643 663 686 arma
685 623 817 702 deierat,
839 631 892 684 aut
913 623 1046 684 Romam

124 713 268 789 petentes
289 706 446 787 impediat,
468 714 522 768 aut
544 708 647 768 literas
670 707 858 788 apostolicas
873 705 1047 785 violaverit,
1120 734 1123 739 ·

126 797 162 852 ut
181 790 269 852 nulla
288 808 423 870 unquam
445 789 519 852 data
557 791 597 851 sit
623 790 753 851 facultas
778 789 832 850 illa
863 788 1047 868 remittendi,

125 874 247 935 etiamsi
268 873 448 954 plenissima
467 874 713 954 plenissimsmm
737 872 882 950 daretur,
905 869 960 933 sed
989 871 1048 935 sibl

124 962 267 1022 reservat.
286 954 376 1017 sedes
398 957 594 1036 apostolica:
629 962 691 1017 tam
705 961 821 1016 'sancte
841 961 915 1016 tuuc
934 954 1049 1036 agebat

125 1039 273 1107 ecclesia.
303 1044 335 1100 et
363 1040 492 1101 servatis
513 1040 571 1100 Dei
592 1039 746 1100 mendatis
771 1040 920 1119 primum,
955 1038 1048 1098 etium

126 1131 192 1184 tam
214 1140 310 1203 parra
334 1122 473 1199 voluerit,
495 1129 582 1183 tanto
602 1124 713 1203 rigore
727 1138 880 1183 coercere.
903 1119 1048 1182 Nondum

125 1206 210 1267 enim
232 1211 298 1269 emt
319 1204 483 1266 illaLerna
510 1213 541 1267 et
562 1213 692 1266 tartarus
714 1204 929 1280 simonianam,
952 1203 1049 1265 libidi·
1124 1247 1129 1253 -

125 1306 211 1367 num,
232 1306 425 1369 pomparum,
448 1288 602 1365 caedium,
624 1289 871 1368 reliquarumque
892 1287 1049 1359 abomina-

125 1373 245 1432 tionum
265 1371 297 1430 in
322 1371 464 1431 ecclesia.

210 1453 251 1514 At
272 1454 298 1514 si
319 1453 373 1514 illa
394 1454 437 1516 ita
448 1453 546 1535 rigide
559 1461 750 1529 coercentur,
772 1472 833 1533 quo
851 1452 975 1515 tandem
997 1473 1050 1534 pu·

126 1545 226 1599 tumrm
257 1538 358 1618 rigore
387 1542 457 1597 sunt
483 1534 662 1613 coercendi,
692 1537 743 1616 qui
766 1556 828 1597 non
850 1534 974 1617 Turcip,
996 1534 1050 1596 sed
1120 1577 1130 1588 .

126 1617 330 1681 daemonibus
359 1617 507 1697 offerunt,
536 1638 598 1680 non
622 1636 840 1699 quaecunque,
868 1618 923 1680 sed
939 1624 1052 1681 ¹nostra

126 1703 255 1785 propriu
275 1719 382 1781 anna,
414 1702 445 1762 ld
469 1709 532 1778 est,
555 1701 681 1763 verbum
704 1702 772 1777 Dei,
795 1700 868 1762 dum
887 1700 964 1762 illud
985 1701 1051 1764 suis

128 1785 258 1847 somniis
282 1785 503 1865 contaminant,
530 1792 561 1845 et
575 1782 627 1868 (ut
646 1785 742 1845 lsaias
753 1785 835 1845 solet
852 1784 955 1863 loqui)
980 1801 1051 1845 con-

127 1868 206 1930 tiant
226 1867 256 1927 in
279 1866 396 1928 idolum
418 1869 633 1948 perspiritum
656 1886 762 1946 suum,
798 1873 832 1928 ut
863 1867 903 1928 sit
921 1885 985 1928 non
1007 1869 1051 1927 in·

128 1955 347 2026 strumentum,
370 1966 431 2030 quo
454 1951 590 2012 trahatur
611 1951 734 2029 anima,
757 1949 811 2010 sed
835 1948 999 2010 seducatur
1019 1949 1049 2008 in

127 2033 223 2094 falsas
253 2033 440 2113 opiniones?
483 2032 525 2094 At
551 2033 611 2094 hoc
641 2033 747 2092 vitium
769 2032 883 2112 possint
906 2030 1052 2110 italicet,
1092 2104 1095 2109 Ι

126 2117 397 2199 υιινίίὶοείεείιηιιε
429 2117 483 2191 sit,
511 2117 562 2195 qui
595 2132 658 2176 non
677 2116 831 2175 'virtutem
859 2121 891 2174 et
910 2114 1052 2174 meritum

128 2200 306 2260 meritorum
330 2199 494 2277 existimet,
517 2197 858 2278 aquocunqueiactum
880 2197 979 2259 suerit.
1001 2196 1053 2257 dic

129 2289 163 2342 et
183 2281 218 2342 B.
241 2280 447 2362 Hieronymus
469 2283 614 2360 queritur,
636 2282 815 2361 scripturam
838 2280 979 2340 omnibus
1000 2296 1053 2360 pa

129 2373 213 2443 tere,
236 2372 299 2424 n'on
322 2362 362 2423 ad
384 2362 575 2443 discendum,
597 2362 651 2424 sed
673 2363 712 2440 ad
735 2362 942 2424 lacerandum.

214 2446 344 2526 Deinde,
367 2448 393 2507 si
415 2448 467 2526 qui
489 2453 597 2508 euntes
619 2446 750 2507 Romam
769 2445 950 2526 impediunt,
973 2442 1052 2505 adeo

129 2535 272 2612 peccant,
295 2527 366 2608 quid
379 2527 476 2611 illi¹),
498 2530 550 2608 qui
561 2536 669 2589 euntes
691 2528 722 2589 in
735 2527 854 2589 coelum
874 2526 1053 2608 impediunt,

129 2631 194 2674 non
225 2611 326 2672 solum
357 2610 572 2692 pestilentibus
599 2611 764 2689 doctrinis,
794 2610 964 2672 sedetiam
988 2627 1053 2670 con
1112 2665 1116 2672 .

130 2694 792 2857 tuttt‘tttttttt„ttulittt
814 2693 1054 2838 ’ἑῖἰῗὲιέξὲῗέἵ

129 2861 194 2922 tiae
211 2824 356 2938 tulerunt,
378 2860 437 2940 ipsi
461 2878 522 2920 non
545 2861 669 2938 intrant,
690 2866 721 2920 et
741 2859 931 2919 introeuntes
953 2856 1053 2937 prohi-

131 2943 207 3005 bcnt
229 2942 278 3011 ⁸).
302 2943 350 3005 An
373 2943 433 3002 ista
453 2947 597 3024 portenta
619 2945 690 3002 sunt
709 2941 790 3002 forte
811 2940 930 3002 maiora
952 2944 984 3000 et
1001 2944 1053 3019 pe-

130 3027 215 3103 iora,
244 3042 334 3104 quam
350 3031 384 3085 ut
403 3025 434 3084 iu
456 3023 507 3084 die
538 3042 656 3085 menae
676 3024 819 3104 legantur
832 3029 872 3099 ‚ct
896 3040 1053 3084 reserven-

131 3107 205 3169 tur?
233 3106 293 3168 Sed
315 3107 457 3188 legantur
478 3106 578 3166 solum
600 3107 630 3166 in
654 3105 757 3182 coelo,
780 3111 812 3166 et
832 3123 987 3185 nunquam
1008 3122 1054 3164 re-

131 3191 300 3252 mittantur.
845 3193 868 3229 ·.
1033 3198 1037 3203 ’

216 3271 438 3335 Benedictione
450 3272 555 3352 itaque
576 3270 671 3351 digni,
693 3271 745 3350 qui
767 3269 904 3332 nituntur
922 3287 1054 3351 purgare

132 3356 298 3436 scripturas
321 3361 443 3415 sanctas
456 3369 472 3434 ,·
488 3361 520 3414 et
540 3353 696 3415 elucidare
717 3372 757 3414 ex
779 3353 912 3415 tenebris
935 3353 1053 3432 opinio·

133 3458 206 3500 num
234 3444 266 3497 et
291 3435 491 3498 humanarum
525 3440 698 3515 rationum,
728 3434 837 3515 quibus
859 3452 959 3515 prope
980 3433 1052 3494 iacti

189 3712 328 3850 231¹?in
354 3715 400 3839 (pupi
418 3712 495 3767 illud.

270 3800 287 3838 a
330 3822 337 3837 .
394 3823 400 3837 .
