2356 4200
376 286 411 345 de
424 286 786 358 virtutaindulganliaru·
982 281 1042 351 171

205 455 308 517 Primo
329 456 475 535 probatur
497 457 656 519 conclusio
678 474 718 516 ex
738 457 806 536 ipso
830 475 887 518 uao
900 455 1043 519 <adsonis

122 539 346 619 poenitentiae,
376 540 405 598 iu
443 539 613 600 canonibus
647 539 835 620 descriptae,
874 540 960 601 wira
993 537 1045 599 ael

122 620 301 702 exemplum
329 621 377 683 vel
402 622 552 702 reliquum
579 623 741 703 vestigium
769 621 875 686 adbnev
890 621 990 701 agitur
1012 622 1044 680 in

121 703 280 765 homicidii
307 705 505 784 poenitentia.
555 705 615 766 Cur
642 706 724 767 enirn
746 705 796 767 hic
817 707 970 766 viventem
992 702 1046 765 ab·

123 787 249 849 solvunt
270 806 290 849 a
309 805 428 868 poena,
449 796 480 848 et
501 807 562 850 nou
585 789 741 849 remittunt
761 807 830 848 eum
853 786 893 847 ad
914 787 991 853 alias
1013 787 1046 847 in·

123 871 188 931 vita
209 868 356 949 agendas,
380 871 515 950 quitum
538 871 626 952 rigidi
648 879 719 933 anot
741 871 770 930 iu
793 869 978 932 morituros?
1033 900 1050 916 ›·

207 950 366 1031 Secundo,
398 954 443 1013 sic
471 953 505 1016 Β.
532 953 737 1034 Hieronymus
753 952 864 1015 ‚scribit
887 951 1044 1015 Fabiolam

126 1054 213 1097 auam
235 1033 419 1096 absolutam.
462 1035 513 1098 Sic
535 1037 569 1097 Β.
590 1037 771 1101 Ambrosius
793 1055 886 1097 suum.
904 1033 1048 1096 Theodoa

124 1118 201 1180 aium
224 1115 364 1179 absolvit.
405 1118 547 1200 Denique
568 1120 649 1200 apud
671 1119 786 1181 nullum
808 1118 994 1197 frequentius
1015 1115 1049 1177 id

124 1201 245 1280 legitur,
267 1218 360 1279 qnam
381 1201 462 1282 apud
485 1202 654 1281 gloriosum
667 1212 831 1282 martyrem
846 1201 1048 1281 Cypriacam,

124 1282 176 1343 lib.
198 1281 226 1348 3.
249 1283 448 1362 epietolorum
471 1304 609 1362 suarum,
631 1286 702 1345 item
725 1287 755 1347 in
778 1284 990 1345 ecclesiast-ica
1016 1288 1050 1343 et·

125 1366 276 1445 tripartita
301 1365 438 1428 historia.
486 1366 561 1429 Item
589 1367 671 1448 apud
694 1368 877 1447 Dionysium
896 1364 1047 1427 ili-eccle·

126 1449 250 1510 siriatico
269 1447 440 1517 hierarchia
462 1457 559 1511 status
580 1451 801 1531 poenitentium
823 1457 1048 1529 cl.eoerguma⁶

126 1550 236 1593 norum
266 1530 455 1593 describitur.
506 1533 540 1593 lu
568 1535 605 1594 iis
636 1533 776 1594 omnibus
809 1532 947 1593 videmus
984 1549 1049 1591 noo

125 1613 219 1675 inisse
251 1620 397 1694 receptos
431 1622 505 1675 tunc
532 1615 571 1677 ad
601 1617 729 1696 gratiam
759 1621 791 1677 et
820 1615 1048 1677 absolutionem

126 1702 318 1776 peccatores,
340 1697 399 1757 nisi
420 1705 546 1777 peracta
567 1700 765 1779 poenitentia.
914 1740 916 1747 -
997 1723 1006 1732 ¹

209 1778 313 1841 Tertio
334 1797 435 1858 neque
457 1780 593 1842 Christus
622 1781 755 1842 absolvit
774 1781 901 1842 Mariam
924 1777 1049 1858 Magda-

129 1860 231 1921 leuam
253 1866 285 1920 et
305 1859 490 1940 adulteram,
520 1865 577 1924 uisi
600 1872 671 1945 post
692 1865 850 1944 lacrimas,
872 1862 1053 1923 conbanem

127 1951 159 2003 et
179 1943 479 2006 vehementissimam
500 1954 531 2006 ct
551 1946 750 2014 humillimam
772 1945 982 2007 afflictionem.
1122 1994 1125 1999 .

211 2025 345 2104 Quarto,
372 2028 418 2086 sic
441 2029 571 2107 legimus
593 2029 689 2091 Gerre.
711 2031 770 2106 44,
802 2028 918 2108 loseph
941 2027 1047 2087 iratroe

128 2128 202 2171 suos
225 2107 327 2169 multis
349 2108 495 2171 afflixisse
526 2110 762 2188 tentationibus,
804 2117 836 2171 ol
864 2110 1048 2190 exploraret,

129 2211 168 2250 an
204 2211 275 2268 vere
302 2199 406 2252 essent
432 2213 505 2272 erga
539 2213 573 2254 se
594 2203 625 2256 et
648 2194 804 2255 Beniamin
831 2193 952 2268 affecti,
986 2208 1048 2270 quo

130 2274 255 2352 cognito
277 2273 425 2335 revelavit
444 2295 479 2336 se
500 2276 555 2353 eia,
578 2284 608 2337 et
628 2278 658 2337 iu
681 2277 809 2356 gratiam
831 2276 955 2356 recepit

423 2516 634 2579 Conclusio
664 2516 756 2579 Xlll.

214 2676 349 2738 Moritnri
372 2699 427 2759 per
451 2690 577 2746 mortem
602 2684 706 2746 omnia
726 2681 860 2759 solvont,
880 2688 912 2741 et
931 2677 1057 2759 legibus„

131 2779 284 2823 canonum
307 2763 419 2822 mortui
440 2764 500 2824 iam
515 2774 602 2845 sunt,
624 2767 771 2836 habentes
793 2766 858 2826 iure
880 2782 984 2825 earum
1005 2780 1050 2821 re

131 2843 331 2906 laxationem.
923 2861 925 2867 ·
1082 2916 1085 2921 .

213 2924 298 2985 Haeo
321 2926 477 2988 concludit
497 2930 655 3010 praedicta
677 2929 708 2990 et
728 2931 803 2991 satia
822 2935 917 3008 patet.
960 2924 1052 2993 Esset

131 3010 212 3069 eninr
237 3006 314 3068 haec
334 3028 383 3068 res
408 3010 595 3092 mimantis,
623 3015 648 3072 si
677 3016 840 3075 moriturus
862 3010 990 3072 solvitur
1011 3006 1050 3068 ab

132 3092 273 3153 Omnibus
286 3089 439 3170 Operibus,
461 3095 562 3173 rebus,
574 3095 702 3176 legibus,
722 3092 906 3167 bominibus,
927 3093 1052 3170 insuper

132 3175 171 3234 ab
193 3173 267 3256 ipsis
283 3172 401 3252 legibus
414 3175 482 3254 Dei,
504 3179 620 3240 scilicet
642 3178 692 3240 obi
714 3177 900 3258 praecipitur
921 3175 1054 3235 eleemo-

132 3278 219 3338 syna,
244 3255 352 3331 oratio,
373 3256 530 3339 ieiunium,
552 3281 637 3338 crux,
659 3261 758 3327 labor,
781 3263 812 3321 et
833 3257 975 3337 quioquid
998 3276 1053 3337 per

133 3360 245 3422 corpus
290 3339 332 3397 eri
354 3346 471 3418 potest,
504 3343 636 3425 denique
657 3344 696 3405 ab
718 3344 792 3424 ipsis
815 3349 941 3402 sanotae
961 3339 1053 3401 ditae

132 3425 223 3484 tionis
259 3357 357 3501 &aaa
386 3441 541 3504 nunquam
569 3427 683 3490 excidit
704 3426 788 3503 sola)
813 3423 957 3505 operibus
974 3441 1056 3501 ierga

132 3510 323 3585 proximum,
345 3510 377 3563 et
397 3506 481 3567 solae
504 3529 602 3570 rerum
626 3512 685 3570 sint
707 3526 857 3580 canones,
892 3526 910 3566 a
943 3504 1051 3584 quibua

133 3610 194 3650 non
218 3586 316 3671 possit
337 3585 424 3649 solvi.
467 3584 543 3651 Tum
568 3594 755 3655 Christianus
776 3588 976 3651 miserabilior
998 3587 1054 3648 erit

132 3675 250 3746 cunctis
273 3667 424 3750 gentibus,
447 3681 533 3752 puta,
553 3695 643 3757 quem
662 3677 753 3738 etiarn
764 3679 917 3737 mortuum
940 3675 1054 3732 vexent

132 3755 218 3838 leges
242 3757 399 3833 vivorum,
433 3773 501 3819 cum
534 3758 601 3841 ipsa
632 3759 736 3842 polius
758 3756 827 3820 talis
848 3756 888 3821 ait
908 3753 1060 3822 rit-etiam
