2356 4200
178 281 240 348 318
498 311 508 325 ·
564 284 721 353 Disputatio

263 453 319 531 36)
346 451 427 525 Quia
449 454 623 533 ignorantia
644 453 702 512 Dei
725 460 756 512 et
782 452 828 511 sui
851 457 882 512 et
903 450 975 512 boni
1000 453 1104 532 operis

175 541 227 607 est
248 543 375 595 naturae
391 536 422 610 ¹)
446 555 569 615 semper
590 535 782 596 invincibilis.

263 622 321 693 37)
340 618 457 678 Natura
478 621 572 679 etiam
594 619 624 678 in
649 638 743 699 opere
761 607 962 699 specietenus
977 623 1009 678 et
1028 618 1104 677 foris

97 704 100 709 ’
178 702 273 776 bono,
295 704 376 762 intus
399 703 574 762 necessario
598 702 746 782 gloriatur
769 709 799 762 et
821 700 965 781 superbit.

261 786 317 861 38)
343 784 435 846 Nulla
459 793 505 845 ast
526 786 621 846 virtus
643 785 779 863 moralis,
802 787 868 845 sine
885 783 935 845 vel
949 784 1104 863 superbia,

178 868 229 929 vel
251 869 388 947 tristitia,
410 868 441 928 id
465 875 528 947 est,
550 875 689 948 peceato.

263 951 320 1031 39)
344 951 414 1012 Non
444 970 548 1011 sumus
578 951 694 1012 domini
728 960 849 1012 aotuurn
878 957 1055 1011 nostrorum
1085 970 1105 1010 a

178 1035 329 1117 prinoipio
352 1053 449 1113 usque
472 1034 511 1095 ad
533 1033 642 1111 linem,
665 1034 719 1095 sed
743 1036 833 1096 servi.
864 1034 980 1094 Contra
1001 1033 1103 1093 Philo·

85 1189 88 1194 Υ
179 1119 306 1199 sophos.

261 1203 319 1277 40)
343 1201 415 1261 Non
446 1200 594 1260 esfioimur
624 1202 695 1261 iusti
721 1202 802 1260 iusta
829 1200 1005 1279 operando,
1047 1199 1104 1260 sed

178 1286 249 1345 insti
271 1284 343 1344 faeti
366 1303 528 1363 operamur
550 1286 639 1343 iusta.
683 1283 799 1344 Contra
821 1283 1039 1362 Philosophos.

175 1382 182 1396 ‘
261 1368 320 1444 41)
343 1367 423 1427 Tota
459 1367 523 1427 fere
551 1366 726 1427 Aristotelis
760 1366 862 1426 ethica
890 1368 1025 1446 pessima
1056 1373 1105 1426 est

180 1451 299 1531 gratiae
320 1451 454 1510 inirniea.
498 1449 614 1510 Contra
635 1449 854 1512 scholasticos.

262 1535 320 1607 42)
352 1533 445 1593 llrror
473 1540 535 1612 est,
568 1533 744 1593 Aristotelis
772 1533 955 1592 sententiam
978 1531 1017 1590 de
1039 1530 1104 1591 seli-

180 1618 272 1676 eitats
293 1635 355 1676 non
378 1635 550 1696 repugnare
573 1616 733 1676 doetrinae
760 1615 942 1678 catholicae.
986 1613 1105 1674 Contra

180 1700 324 1760 Morales.
1003 1734 1005 1738 ι

262 1785 319 1855 43)
345 1782 439 1842 Error
467 1788 513 1842 est
544 1781 661 1859 disere,
697 1783 763 1841 sine
787 1781 954 1841 Aristotele
983 1799 1047 1840 non
1071 1777 1106 1839 lit

179 1866 354 1946 theologus.
398 1865 513 1926 Contra
536 1865 845 1926 dietumoommune.
1050 1914 1053 1921 .

263 1951 321 2024 44)
345 1949 411 2008 Irno
442 1948 607 2028 theologus
635 1967 698 2008 non
731 1947 778 2027 fit,
818 1949 876 2008 nisi
902 1945 933 2006 id
961 1945 1015 2005 liat
1037 1947 1105 2005 sine

179 2032 356 2092 Aristotele.
461 2047 463 2053 ’

262 2117 320 2194 45)
345 2115 522 2194 Theologus
545 2134 607 2174 non
626 2115 744 2194 logious
758 2122 805 2174 est
816 2119 1009 2174 monstrosus
1032 2111 1104 2171 1155-

179 2201 305 2276 reticus,
336 2204 392 2259 est·
410 2204 586 2258 monstrosa
608 2208 639 2257 et
658 2199 813 2257 haeretica
835 2197 944 2257 oratio.
988 2194 1105 2256 Contra

180 2283 294 2342 dieturn
318 2301 490 2342 commune.

262 2367 320 2441 46)
345 2367 468 2424 Frustra
489 2363 612 2444 fingitur
635 2364 735 2444 logion
752 2362 833 2440 fidei,
856 2362 1028 2440 suppositio
1043 2381 1104 2420 me-

181 2448 280 2526 diata,
303 2454 390 2508 extra
412 2447 573 2508 terminum
597 2454 627 2507 et
649 2466 818 2506 numerum.
863 2444 977 2504 Contra
999 2463 1104 2505 reeen-

181 2539 225 2593 tes
248 2532 444 2591 Dialeetioos.

261 2616 318 2692 47)
344 2614 436 2674 Nulla
463 2613 562 2673 forrna
589 2613 780 2694 syllogistica
807 2617 891 2671 tenet
912 2612 943 2670 in
966 2611 1103 2670 terminis

181 2698 302 2760 divinis,
346 2697 461 2758 Contra
482 2696 571 2756 Card.
584 2696 628 2768 2).

262 2783 319 2858 48)
345 2780 414 2841 Non
445 2790 546 2839 tarnen
569 2779 639 2839 ideo
664 2779 815 2857 sequitur,
844 2779 1010 2837 veritatem
1032 2776 1102 2836 arti·

183 2866 242 2925 auli
264 2865 420 2926 Trinitatis
443 2882 617 2943 repugnare
639 2863 743 2923 formis
766 2860 975 2940 syllogisticis.
1019 2859 1103 2920 Con·

69 3034 72 3039 ,
179 2956 225 3009 tra
248 2948 374 3008 eosdem
398 2946 488 3009 Card.
505 2946 558 3007 Ca.

262 3034 320 3105 49)
346 3031 377 3092 Si
399 3030 497 3090 forma
519 3029 710 3110 syllogistica
733 3034 817 3088 tenet
837 3028 867 3085 in
891 3027 1012 3104 divinis,
1034 3026 1104 3086 arti-

179 3115 265 3176 eulns
286 3114 442 3174 Trinitatis
464 3114 522 3173 erit
542 3115 634 3172 seitus
657 3119 688 3171 et
708 3131 771 3171 non
794 3110 936 3171 creditus.

263 3201 321 3274 50)
346 3198 500 3273 Breviter,
527 3203 608 3256 totus
632 3195 815 3255 Aristoteles
847 3194 885 3253 ad
910 3193 1097 3273 theologiam

180 3289 228 3342 est
248 3278 394 3342 tenebrae
416 3279 456 3340 ad
478 3280 585 3339 luoern.
630 3278 745 3338 Contra
767 3277 985 3338 Scholastioos.

262 3370 320 3438 51)
345 3363 477 3424 Dubium
507 3369 554 3423 est
574 3361 757 3439 vehemens,
792 3380 830 3420 an
861 3361 1015 3421 sententia
1036 3358 1101 3418 Ari·

180 3449 299 3509 stotelis
323 3450 363 3507 sit
382 3445 465 3526 apud
487 3445 623 3506 Latinos.

234 3660 263 3722 1)
283 3659 314 3709 In
335 3657 377 3710 ed.
398 3657 466 3712 1538
486 3663 513 3708 et
533 3656 615 3710 tots:
645 3659 751 3706 natura.
789 3652 821 3716 2)
843 3651 969 3722 Intellige
989 3653 1100 3705 Petrum

180 3730 214 3783 de
244 3729 349 3783 Alliaeo
380 3727 552 3781 (αι-(11551515
572 3726 726 3789 Gamerae,
756 3726 802 3792 qni
829 3727 934 3792 passim
959 3725 1100 3778 refutatur.

180 3803 213 3856 cf.
233 3801 467 3856 Loeseherrseta
486 3800 609 3852 Reform.
629 3798 653 3866 l,
672 3796 733 3853 542.
