2356 4200
51 360 65 371 ,
168 282 232 354 198
498 287 645 354 sermones
663 288 775 343 nurum

175 477 256 536 men,
279 457 399 537 quoties
421 457 622 536 vultsbibe‘re,
643 457 721 540 fugit
744 476 833 536 aqua.
875 456 952 518 Miro
976 455 1095 518 seilicet

174 540 300 622 ingenio
324 539 473 619 cupiditas
495 540 545 600 hic
564 539 697 620 fingitur.
741 540 857 600 Contra
867 540 939 619 quid
954 546 1002 600 est
1020 558 1091 601 con-

96 660 100 673 ·
174 631 337 684 temtorem
360 642 460 683 rerum
483 622 640 684 abundare
662 623 761 700 bonis,
775 642 866 702 quam
878 622 916 683 ab
932 623 990 701 his,
1013 642 1093 702 quae

173 707 338 785 relinquit,
374 707 479 784 quaeri
508 713 539 766 et
566 707 763 786 concupisci?
805 705 960 769 Mendinet
981 725 1093 767 avarus

174 789 306 866 divitias,
330 787 383 848 sed
405 788 530 850 divitiae
554 789 764 849 mendicantur
777 807 961 868 pauperem:
985 788 1093 849 odiunt

174 874 220 932 sui
242 878 429 949 amatorem,
460 878 491 931 et
520 878 624 932 amant
646 873 691 932 sui
714 891 847 932 osorem.
890 871 979 932 Unde
1001 877 1032 932 et
1053 871 1093 931 de

172 956 247 1036 ipsis
270 974 374 1014 verum
398 962 446 1014 est
468 955 556 1015 illud:
580 955 663 1034 quod
685 955 821 1034 sequitur
841 954 974 1034 fugiunt,
1009 954 1092 1034 quod

124 1047 125 1057 ¹
172 1039 337 1118 lugitipse
360 1056 482 1116 sequor.
526 1039 620 1118 igitur
642 1039 693 1116 qni
715 1056 779 1099 nou
799 1037 864 1098 vult
883 1037 1025 1117 relinqui,
1046 1057 1092 1098 re·

172 1121 308 1200 linquat,
336 1121 386 1198 qni
408 1119 473 1180 vult
497 1121 592 1180 amari
610 1120 710 1200 odiat,
732 1119 774 1179 e't¹
787 1121 840 1198 qui
861 1120 926 1179 vult
947 1120 1093 1183 honorari

173 1209 404 1281 contemnatur,
427 1205 478 1282 qui
500 1202 566 1263 vult
587 1202 766 1283 glorificari,
783 1203 959 1282 ignominia
979 1201 1093 1267 affinia·

173 1294 231 1365 tur,
255 1291 287 1344 et
309 1285 354 1344 sic
375 1285 414 1345 de
436 1285 513 1347 aliis.
556 1284 645 1346 Unde
668 1286 716 1346 Pe.
738 1287 773 1349 8:
802 1286 907 1347 omnia
926 1285 984 1346 sub
1003 1285 1091 1366 pedi·

172 1369 228 1430 hus
257 1368 341 1444 eius,
373 1388 435 1429 non
458 1369 516 1445 ait,
550 1370 654 1429 omnia
680 1369 810 1448 posuisti
838 1368 878 1429 ad
900 1375 991 1447 caput
1012 1369 1088 1430 eius.

172 1450 278 1513 Homo
301 1451 383 1509 enirn
405 1451 456 1530 qui
479 1452 584 1512 omnia
604 1451 747 1528 relinquit
768 1458 799 1511 et
821 1449 1001 1529 contemnit,
1015 1450 1091 1530 quid

171 1532 253 1595 alind
275 1533 368 1609 fecit,
404 1553 496 1612 quam
529 1533 612 1612 quod
649 1533 705 1595 sub
737 1533 867 1613 pedibus
900 1553 937 1594 ea
968 1533 1092 1597 habeat.

172 1615 274 1679 Habet
296 1635 377 1695 ergo·
392 1617 512 1692 omnia,
543 1617 615 1695 quic
641 1617 696 1676 sub
725 1617 869 1696 pedibus,
898 1637 961 1679 non
989 1616 1093 1695 habet,

173 1699 247 1778 quia
270 1697 326 1759 sub
348 1698 477 1777 pehibus
500 1718 538 1758 ea
559 1698 730 1761 conculcat.
773 1699 825 1760 eie
845 1700 876 1759 in
904 1700 975 1779 lege
996 1699 1092 1760 Moeis

171 1781 366 1861 promittitur,
380 1782 480 1842 omnis
492 1781 589 1859 locus,
604 1801 693 1861 quem
717 1782 883 1844 calcaverit
903 1801 959 1861 pes
980 1787 1092 1861 vester,

172 1864 230 1924 erit
251 1870 368 1941 vester,
389 1865 408 1922 i.
432 1884 460 1925 e.
490 1865 515 1922 si
539 1866 763 1924 contemseritis
785 1883 838 1942 ea,
859 1870 951 1927 erum
979 1871 1092 1942 vestra,

171 1964 234 2007 non
262 1945 406 2006 habendo
434 1946 601 2024 habebitis,
633 1953 665 2007 et
700 1947 773 2006 nihil
806 1947 955 2013 habentes
988 1949 1094 2009 omnia

170 2027 377 2109 possidebitis,
390 2030 494 2090 omnia
505 2020 694 2107 poisidendo
707 2028 781 2091 nihil
792 2029 953 2093 habebitis.
971 2029 1095 2104 Quare?

173 2114 244 2190 quia
266 2130 329 2171 non
352 2112 505 2171 calcamus
528 2131 572 2178 ee.
591 2111 741 2192 pedibus3
773 2123 878 2172 verum
898 2132 957 2173 nec
978 2115 1094 2192 superi·

171 2213 243 2257 cres
266 2212 373 2255 eornm
395 2193 562 2272 efficimini,
583 2195 639 2257 sed
658 2197 728 2274 ipsa
748 2194 869 2257 calcant
889 2215 944 2256 vos
964 2194 1094 2275 pedibus

173 2277 236 2336 suis
259 2295 351 2354 super
373 2285 465 2356 caput
487 2276 620 2342 vestrum
643 2285 674 2337 et
695 2295 802 2338 servos
818 2278 946 2340 demunt

256 2358 308 2420 Sic
330 2366 362 2418 et
382 2359 442 2418 hoc
463 2359 534 2420 loeo
557 2359 734 2440 centuplum
745 2361 867 2439 accipit,
882 2362 934 2439 qni
948 2359 1091 2439 simplum

172 2441 324 2518 relinquit.
367 2441 436 2502 Non
459 2447 561 2502 autem
589 2448 636 2502 est
663 2443 725 2504 hoc
746 2443 919 2521 relinquere
937 2444 984 2503 sic
1005 2442 1093 2504 intel·

171 2523 329 2604 ligendum
356 2523 524 2584 secundum
554 2543 663 2586 sensus
696 2524 876 2603 ruditatem,
905 2525 994 2603 quasi
1033 2544 1093 2587 nos

80 2601 84 2621 ²
171 2605 276 2667 iubeat
288 2607 438 2666 Dominus
460 2606 498 2667 ab
520 2608 653 2668 invicem
676 2606 823 2668 recedere
846 2608 1004 2669 etnullam
1018 2607 1092 2671 elte-

171 2689 234 2751 rius
257 2707 361 2748 curam
383 2689 507 2767 habere,
530 2709 601 2750 cum
622 2692 725 2770 potius
747 2691 911 2769 unicuique
929 2689 1092 2752 mandave-

171 2771 211 2832 rit
238 2771 277 2830 de
306 2773 449 2851 proximo
481 2791 537 2832 suo
564 2781 596 2833 et
622 2773 776 2834 honorare
804 2780 949 2852 parentes
976 2772 1093 2835 iubent

171 2853 318 2932 Aliequin
349 2873 456 2915 omnes
486 2857 623 2934 oportuit
644 2854 709 2916 fieri
731 2856 953 2931 anachoretam
981 2861 1014 2915 at
1040 2855 1092 2918 ubi

173 2944 246 2997 tnnc
269 2944 407 2997 maneret
427 2944 625 3018 praeceptum
647 2939 780 2998 caritatis
802 2938 882 3017 apud
902 2938 1093 2999 solitarium?

170 3019 236 3081 lmo
268 3039 337 3078 oum
366 3021 507 3080 inimicos
534 3022 704 3100 praecipiat
730 3021 858 3100 diligere
881 3026 912 3080 et
933 3021 965 3079 in
988 3021 1090 3082 medio

168 3100 364 3163 inimicorum
388 3121 513 3162 suorum
535 3122 663 3183 regnum
685 3123 772 3163 suum
794 3104 812 3162 i.
830 3122 856 3163 e.
872 3122 930 3164 nos
943 3104 1091 3182 posuerit,

172 3190 266 3264 petet,
290 3184 371 3262 quod
394 3204 452 3244 nec
472 3193 601 3265 propter
622 3185 704 3245 mala
726 3187 787 3247 sint
807 3185 949 3246 homines
964 3192 998 3246 et
1017 3186 1091 3247 boni

172 3267 381 3345 relinquendi,
411 3267 507 3328 multo
538 3270 636 3328 minus
663 3275 789 3347 propter
816 3268 941 3329 bonum.
975 3268 1092 3411 &itur

173 3349 234 3410 hoc
273 3348 447 3429 relinquere
480 3349 664 3431 intelligitur
699 3350 896 3430 spiritualiter
923 3357 955 3410 et
1018 3360 1088 3412 ectu

174 3430 240 3492 fieri
270 3433 350 3490 intus
378 3451 481 3493 eoram
513 3433 582 3493 Deo
604 3435 635 3492 in
654 3432 852 3509 abscondito,
883 3433 956 3494 soris
987 3439 1089 3493 autem

174 3520 297 3594 oportet
319 3533 410 3593 quam
434 3517 565 3575 maxime
586 3516 646 3575 illis
669 3515 836 3575 adhaerere
848 3521 879 3575 et
890 3516 1025 3575 misceri:
1048 3516 1092 3575 ita

173 3604 205 3656 ut
226 3597 319 3657 homo
343 3597 441 3657 discat
462 3598 511 3657 hic
540 3599 645 3659 omnia
672 3597 786 3658 habere
811 3596 1031 3675 indifferentia,
1049 3605 1093 3658 et

171 3679 367 3740 solummodo
390 3699 409 3738 a
429 3681 496 3742 Deo
518 3681 548 3740 in
563 3681 661 3740 Deum
678 3700 734 3759 per
752 3681 849 3742 Deum
871 3681 994 3758 feratur,
1015 3699 1090 3759 quo·

172 3762 387 3842 modocunque
412 3763 532 3842 cedant,
556 3769 648 3843 atque
669 3783 709 3824 ne
729 3770 856 3844 propter
877 3781 984 3824 eorum
1004 3782 1089 3826 eno·
