2356 4200
395 878 509 972 Acta
537 874 801 999 Argustana

393 1092 395 1099 v
468 1077 560 1143 Arno
582 1075 755 1144 noxum.

486 1364 724 1467 Praefatio.

279 1513 291 1543 ἱ

230 1557 323 1647 Anno
346 1586 619 1666 15181mperator
646 1606 685 1647 ac
706 1588 859 1667 principes
882 1587 1068 1653 Germaniae

148 1670 318 1751 Augustam
342 1668 570 1730 vindelicorum
598 1679 824 1749 convenerunt,
854 1678 890 1731 ut
912 1676 946 1732 et
968 1671 1009 1733 de
1028 1691 1068 1732 ra·

147 1753 203 1814 bus
226 1751 355 1833 publicis
378 1751 563 1812 Germaniae
592 1760 624 1814 at
653 1752 691 1814 de
718 1752 801 1815 bello
824 1760 936 1814 contra
958 1754 1068 1815 Tureaa

148 1833 343 1916 suscipiendo
366 1834 572 1895 consulerent.
594 1835 644 1909 Ad
667 1854 734 1894 eum
753 1843 942 1897 conventum
960 1837 1033 1898 aPa

147 1918 251 1980 Leone
272 1918 299 1978 X
321 1918 431 1977 missus
454 1925 501 1977 est
523 1917 629 1997 Legati
651 1918 792 1978 aLatere
814 1917 886 1978 loco
899 1918 1036 1980 Cardine
1046 1920 1068 1979 ‘r

147 2000 282 2062 Thomas
304 1999 342 2069 de
364 2000 423 2061 Vio
447 1999 629 2078 Caietanus‚
652 2020 742 2080 quern
766 2000 964 2062 Gardinalem
988 2001 1067 2064 Caie-

146 2092 252 2144 tanum
274 2082 431 2163 appellare
453 2083 562 2144 solent.
592 2083 680 2164 Huic,
702 2091 736 2143 ut
757 2091 788 2144 et
808 2083 925 2145 reditus
948 2084 1067 2147 Pontifi-

147 2168 190 2227 cis
212 2169 348 2247 integros
373 2172 509 2226 servaret
529 2172 561 2226 et
580 2185 630 2235 res
652 2167 877 2227 ecclesiasticas
899 2167 1065 2230 Bohemiae

145 2256 176 2310 et
197 2248 400 2309 adiacentium
423 2255 570 2309 terrarum
605 2250 636 2308 in
663 2249 822 2329 pristinum
847 2256 963 2310 statum
986 2251 1065 2312 resti·

144 2339 251 2410 lueret,
274 2332 302 2394 d.
326 2332 362 2391 V.
386 2351 425 2393 m.
446 2331 518 2391 Maii
536 2333 615 2395 1518
638 2332 798 2413 singularis
820 2331 935 2393 tradita
958 2341 1007 2395 est
1023 2334 1064 2405 lp·

145 2416 270 2475 structio
297 2414 351 2487 (cf.
374 2413 529 2474 Loesoher
550 2414 686 2476 Reform.
709 2415 788 2475 Acta
808 2415 844 2493 11,
868 2417 961 2493 310.)
1000 2416 1064 2477 Oar-

144 2497 253 2558 dinalis
286 2496 450 2556 Caietanus
480 2516 587 2558 meuse
619 2497 712 2558 Junio
746 2496 918 2578 Augustam
944 2499 1061 2560 Vindel.

144 2582 292 2662 pervenit,
316 2579 367 2641 ubi
388 2580 559 2659 Imperator
580 2581 807 2641 Maximilianus
822 2582 947 2660 ipseet
968 2581 1062 2643 Fride·

143 2665 222 2723 ricus
245 2663 400 2724 Senoniae
418 2662 542 2723 Elector
564 2682 632 2723 cum
654 2663 778 2742 reliquis
800 2665 992 2744 principibus
1004 2685 1062 2726 ver·

144 2746 296 2807 sabantur.
339 2746 479 2806 Eundem
501 2747 670 2827 Augustam
693 2748 813 2806 venisse
834 2746 962 2808 Lutheri
984 2769 1062 2810 caus-

143 2847 208 2888 sam
240 2848 456 2908 oppressurum
479 2847 545 2888 cum
577 2829 657 2890 ultro
687 2831 805 2909 opinari
833 2828 905 2890 licet
942 2838 1008 2893 tum
1028 2851 1062 2891 ex

143 2912 274 2991 epistola
295 2918 437 2991 apparet,
466 2931 557 2992 quam
578 2912 724 2972 Lutherus
748 2912 776 2973 d.
799 2914 848 2974 21.
870 2932 910 2972 m.
935 2913 1060 2995 Augusti

142 2993 181 3053 ad
205 2993 394 3074 Spoletinum
418 2994 515 3073 dedit,
543 2994 595 3054 ubi
621 2995 698 3055 haec
718 2995 861 3074 legimus:
900 2995 1059 3069 „Nondum

142 3076 273 3137 redierat
295 3079 434 3154 nuntius,
463 3097 552 3156 quem
575 3077 614 3137 ad
636 3078 870 3138 illustrissimum
891 3077 1059 3162 Principem

142 3160 328 3219 Fridericum
351 3162 450 3220 emisi:
472 3160 543 3222 ideo
566 3161 666 3221 adhuc
688 3169 845 3240 exspecto,
866 3161 941 3240 quid
964 3163 1058 3224 Domi·

136 3262 198 3301 -nus
219 3243 251 3301 in
274 3262 344 3302 mea
374 3262 482 3302 caussa
504 3264 558 3322 per
585 3263 641 3304 vos
672 3264 764 3325 agere
788 3244 872 3304 velit.
916 3245 1058 3306 Audivi

141 3331 242 3385 autern
273 3326 559 3386 reverendissimum
595 3326 787 3388 cardinalem
816 3326 1000 3389 Caletanum
1032 3326 1057 3387 id

141 3409 333 3486 potissimum
361 3408 475 3470 habere
497 3410 632 3470 mandati
654 3431 672 3470 a
699 3430 818 3470 summo
840 3409 1010 3487 Pontifice,
1030 3418 1056 3469 ut

142 3492 225 3549 ornni
247 3491 348 3552 studio
371 3493 444 3552 mihi
463 3493 602 3553 Caesaris
625 3502 656 3552 et
677 3491 854 3571 Principum
878 3495 1001 3556 animos
1022 3494 1056 3553 l·

140 3575 200 3631 ciat
222 3574 368 3635 adversos
403 3576 508 3649 (Luth.
530 3575 645 3654 Eppl
681 3575 729 3634 ed.
751 3574 846 3634 Aurif.
889 3596 920 3654 p.
944 3581 995 3642 76.
1024 3575 1055 3635 dr

140 3655 277 3717 Wettel
316 3678 344 3736 p.
369 3660 456 3732 132).
498 3657 647 3718 Lutherus
671 3663 772 3717 autem
805 3658 888 3736 ipse,
919 3679 1010 3739 quum
1030 3657 1053 3717 d.

138 3739 194 3805 Vll
217 3763 258 3807 m.
283 3741 363 3825 Aug.
385 3739 572 3804 (litationem
592 3741 777 3820 accepisset,
810 3743 845 3800 ut
866 3739 1002 3804 Romam
1022 3739 1052 3802 ad
