2356 4200
422 281 451 335 F.
471 281 604 339 Iohannis
624 282 745 338 Totaelii.
988 282 1051 349 307
1157 334 1160 342 ,

128 450 168 530 git
189 449 231 510 de
251 449 318 530 his,
352 469 431 530 quae
453 457 525 517 sunt
544 450 633 531 fidei,
662 454 692 513 in
715 453 828 515 iudicio
850 453 889 514 de
910 454 955 513 eis
977 471 1051 513 sen·

129 531 298 594 tentiando.
1100 588 1106 598 .

208 615 249 697 71)
273 615 415 677 Docendi
450 623 523 679 sunt
543 617 724 696 Christiani,
761 618 844 697 quod
876 620 1051 680 sententiae

127 718 242 779 papae,
267 718 361 778 quam
383 698 490 759 dehis
514 719 593 779 quae
615 700 687 761 lidei
709 708 779 761 sunt
800 702 934 781 profert,
955 702 987 762 in
1008 703 1051 762 iu·

127 780 205 844 dicio
219 783 322 862 magis
332 782 475 843 standum
492 790 548 861 est,
561 802 654 863 quam
664 785 797 845 sentent'
789 803 838 845 rae
850 803 1052 863 quorumcun-

126 883 183 945 que
196 864 360 927 hominum
374 866 497 945 sapient
497 885 549 926 um
561 867 593 925 in
615 867 829 946 scripturarum
844 867 1051 947 opinionibus

211 949 251 1026 8)
277 947 420 1009 Dooendi
442 955 514 1009 sunt
535 947 713 1029 Christiani,
738 949 821 1029 qnod
843 969 925 1047 papa
945 951 984 1011 ab
1007 953 1051 1010 eis

128 1030 221 1093 debet
243 1050 367 1112 semper
389 1037 420 1092 et
408 1031 596 1093 thumiliter
612 1033 823 1112 honorari,t
791 1040 823 1094 et
833 1052 895 1095 non
907 1053 1051 1094 1n1urrarr

210 1114 249 1195 9)
275 1114 417 1176 Dooendi
450 1120 521 1175 sunt
549 1115 727 1193 Christiani,
761 1116 844 1212 quod
877 1117 987 1177 honori
1021 1124 1052 1176 et

127 1198 284 1259 autoritati
316 1216 418 1278 papae
448 1196 633 1294 derogantes
666 1199 894 1261 maledictionis
917 1218 1051 1280 poenam

127 1299 161 1341 ac
181 1279 292 1341 laesae
315 1282 484 1341 maiestatis
507 1283 621 1342 crimen
643 1283 808 1342 incurrunt.

130 1408 133 1414 ·
211 1365 270 1437 10)
295 1362 437 1425 Dooendi
458 1370 530 1424 suut
551 1364 660 1425 Christ'
640 1366 730 1443 trani,
761 1363 844 1443 quod
865 1383 978 1444 papam
1001 1363 1051 1424 de-

127 1445 293 1508 risionibus
342 1445 644 1526 detractionibusque
682 1454 874 1527 exponentes
916 1447 1055 1509 haeresis.

127 1528 197 1591 labe
220 1535 377 1607 notantur,
400 1534 432 1589 et
454 1548 473 1590 a
494 1549 549 1608 spe
571 1531 658 1611 regni
679 1531 823 1592 coelestis
840 1530 1051 1592 excluduntur.

211 1616 270 1686 ll)
295 1611 437 1672 Dooendi
459 1619 530 1672 sunt
551 1612 730 1693 Christiani,
761 1612 844 1692 quod
866 1632 978 1693 papam
1002 1612 1051 1673 de-

127 1695 318 1757 honorantes
339 1696 509 1775 ignominia
520 1696 691 1776 temporali,
717 1703 749 1757 et
761 1695 946 1776 quandoque
960 1697 1052 1756 etiam

128 1785 227 1839 morte
251 1779 387 1857 pessima
407 1796 444 1837 ac
466 1777 649 1840 confusione
672 1778 855 1840 scandalose
877 1779 1051 1858 puniuntur.

211 1863 270 1939 12)
294 1859 435 1922 Dooendi
457 1867 528 1920 sunt
543 1861 716 1940 Christiani,
738 1861 821 1942 quod
840 1863 943 1923 claves
955 1861 1052 1922 eccle·

127 1945 191 2005 siae
214 1963 277 2004 non
301 1943 466 2004 universali
489 1944 655 2022 eeclesiae,
683 1963 762 2024 quae
784 1944 893 2007 dicitur
915 1945 1050 2004 omnium

128 2025 264 2087 fidelium
299 2027 461 2106 collectio,
494 2026 550 2087 sed
571 2027 662 2089 Petro
692 2035 723 2088 et
743 2027 862 2107 Papae,
894 2033 925 2087 et
952 2028 983 2087 in
1007 2028 1051 2086 eis

128 2109 270 2173 omnibus
302 2129 408 2170 eorum
431 2111 660 2171 successoribus
683 2118 715 2170 et
736 2111 883 2170 universis
906 2109 1051 2189 praelatis

127 2192 244 2272 futuris,
256 2212 311 2272 per
322 2192 545 2253 derivationem
558 2213 663 2254 eorum
675 2195 705 2252 in
718 2194 814 2272 ipsos,
827 2199 897 2253 sunt
907 2191 1049 2255 collatae.

211 2277 269 2357 13)
294 2274 435 2337 Dooendi
456 2284 527 2336 suut
540 2276 713 2354 Christiani,
737 2276 819 2356 quod
842 2275 1051 2356 plenissimam

127 2358 351 2440 indulgentiam
366 2374 437 2419 ‘non
460 2359 623 2419 concilium
646 2361 807 2440 gencrale,
845 2378 902 2418 nec
923 2358 1053 2439 praelati

129 2443 181 2503 alii
204 2443 357 2503 ecclesiae
381 2443 470 2501 simul
492 2442 542 2502 vel
565 2441 683 2502 disiunc
685 2444 738 2502 tim
751 2443 974 2522 darepossunt,
954 2441 1052 2502 tsed

127 2527 213 2586 solus
237 2545 335 2606 papa,
359 2527 408 2604 qui
433 2532 480 2585 est
501 2545 633 2605 sponsus
657 2527 836 2586 universalis
859 2488 1019 2586 ccclesiae

210 2611 269 2685 14)
293 2607 434 2669 Dooendi
468 2617 538 2668 sunt
527 2608 669 2668 Chris
651 2615 740 2688 ram
778 2608 860 2689 quod
892 2610 1050 2668 veritatem

126 2698 158 2751 et
178 2689 273 2752 fidem
296 2691 335 2751 de
356 2690 554 2771 indulgentiis
577 2691 726 2752 habendis
748 2692 849 2752 nullus
868 2680 1053 2787 mortalium,

124 2775 188 2836 imo
211 2794 271 2835 nec
292 2774 455 2835 concilium
478 2775 633 2855 generale,
657 2774 712 2834 sed
734 2775 818 2835 solus
834 2794 926 2855 papa,
949 2773 1052 2853 quide

126 2857 282 2918 catholiea
315 2859 415 2918 verita
417 2864 447 2916 te
482 2865 551 2918 sent
538 2858 713 2918 tentionalit
701 2864 747 2917 ter
781 2855 875 2919 habet
864 2855 1051 2933 liudicare,

125 2947 232 3020 potest
219 2939 305 3000 tdet
307 2942 465 3000 erminare

210 3022 268 3106 15)
293 3024 433 3084 Docendi
465 3029 535 3083 sunt
570 3022 749 3102 Christiani,
783 3022 866 3102 quod
900 3021 1053 3081 catholica

125 3108 239 3167 veritas
273 3106 347 3167 dicit
335 3113 383 3167 tur
410 3108 523 3166 veritas
554 3106 753 3189 universalis,
787 3112 819 3166 ιι
846 3104 929 3184 quod
952 3124 990 3165 ea
1012 3105 1050 3166 ab

126 3189 395 3252 omnibusChristi
417 3188 557 3250 fidelibus
580 3189 662 3250 credi
685 3154 786 3266 debit,
766 3188 955 3281 tquodque
977 3187 1051 3247 nihil

125 3280 180 3334 aut
200 3273 342 3333 falsitatis
365 3279 417 3332 aut
441 3274 568 3415 iniquita
550 3274 608 3332 atis
630 3275 660 3332 in
684 3293 718 3332 se
740 3235 907 3334 ιοιιιιιιιιι
1116 3267 1122 3279 ’

210 3360 268 3431 16)
292 3355 433 3416 Docendi
469 3363 540 3416 sunt
583 3355 759 3434 Christiani,
802 3354 884 3434 quod
920 3354 1052 3416 ecclesia

124 3441 224 3501 multa
244 3445 330 3499 tenet
350 3437 601 3521 veritates')ca
602 3439 747 3536 tholicas,
777 3440 910 3518 quaein
932 3456 1052 3498 canone

124 3541 234 3584 sacrae
256 3523 425 3602 scripturae
446 3524 559 3582 veteris
582 3529 614 3583 et
635 3523 707 3583 novi
728 3522 946 3583 Testamenti
938 3541 969 3581 ιιι
982 3539 1051 3601 pro·

123 3608 193 3688 pria
215 3606 379 3666 verborum
401 3604 499 3665 forma
522 3607 647 3666 minime
669 3607 872 3668 continentur.
918 3673 920 3678 ,

181 3804 213 3874 1)
235 3803 340 3859 loerch
355 3819 362 3858 ε
379 3810 415 3858 ιιι
434 3805 572 3857 veritates.
933 3881 936 3886 Ι

775 3932 843 4001 20*
