2356 4200
447 319 473 360 a.
491 304 562 362 1517
580 304 677 360 habiti.
843 350 847 362 .
964 298 1026 366 205

126 474 175 535 Et
201 475 286 555 quis
309 473 431 536 stabit
461 475 505 535 ad
535 473 740 535 videndum
775 473 879 533 eum?
920 473 1007 552 Ipse

126 560 225 618 enim
259 560 381 637 quasi-
403 559 508 637 ignis
539 558 719 619 conflans
752 558 819 630 (eiu
847 556 1006 617 Backofen

124 640 188 702 und
211 639 445 723 Schmelzolen)
475 649 513 701 et
534 643 645 720 quasi
666 638 784 700 herba
805 638 1005 703 lullonum.

188 756 332 819 Oonfldat
351 777 443 819 nemo
465 757 525 822 hic.
561 757 652 833 (Lass
668 777 701 817 es
715 757 791 817 alles
814 756 873 816 lrei·
889 754 1026 839 fabren),

100 834 197 921 Igitur
219 861 311 903 nemo
334 841 442 919 stabit,
464 861 536 900 nam
558 841 703 921 potestati
719 841 783 906 eius
801 841 867 919 quis
885 838 1027 901 resistet?

100 924 241 984 Veniens
271 926 352 984 enim
383 931 490 984 nostra
512 924 642 984 consilia
664 923 827 1003 dispergit,
857 929 888 982 et
915 921 1027 1004 redigit

10 1081 13 1088 ,
100 1009 132 1065 in
155 1007 294 1086 nihilum,
316 1007 398 1068 unde
420 1009 450 1066 in
473 1007 562 1069 uobis
585 1007 803 1087 purgatorium.
835 1005 1025 1066 IuHebraeo

100 1089 197 1150 dictio
225 1110 286 1151 uua
312 1092 437 1171 ponitur
468 1089 582 1150 Borith.
615 1088 645 1150 S.
668 1089 872 1169 Hieronymus
900 1087 1026 1148 herbam

99 1173 252 1233 lullonum
274 1173 466 1234 reddendum
490 1192 559 1233 esse
581 1172 670 1250 dicit3
692 1171 747 1231 sed
766 1175 790 1230 si
805 1191 864 1252 ego
880 1171 1025 1232 haberem

99 1263 217 1316 tautam
241 1262 442 1336 potestatem,
464 1256 672 1337 purgatorium
694 1254 895 1316 traducerem.
937 1253 1026 1317 Fullo

99 1347 263 1417 praeterea
290 1345 436 1418 nonest,
470 1358 561 1418 quem
589 1358 646 1398 nos
676 1339 769 1418 vulgo
794 1337 1026 1399 Wollenweber

100 1421 178 1482 oder
200 1421 289 1501 Kasp
312 1421 457 1497 dicimus,
486 1421 540 1482 sed
563 1423 672 1481 artifex
695 1427 760 1481 erat
781 1420 1025 1564 mundanssrum

99 1505 249 1575 vestium,
271 1504 310 1564 ad
334 1504 416 1584 quod
440 1504 545 1566 Borith
567 1504 663 1564 herba
684 1510 750 1563 erat
771 1522 931 1565 accommo
955 1506 1024 1565 atis-

98 1589 193 1665 sima,
215 1589 257 1647 uti
280 1587 370 1648 nobis
392 1593 440 1647 est
462 1607 610 1666 smegma,
633 1586 681 1646 vel
705 1585 818 1665 aliquid
841 1587 912 1666 tale,
935 1587 1023 1648 limus

96 1670 282 1752 gallinarum
305 1677 363 1732 etc.
755 1671 764 1677 ”

117 1799 167 1859 Et
190 1798 352 1859 sedebit
374 1805 565 1858 constans
589 1805 626 1858 et
648 1766 842 1858 mundans
865 1760 1001 1878 argens
1068 1781 1076 1794 '

119 1891 195 1942 tum
216 1889 253 1963 et
274 1881 463 1961 purgabit
483 1880 597 1942 filios
620 1881 728 1956 Levi,
757 1888 894 1942 rotans
917 1899 1002 1956 eos,

273 1965 384 2044 quasi
416 1983 548 2023 aurum
577 1971 614 2025 et
641 1969 849 2044 argentum.

61 2136 63 2140 ,
184 2081 422 2162 Christusignis
445 2090 577 2142 estnon
601 2082 695 2159 levis,
727 2080 780 2140 sed
810 2080 861 2158 qui
883 2079 1024 2141 dissolvit

97 2183 240 2243 quaeque
263 2165 438 2242 durissima,
472 2183 539 2224 cum
574 2183 678 2224 aurum
712 2172 743 2223 et
770 2169 928 2242 argentum
959 2165 1025 2223 eius

100 2246 232 2306 flammis
255 2247 435 2326 liquescant.
472 2248 541 2308 Non
565 2249 655 2307 etiam
681 2245 847 2325 quemlibet
869 2247 1027 2325 purgabit,

101 2329 157 2389 sed
182 2331 339 2412 quidigni
362 2337 432 2390 sunt
453 2329 507 2390 filii
528 2331 611 2409 Levi,
636 2332 685 2408 qui
709 2349 747 2388 ex
772 2328 913 2388 omnibus
937 2328 1027 2389 tribu·

98 2411 155 2472 bus
179 2421 267 2473 erant
290 2415 406 2493 selecti,
428 2420 460 2473 ut
481 2415 592 2494 legitur
615 2413 704 2473 Deut.
724 2416 755 2474 l:
779 2411 859 2471 tilios
881 2412 949 2490 Dei,
972 2413 1022 2492 qui

96 2493 159 2555 fide
182 2504 290 2556 sancta
313 2504 405 2575 atque
428 2498 547 2577 integra
570 2497 600 2554 in
625 2516 693 2555 eum
717 2495 853 2557 credunt.

140 2645 185 2704 Et
213 2655 327 2707 erunt
356 2649 519 2708 Domino
551 2647 746 2708 offerente
780 2647 980 2706 sacrificia

450 2732 670 2795 iniustitia.

181 2847 240 2906 Vel
262 2847 322 2908 lide
345 2849 471 2909 Christi:
499 2851 595 2910 iustus
618 2850 770 2928 siquidem
793 2869 831 2907 ex
853 2847 914 2908 lide
936 2847 1019 2908 vivit.

95 2927 211 3008 Purgat
232 2951 305 2991 suos
328 2931 484 3009 Christus,
508 2934 641 3012 expolit,
675 2940 707 2993 ut
727 2933 811 2991 dieat
831 2933 861 2989 in
885 2930 1018 2991 Cautio:

94 3010 228 3071 Pulchra
249 3033 297 3091 es,
326 3024 357 3074 et
380 3015 500 3074 macula
522 3014 582 3076 nou
608 3023 654 3076 est
676 3017 706 3074 in
730 3023 768 3077 te.
814 3015 936 3093 Purgati
958 3016 1018 3073 iam

95 3113 157 3153 nou
188 3097 363 3174 quiescunt,
393 3098 458 3158 sed
490 3100 577 3177 quasi
606 3099 710 3158 furnus
742 3100 851 3178 igneus
881 3096 1019 3157 flammas

95 3194 223 3254 operum
246 3188 407 3257 evomunt,
430 3180 723 3251 habentxcaritatem
746 3189 777 3240 et
799 3181 899 3240 Deum
920 3181 1019 3240 hono-

93 3268 178 3319 rant:
215 3262 306 3341 igitur
328 3262 459 3323 offerunt
481 3266 512 3322 in
543 3265 656 3325 iustitia
670 3265 728 3327 ,vel
751 3265 872 3340 omnia,
896 3282 974 3341 quae
998 3281 1017 3322 a

93 3340 228 3403 Domino
251 3355 451 3424 acceperuut,
473 3346 605 3407 reddunt
626 3355 657 3407 et
677 3346 854 3408 retribuunt.

92 3491 138 3553 Et
172 3494 349 3573 placebit
376 3494 541 3559 Domino
579 3499 828 3559 sacrificium,
852 3474 954 3558 luda
982 3507 1018 3560 et

440 3581 667 3642 Jerusalem.

174 3695 258 3755 Deus
280 3703 423 3778 acceptat
444 3719 496 3777 ea,
519 3719 598 3778 quae
620 3702 687 3779 ipse
708 3702 846 3762 innubis
869 3711 1013 3780 operatus

91 3783 154 3851 est,
183 3797 247 3838 non
280 3789 402 3860 nostra,
434 3801 491 3842 neo
512 3784 636 3862 placent
656 3786 822 3866 nostratia,
857 3789 915 3847 nisi
946 3789 1014 3868 ipse
