2356 4200
13 345 20 355 ,
123 294 188 367 292
375 298 571 363 basiationes
589 298 698 372 Disput
717 299 795 354 buti.

122 469 254 533 eandum
275 475 368 548 esest,
391 472 508 553 optima
528 469 568 532 do
587 468 642 531 ilis
662 468 889 552 praesumenda
904 466 1052 549 mmm,

123 554 257 618 breviter
277 560 309 614 st
331 572 399 616 eum
421 553 533 616 ddunt
555 552 723 634 loquendo.
765 553 911 617 Eooiesia
931 552 1054 635 indiget

123 637 351 716 reformatione,
374 637 542 718 quod·non
565 649 613 697 est
636 638 725 699 unius
738 637 873 713 bominis
892 633 1054 717 pontificis

124 739 183 781 neo
203 720 366 781 multorum
391 721 589 782 cardinalium
614 718 768 799 officium,
802 722 882 781 siout
906 718 1054 800 probavit

124 810 284 882 utrumque
307 804 509 864 novissimum
532 802 714 880 eonsilium,
749 803 803 864 sed
825 805 934 864 'totius
957 801 1053 881 orbis,

123 887 187 948 imo
209 885 305 947 soiius
319 886 385 947 Dei.
427 886 562 983 Tempus
585 893 688 947 autem
710 886 799 948 buius
820 885 1053 951 reformationis

37 1026 40 1031 .
124 969 211 1031 novit
244 968 328 1029 solus
362 969 432 1045 ille,
466 988 517 1050 qur
550 967 689 1030 condidit
718 976 867 1050 tempora.
923 966 1051 1033 Interim

125 1051 284 1112 vitiatam
310 1051 470 1112 manifesta
492 1048 607 1132 negare
629 1070 691 1113 nou
721 1070 894 1134 possumus.
939 1048 1053 1112 Claves

125 1140 197 1195 sunt
222 1135 253 1194 in
283 1134 380 1196 abusu
402 1141 433 1197 et
454 1136 601 1197 servitute
622 1134 774 1201 avaritiae
802 1142 833 1196 et
859 1133 1053 1210 ambitionis,

125 1224 157 1278 et
176 1235 289 1314 gurges
311 1217 433 1298 aooepit
454 1217 612 1301 impetum,
635 1236 696 1283 uon
720 1224 768 1279 est
788 1224 929 1281 nostrum
951 1235 1053 1279 remo

124 1319 184 1361 ran
207 1298 300 1362 oum.'
329 1294 508 1380 iniquitates
530 1306 656 1362 nostrae
677 1298 868 1382 respondent
889 1299 1003 1387 uobis,
1024 1306 1055 1361 et

125 1401 203 1444 onus
225 1388 274 1443 est
294 1383 458 1463 uuicuique
479 1401 580 1444 sermo
602 1402 685 1446 suus.
733 1454 737 1463 ¹
990 1392 994 1399 '

434 1548 648 1635 Conclusio
670 1548 741 1612 XO.

179 1724 182 1729 .
207 1674 292 1736 Haeo
313 1676 581 1758 sempulosissima
598 1682 780 1759 Quorsum
806 1675 960 1736 laieorum
984 1676 1053 1738 sois

125 1764 281 1839 potestate
310 1777 510 1841 compescere
538 1780 597 1822 uso
621 1759 743 1825 reddita
771 1759 893 1820 ratione
923 1757 1053 1838 diluere,

126 1850 174 1902 est
190 1842 357 1903 eeclesiam
378 1849 411 1904 et
430 1861 543 1924 punam
566 1843 705 1906 hostibus
726 1841 872 1903 ridendos
887 1858 1052 1922 exponere

126 1931 159 1986 st
178 1925 317 1988 iuteli'oas
338 1925 529 1989 Christianos
550 1927 661 1989 faeere.
982 1930 986 1940 '
1011 1966 1014 1971 -

196 2007 259 2070 -su
279 2010 361 2069 enim
381 2028 423 2070 ox
442 2009 525 2071 maio
545 2007 581 2070 dt
600 2010 704 2090 peius,
726 2006 806 2068 dum
827 2013 947 2068 terrore
969 2027 1054 2070 oon-

22 2117 25 2122 ·
124 2098 300 2171 pesouuutur,
321 2100 437 2171 quanto
459 2094 571 2153 reotius
593 2092 784 2166 doceremur,
805 2088 885 2149 bauo
900 2091 983 2151 iram
996 2091 1052 2153 Μ

123 2173 307 2255 intelligere,
325 2181 358 2236 at
378 2194 436 2254 pro
456 2175 589 2237 ecelesia
610 2194 715 2256 orare,
747 2182 780 2234 et
811 2172 886 2232 talia
918 2173 1052 2236 tolerare

124 2257 158 2316 in
176 2275 233 2337 spe
255 2257 373 2318 futurae
392 2258 629 2336 reformationis,
651 2275 752 2337 quam,
775 2254 846 2315 dum
869 2263 934 2316 tum
956 2258 1052 2318 maui-

124 2339 202 2401 iesta
225 2342 301 2401 vitia
322 2341 465 2401 volumus
488 2360 600 2422 eogere
625 2342 752 2401 virtutes
772 2338 879 2415 videri,
901 2341 995 2419 peius
1016 2341 1051 2400 ir·

124 2423 260 2500 ritemua,
283 2423 443 2503 siquidem,
466 2426 524 2484 nisi
547 2444 605 2486 uos
620 2442 806 2485 mereremur
826 2423 945 2500 vexari,
969 2423 1052 2484 Deus

126 2525 189 2566 uon
211 2507 400 2586 permitteret
423 2506 509 2567 solos
530 2507 672 2568 homines
693 2508 724 2566 iu
741 2504 874 2566 eoolosia
887 2504 1052 2584 dominari,

126 2587 214 2650 daret
232 2589 324 2650 nobis
346 2597 488 2671 pastores
509 2589 677 2650 seeundum
699 2605 865 2665 corsuum,
888 2589 941 2666 qui
964 2589 1053 2651 nobis

124 2691 182 2751 pro
206 2673 303 2732 veniis
324 2671 433 2733 darent
454 2674 544 2733 tritici
566 2691 739 2733 mensuram
766 2673 797 2731 in
820 2677 963 2750 tempore
988 2691 1051 2733 suo.

124 2756 214 2817 Nunc
233 2762 345 2834 autem,
368 2757 487 2816 etiamsi
510 2758 571 2816 sint
586 2755 661 2817 boni
682 2761 832 2835 pastores,
856 2760 963 2814 tamen
988 2774 1049 2816 non

126 2847 256 2918 possunt
282 2838 322 2899 od
346 2839 479 2900 offitium
503 2859 589 2899 suum
612 2839 732 2916 venire,
764 2844 849 2897 tanta
873 2843 923 2896 eet
943 2839 991 2898 ira
1013 2838 1052 2898 iu·

124 2922 202 2982 roris
224 2922 359 2985 Domini.

425 3086 643 3149 Conclusio
667 3059 761 3162 x'cr,

207 3214 239 3276 Si
262 3233 335 3295 ergo
359 3215 469 3275 veniae
502 3214 668 3276 seeundum
695 3213 833 3293 spiritum
863 3216 895 3272 et
917 3219 1051 3274 mentem

127 3316 227 3378 papae
248 3296 511 3378 praedicarentur,
534 3298 625 3359 focile
647 3296 700 3358 illa
721 3296 825 3356 omniu
848 3294 1051 3375 solverentur,

126 3381 188 3440 imo
210 3379 295 3440 nutis
317 3390 429 3442 esseut.

156 3476 159 3481 '
210 3462 397 3538 Quomodo?
419 3464 553 3540 seilicet,
585 3464 628 3542 si,
657 3469 691 3522 ut
711 3467 800 3538 suut,
822 3459 924 3520 solum
949 3462 1051 3522 remis

126 3546 229 3607 sioues
251 3564 437 3627 poenarum,
472 3564 535 3607 nou
569 3547 760 3623 meritoriae,
793 3560 830 3604 ue
861 3539 942 3603 inira
973 3543 1052 3605 bona

126 3632 222 3709 opera
242 3628 421 3707 habendae,
442 3647 504 3689 nou
527 3629 634 3689 fuisset
657 3627 735 3687 ullus
756 3644 891 3705 unquam
915 3644 1051 3688 eommo-

125 3717 174 3772 tus
196 3710 310 3791 aliquid
343 3712 382 3772 de
414 3712 461 3772 his
483 3711 639 3790 dubitare,
673 3728 754 3771 nuno
774 3716 902 3790 propter
935 3711 983 3770 sui
1011 3710 1050 3769 ui·

126 3794 219 3857 mium
241 3793 523 3879 magnificationem
545 3796 696 3856 suseitsnt
716 3793 916 3873 quaestiones
939 3793 1050 3855 insolu-
