2356 4200
124 273 186 339 320
471 306 473 310 ·
516 280 668 349 Disputatio

208 449 267 523 69)
290 447 485 527 Impossibile
514 457 561 511 est
589 452 692 530 itaque
714 450 815 532 legem
839 452 960 532 impleri
982 454 1050 514 sine

127 531 227 608 gratia
247 531 305 590 Dei
327 532 389 592 nllo
414 533 516 597 modo.
803 599 805 603 ,

209 611 267 696 70)
291 612 371 689 Quin
401 617 492 676 etiam
523 618 621 697 magis
645 617 809 678 destruitur
830 636 886 696 per
908 623 1050 680 naturam

125 696 193 756 sine
215 699 314 777 gratia
335 698 403 759 Dei.
938 742 942 749 .
973 738 976 743 ‚

208 778 266 922 73)
290 779 355 841 Lex
378 782 461 842 bona
483 785 660 854 necessario
682 782 716 843 fit
738 783 821 843 malo·
840 783 1002 843 voluntate
1019 783 1047 863 ¹)

125 870 234 924 natura
247 863 267 924 i.

209 950 266 1016 72)
291 947 355 1007 Lex
378 955 410 1008 et
429 948 573 1008 voluntas
595 957 667 1009 sunt
686 949 852 1009 adversarii
874 948 953 1026 duo,
982 949 1051 1009 sine

125 1032 222 1111 gratia
244 1031 301 1091 Dei
323 1031 522 1110 impacabiles
536 1031 580 1103 2).

208 1116 266 1190 73)
292 1112 382 1187 Quod
404 1114 456 1175 lex
479 1115 556 1194 vult,
580 1135 702 1194 semper
723 1114 867 1175 voluntas
888 1134 952 1174 non
974 1113 1051 1193 vult,

126 1198 182 1256 nisi
206 1199 317 1257 timore
338 1197 388 1257 vel
409 1217 516 1258 amore
538 1198 661 1258 simulet
683 1218 716 1258 se
738 1198 829 1258 velle.

207 1282 265 1350 71)
291 1280 354 1339 Lex
376 1288 424 1341 est
445 1288 574 1341 exactor
596 1282 778 1357 voluntatis,
802 1281 853 1359 qui
875 1299 936 1341 non
961 1299 1049 1360 supe-

72 1387 75 1393 ·
124 1370 222 1439 ratur,
245 1364 316 1423 nisi
350 1383 406 1443 per
441 1364 618 1444 parvulum,
658 1365 709 1443 qui
744 1371 832 1424 natus
872 1369 918 1424 est
947 1364 1051 1424 nobis.

125 1446 196 1506 Esa.
220 1447 291 1512 9³).

208 1533 266 1603 75)
290 1529 354 1588 Lex
376 1529 450 1590 facit
470 1530 627 1591 abundare
648 1537 825 1610 peecatum,
858 1530 929 1608 quia
947 1530 1050 1590 irritat

127 1620 159 1673 et
180 1613 306 1673 retrahit
326 1612 516 1674 voluntatem
537 1633 556 1673 a
578 1633 611 1673 se
633 1615 709 1692 ipsa.
734 1614 821 1674 Rom.
847 1614 921 1684 7³).

209 1699 248 1759 76
271 1695 377 1756 Gratia
405 1704 505 1756 autem
529 1699 586 1757 Dei
612 1697 684 1756 facit
709 1696 866 1756 abundare
893 1696 1052 1773 iustitiam,

126 1799 183 1858 per
203 1779 303 1838 Iesum
324 1778 493 1859 Christum,
517 1781 568 1859 qni
591 1779 664 1839 facit
685 1780 806 1858 placere
830 1779 940 1858 legem.

210 1859 269 1944 77)
293 1860 392 1922 Omne
428 1883 505 1942 opus
541 1864 617 1942 legis
648 1863 714 1923 sine
749 1865 848 1942 gratia
879 1862 935 1921 Dei
971 1861 1048 1922 ieris

127 1952 257 2025 apparet
284 1944 416 2024 bonum,
455 1946 509 2005 sed
542 1948 624 2006 intus
648 1955 695 2006 est
716 1953 887 2025 peccatum.
931 1943 1051 2005 Contra

128 2027 346 2090 scholasticae.

210 2112 267 2183 78)
292 2111 421 2191 Semper
441 2110 587 2187 averso4)
617 2110 759 2172 voluntas
781 2118 812 2171 et
824 2129 976 2172 conversa
989 2131 1051 2170 ma·

127 2214 183 2254 nus
207 2197 328 2255 suntin
351 2195 420 2274 lege
442 2195 565 2256 Domini
589 2196 655 2254 sine
678 2196 778 2275 gratia
799 2194 866 2256 Dei.

211 2281 267 2352 79)
294 2278 452 2339 Conversa
488 2278 631 2338 veluntas
665 2279 704 2338 ad
733 2279 833 2357 legem
862 2279 928 2338 sine
950 2277 1053 2357 gratia

127 2363 185 2421 Dei
210 2368 257 2421 est
278 2361 390 2421 affectu
413 2360 567 2422 commodi
591 2364 637 2420 sui
660 2362 739 2422 talia.

208 2446 267 2520 80)
291 2444 445 2505 Maledicti
469 2451 539 2504 sunt
551 2463 669 2523 omnes,
692 2446 742 2524 qni
766 2450 933 2524 operantur
955 2462 1052 2524 opera

130 2527 159 2587 le
182 2530 217 2589 is.
566 2555 569 2568 ·

161 2548 181 2608 g
209 2608 267 2693 81)
294 2611 451 2671 Benedicti
474 2618 545 2671 sunt
567 2631 685 2688 omnes,
708 2611 759 2690 qni
775 2617 1052 2691 operanturopera

126 2697 244 2774 gratiae
266 2694 336 2754 Dei.

208 2779 266 2852 82)
293 2777 367 2857 Cap.
390 2778 516 2856 Falsas,
556 2777 594 2837 de
621 2798 669 2857 pe.
701 2778 758 2838 dis.
781 2777 860 2850 V.⁵)
891 2776 1053 2836 confirmat

127 2879 222 2940 opera
251 2868 338 2921 extra
364 2863 494 2941 gratiam
524 2881 586 2921 non
615 2881 684 2921 esse
712 2862 812 2938 bone,
840 2861 865 2919 si
889 2879 951 2919 non
975 2859 1051 2918 salse

126 2945 322 3024 intelligatur.

209 3029 266 3105 83)
291 3027 360 3087 Non
395 3034 511 3087 tantum
546 3028 764 3088 ceremonialia
797 3032 867 3085 sunt
901 3026 952 3086 lex
989 3044 1050 3085 non

127 3111 209 3172 bona
231 3119 262 3171 et
285 3117 465 3190 praecepta,
494 3113 523 3170 in
552 3111 662 3189 quibus
684 3130 746 3170 non
770 3111 891 3170 vivitur.
935 3108 1051 3169 Contra

127 3194 239 3255 multus
253 3194 416 3254 doctores.

209 3280 266 3347 84)
293 3276 353 3338 Sed
378 3277 497 3356 etipse
520 3276 703 3357 decalogus,
726 3283 757 3336 et
779 3274 923 3355 quicquid
946 3274 1048 3335 doceri

126 3360 294 3440 dicturique
317 3362 397 3420 intus
420 3367 452 3419 et
474 3360 548 3420 foris
570 3366 683 3439 potest.

183 3637 209 3695 1)
232 3635 261 3686 ln
281 3634 325 3691 ed.
347 3635 429 3689 153οτ
463 3632 607 3685 voluntati.
663 3631 696 3696 2)
717 3632 746 3682 ln
767 3631 808 3683 ed.
833 3631 900 3685 1538
920 3636 946 3683 ct
967 3630 1046 3685 1558:

124 3706 324 3774 implacabiles.
363 3706 395 3772 3)
417 3706 521 3757 Desunt
546 3705 601 3757 loci
620 3706 694 3756 citati
724 3706 752 3754 in
772 3702 815 3754 ed.
838 3703 907 3757 15311
926 3711 953 3754 ct
972 3701 1047 3756 1538.

125 3779 159 3844 4)
179 3779 210 3831 ln
231 3777 273 3832 ed.
299 3778 382 3834 1558:
403 3775 528 3829 adversa.
559 3777 591 3843 5)
614 3775 675 3845 „Ex
695 3774 916 3828 Decretalibus“.
935 3774 1048 3828 Loesolr.
