<?xml version="1.0" encoding="UTF-8"?>
<!DOCTYPE html PUBLIC "-//W3C//DTD XHTML 1.0 Transitional//EN"
    "http://www.w3.org/TR/xhtml1/DTD/xhtml1-transitional.dtd">
<html xmlns="http://www.w3.org/1999/xhtml" xml:lang="en" lang="en">
 <head>
  <title>
</title>
<meta http-equiv="Content-Type" content="text/html;charset=utf-8" />
  <meta name='ocr-system' content='tesseract 3.04.00' />
  <meta name='ocr-capabilities' content='ocr_page ocr_carea ocr_par ocr_line ocrx_word'/>
</head>
<body>
  <div class='ocr_page' id='page_1' title='image "./dmartinilutheri01luthgoog_0642.png"; bbox 0 0 2356 4200; ppageno 0'>
   <div class='ocr_carea' id='block_1_1' title="bbox 387 278 1056 354">
    <p class='ocr_par' dir='ltr' id='par_1_1' title="bbox 387 278 1056 354">
     <span class='ocr_line' id='line_1_1' title="bbox 387 278 1056 354; baseline 0.004 -20"><span class='ocrx_word' id='word_1_1' title='bbox 387 280 423 336; x_wconf 83' lang='lat' dir='ltr'>de</span> <span class='ocrx_word' id='word_1_2' title='bbox 439 283 540 336; x_wconf 78' lang='lat' dir='ltr'>virtute</span> <span class='ocrx_word' id='word_1_3' title='bbox 556 281 801 354; x_wconf 70' lang='lat' dir='ltr'>indulgentiarum</span> <span class='ocrx_word' id='word_1_4' title='bbox 992 278 1056 349; x_wconf 77' lang='grc'>179</span> 
     </span>
    </p>
   </div>
   <div class='ocr_carea' id='block_1_2' title="bbox 129 449 1055 595">
    <p class='ocr_par' dir='ltr' id='par_1_2' title="bbox 129 449 1055 595">
     <span class='ocr_line' id='line_1_2' title="bbox 129 449 1055 595; baseline 0.005 -83"><span class='ocrx_word' id='word_1_5' title='bbox 129 449 227 595; x_wconf 66' lang='lat' dir='ltr'>ppiio,</span> <span class='ocrx_word' id='word_1_6' title='bbox 258 450 374 514; x_wconf 86' lang='lat' dir='ltr'>dobunt</span> <span class='ocrx_word' id='word_1_7' title='bbox 394 471 512 535; x_wconf 89' lang='lat' dir='ltr'>poenas</span> <span class='ocrx_word' id='word_1_8' title='bbox 532 453 565 513; x_wconf 86' lang='lat' dir='ltr'>in</span> <span class='ocrx_word' id='word_1_9' title='bbox 585 453 707 515; x_wconf 89' lang='lat' dir='ltr'>inten&#39;tn</span> <span class='ocrx_word' id='word_1_10' title='bbox 740 459 898 532; x_wconf 87' lang='lat' dir='ltr'>aeternas,</span> <span class='ocrx_word' id='word_1_11' title='bbox 926 471 945 514; x_wconf 90' lang='lat' dir='ltr'>a</span> <span class='ocrx_word' id='word_1_12' title='bbox 975 453 1055 517; x_wconf 81' lang='lat' dir='ltr'>isaie</span> 
     </span>
    </p>
   </div>
   <div class='ocr_carea' id='block_1_3' title="bbox 128 535 1053 1280">
    <p class='ocr_par' dir='ltr' id='par_1_3' title="bbox 128 535 1053 1280">
     <span class='ocr_line' id='line_1_3' title="bbox 160 535 1053 616; baseline 0.007 -22"><span class='ocrx_word' id='word_1_13' title='bbox 160 535 265 614; x_wconf 85' lang='lat' dir='ltr'>omini,</span> <span class='ocrx_word' id='word_1_14' title='bbox 286 543 318 595; x_wconf 85' lang='lat' dir='ltr'>et</span> <span class='ocrx_word' id='word_1_15' title='bbox 339 555 359 595; x_wconf 88' lang='lat' dir='ltr'>a</span> <span class='ocrx_word' id='word_1_16' title='bbox 379 536 477 616; x_wconf 82' lang='lat' dir='ltr'>gioria</span> <span class='ocrx_word' id='word_1_17' title='bbox 499 537 617 596; x_wconf 85' lang='lat' dir='ltr'>virtutis</span> <span class='ocrx_word' id='word_1_18' title='bbox 640 538 714 602; x_wconf 83' lang='lat' dir='ltr'>eius.</span> <span class='ocrx_word' id='word_1_19' title='bbox 745 535 825 613; x_wconf 81' lang='lat' dir='ltr'>Quia</span> <span class='ocrx_word' id='word_1_20' title='bbox 847 535 964 596; x_wconf 87' lang='lat' dir='ltr'>soiiioet</span> <span class='ocrx_word' id='word_1_21' title='bbox 984 537 1053 601; x_wconf 88' lang='lat' dir='ltr'>solo</span> 
     </span>
     <span class='ocr_line' id='line_1_4' title="bbox 130 618 1053 698; baseline 0.004 -21"><span class='ocrx_word' id='word_1_22' title='bbox 130 618 214 678; x_wconf 75' lang='lat' dir='ltr'>snitu</span> <span class='ocrx_word' id='word_1_23' title='bbox 237 618 355 678; x_wconf 83' lang='lat' dir='ltr'>virtutis</span> <span class='ocrx_word' id='word_1_24' title='bbox 376 639 451 680; x_wconf 90' lang='lat' dir='ltr'>suae</span> <span class='ocrx_word' id='word_1_25' title='bbox 474 625 596 698; x_wconf 86' lang='lat' dir='ltr'>torquet</span> <span class='ocrx_word' id='word_1_26' title='bbox 613 638 678 698; x_wconf 87' lang='lat' dir='ltr'>eos,</span> <span class='ocrx_word' id='word_1_27' title='bbox 693 626 724 681; x_wconf 89' lang='lat' dir='ltr'>et</span> <span class='ocrx_word' id='word_1_28' title='bbox 736 621 851 681; x_wconf 87' lang='lat' dir='ltr'>ornoiat</span> <span class='ocrx_word' id='word_1_29' title='bbox 867 619 961 697; x_wconf 87' lang='lat' dir='ltr'>Deus,</span> <span class='ocrx_word' id='word_1_30' title='bbox 983 639 1053 683; x_wconf 82' lang='lat' dir='ltr'>eum</span> 
     </span>
     <span class='ocr_line' id='line_1_5' title="bbox 131 701 1052 784; baseline 0.004 -23"><span class='ocrx_word' id='word_1_31' title='bbox 131 702 170 761; x_wconf 85' lang='lat' dir='ltr'>ait</span> <span class='ocrx_word' id='word_1_32' title='bbox 192 701 236 761; x_wconf 88' lang='lat' dir='ltr'>eis</span> <span class='ocrx_word' id='word_1_33' title='bbox 257 701 506 781; x_wconf 84' lang='lat' dir='ltr'>insustentabilis,</span> <span class='ocrx_word' id='word_1_34' title='bbox 528 702 738 784; x_wconf 79' lang='lat' dir='ltr'>ideoiugient</span> <span class='ocrx_word' id='word_1_35' title='bbox 759 711 790 764; x_wconf 86' lang='lat' dir='ltr'>et</span> <span class='ocrx_word' id='word_1_36' title='bbox 811 721 873 764; x_wconf 95' lang='lat' dir='ltr'>non</span> <span class='ocrx_word' id='word_1_37' title='bbox 896 701 1052 783; x_wconf 77' lang='lat' dir='ltr'>effugient,</span> 
     </span>
     <span class='ocr_line' id='line_1_6' title="bbox 130 782 1053 866; baseline 0.004 -22"><span class='ocrx_word' id='word_1_38' title='bbox 130 783 186 844; x_wconf 90' lang='lat' dir='ltr'>sed</span> <span class='ocrx_word' id='word_1_39' title='bbox 216 782 482 864; x_wconf 79' lang='lat' dir='ltr'>deprehendentur</span> <span class='ocrx_word' id='word_1_40' title='bbox 507 785 587 845; x_wconf 85' lang='lat' dir='ltr'>inter</span> <span class='ocrx_word' id='word_1_41' title='bbox 617 787 784 866; x_wconf 87' lang='lat' dir='ltr'>angustias.</span> <span class='ocrx_word' id='word_1_42' title='bbox 833 785 884 847; x_wconf 79' lang='lat' dir='ltr'>sie</span> <span class='ocrx_word' id='word_1_43' title='bbox 904 784 977 846; x_wconf 91' lang='lat' dir='ltr'>illud</span> <span class='ocrx_word' id='word_1_44' title='bbox 1000 785 1053 848; x_wconf 77' lang='lat' dir='ltr'>Se·</span> 
     </span>
     <span class='ocr_line' id='line_1_7' title="bbox 129 866 1053 949; baseline 0.004 -23"><span class='ocrx_word' id='word_1_45' title='bbox 129 867 223 948; x_wconf 88' lang='lat' dir='ltr'>pient.</span> <span class='ocrx_word' id='word_1_46' title='bbox 257 866 332 941; x_wconf 83' lang='lat'><strong>6¹):</strong></span> <span class='ocrx_word' id='word_1_47' title='bbox 376 867 445 929; x_wconf 83' lang='lat' dir='ltr'>Oito</span> <span class='ocrx_word' id='word_1_48' title='bbox 474 867 634 949; x_wconf 79' lang='lat' dir='ltr'>apparebit</span> <span class='ocrx_word' id='word_1_49' title='bbox 669 869 757 930; x_wconf 90' lang='lat' dir='ltr'>vobis</span> <span class='ocrx_word' id='word_1_50' title='bbox 793 867 953 930; x_wconf 83' lang='lat' dir='ltr'>horrende.</span> <span class='ocrx_word' id='word_1_51' title='bbox 1013 869 1053 930; x_wconf 78' lang='lat' dir='ltr'>nt</span> 
     </span>
     <span class='ocr_line' id='line_1_8' title="bbox 130 948 1052 1032; baseline 0.004 -24"><span class='ocrx_word' id='word_1_52' title='bbox 130 949 209 1011; x_wconf 89' lang='lat' dir='ltr'>Psal.</span> <span class='ocrx_word' id='word_1_53' title='bbox 232 948 350 1028; x_wconf 85' lang='lat'>21.²):</span> <span class='ocrx_word' id='word_1_54' title='bbox 393 951 494 1012; x_wconf 80' lang='lat' dir='ltr'>Penes</span> <span class='ocrx_word' id='word_1_55' title='bbox 511 969 571 1014; x_wconf 85' lang='lat' dir='ltr'>eos</span> <span class='ocrx_word' id='word_1_56' title='bbox 593 958 626 1011; x_wconf 91' lang='lat' dir='ltr'>ut</span> <span class='ocrx_word' id='word_1_57' title='bbox 647 951 802 1014; x_wconf 84' lang='lat' dir='ltr'>olibanum</span> <span class='ocrx_word' id='word_1_58' title='bbox 824 952 904 1032; x_wconf 85' lang='lat' dir='ltr'>ignis</span> <span class='ocrx_word' id='word_1_59' title='bbox 925 952 956 1011; x_wconf 92' lang='lat' dir='ltr'>in</span> <span class='ocrx_word' id='word_1_60' title='bbox 979 959 1052 1012; x_wconf 89' lang='lat' dir='ltr'>tem·</span> 
     </span>
     <span class='ocr_line' id='line_1_9' title="bbox 128 1032 1052 1114; baseline 0.002 -22"><span class='ocrx_word' id='word_1_61' title='bbox 128 1042 206 1113; x_wconf 88' lang='lat' dir='ltr'>pore</span> <span class='ocrx_word' id='word_1_62' title='bbox 233 1032 334 1092; x_wconf 78' lang='lat' dir='ltr'>vuitus</span> <span class='ocrx_word' id='word_1_63' title='bbox 357 1034 407 1096; x_wconf 90' lang='lat' dir='ltr'>tui.</span> <span class='ocrx_word' id='word_1_64' title='bbox 445 1035 590 1114; x_wconf 89' lang='lat' dir='ltr'>Alioquin</span> <span class='ocrx_word' id='word_1_65' title='bbox 619 1034 701 1096; x_wconf 88' lang='lat' dir='ltr'>unde</span> <span class='ocrx_word' id='word_1_66' title='bbox 726 1035 779 1095; x_wconf 88' lang='lat' dir='ltr'>iiia</span> <span class='ocrx_word' id='word_1_67' title='bbox 813 1033 937 1110; x_wconf 71' lang='lat' dir='ltr'>vox*):</span> <span class='ocrx_word' id='word_1_68' title='bbox 968 1033 1052 1094; x_wconf 81' lang='lat' dir='ltr'>Mon·</span> 
     </span>
     <span class='ocr_line' id='line_1_10' title="bbox 128 1114 1052 1199; baseline 0 -23"><span class='ocrx_word' id='word_1_69' title='bbox 128 1122 175 1176; x_wconf 83' lang='lat' dir='ltr'>tes</span> <span class='ocrx_word' id='word_1_70' title='bbox 196 1114 297 1176; x_wconf 86' lang='lat' dir='ltr'>eadite</span> <span class='ocrx_word' id='word_1_71' title='bbox 319 1134 411 1197; x_wconf 89' lang='lat' dir='ltr'>snper</span> <span class='ocrx_word' id='word_1_72' title='bbox 433 1136 500 1196; x_wconf 85' lang='lat' dir='ltr'>nos,</span> <span class='ocrx_word' id='word_1_73' title='bbox 523 1123 554 1179; x_wconf 88' lang='lat' dir='ltr'>et</span> <span class='ocrx_word' id='word_1_74' title='bbox 575 1117 669 1198; x_wconf 86' lang='lat' dir='ltr'>eolles</span> <span class='ocrx_word' id='word_1_75' title='bbox 692 1117 809 1199; x_wconf 88' lang='lat' dir='ltr'>operite</span> <span class='ocrx_word' id='word_1_76' title='bbox 822 1134 889 1178; x_wconf 83' lang='lat' dir='ltr'>nos.</span> <span class='ocrx_word' id='word_1_77' title='bbox 922 1116 962 1176; x_wconf 81' lang='lat' dir='ltr'>Dt</span> <span class='ocrx_word' id='word_1_78' title='bbox 977 1116 1052 1177; x_wconf 88' lang='lat' dir='ltr'>iliud</span> 
     </span>
     <span class='ocr_line' id='line_1_11' title="bbox 128 1198 1052 1280; baseline 0.003 -22"><span class='ocrx_word' id='word_1_79' title='bbox 128 1198 201 1258; x_wconf 84' lang='lat' dir='ltr'>Esa.</span> <span class='ocrx_word' id='word_1_80' title='bbox 225 1200 259 1262; x_wconf 84' lang='lat'>2:</span> <span class='ocrx_word' id='word_1_81' title='bbox 288 1199 451 1280; x_wconf 83' lang='lat' dir='ltr'>Ingredere</span> <span class='ocrx_word' id='word_1_82' title='bbox 472 1208 607 1280; x_wconf 86' lang='lat' dir='ltr'>petram,</span> <span class='ocrx_word' id='word_1_83' title='bbox 639 1208 670 1260; x_wconf 89' lang='lat' dir='ltr'>et</span> <span class='ocrx_word' id='word_1_84' title='bbox 684 1199 882 1262; x_wconf 77' lang='lat' dir='ltr'>abscondere</span> <span class='ocrx_word' id='word_1_85' title='bbox 910 1201 940 1258; x_wconf 92' lang='lat' dir='ltr'>in</span> <span class='ocrx_word' id='word_1_86' title='bbox 967 1199 1052 1261; x_wconf 87' lang='lat' dir='ltr'>fossa</span> 
     </span>
    </p>
   </div>
   <div class='ocr_carea' id='block_1_4' title="bbox 129 1281 1147 1363">
    <p class='ocr_par' dir='ltr' id='par_1_4' title="bbox 129 1281 1147 1363">
     <span class='ocr_line' id='line_1_12' title="bbox 129 1281 1147 1363; baseline 0.002 -22"><span class='ocrx_word' id='word_1_87' title='bbox 129 1281 240 1359; x_wconf 87' lang='lat' dir='ltr'>humo,</span> <span class='ocrx_word' id='word_1_88' title='bbox 263 1300 282 1342; x_wconf 87' lang='lat' dir='ltr'>a</span> <span class='ocrx_word' id='word_1_89' title='bbox 303 1281 382 1342; x_wconf 85' lang='lat' dir='ltr'>iaoie</span> <span class='ocrx_word' id='word_1_90' title='bbox 403 1282 512 1343; x_wconf 83' lang='lat' dir='ltr'>furoris</span> <span class='ocrx_word' id='word_1_91' title='bbox 536 1283 675 1360; x_wconf 82' lang='lat' dir='ltr'>Domini,</span> <span class='ocrx_word' id='word_1_92' title='bbox 704 1291 736 1344; x_wconf 84' lang='lat' dir='ltr'>et</span> <span class='ocrx_word' id='word_1_93' title='bbox 762 1282 861 1363; x_wconf 83' lang='lat' dir='ltr'>gioria</span> <span class='ocrx_word' id='word_1_94' title='bbox 883 1283 1052 1343; x_wconf 81' lang='lat' dir='ltr'>maiestatis</span> <span class='ocrx_word' id='word_1_95' title='bbox 1144 1338 1147 1343; x_wconf 89' lang='lat'>.</span> 
     </span>
    </p>
   </div>
   <div class='ocr_carea' id='block_1_5' title="bbox 124 1363 1058 3440">
    <p class='ocr_par' dir='ltr' id='par_1_5' title="bbox 126 1363 1052 1777">
     <span class='ocr_line' id='line_1_13' title="bbox 128 1363 1049 1444; baseline 0.003 -21"><span class='ocrx_word' id='word_1_96' title='bbox 128 1365 203 1425; x_wconf 88' lang='lat' dir='ltr'>eius.</span> <span class='ocrx_word' id='word_1_97' title='bbox 237 1363 361 1425; x_wconf 80' lang='lat' dir='ltr'>Etiilud</span> <span class='ocrx_word' id='word_1_98' title='bbox 375 1365 529 1444; x_wconf 74' lang='lat' dir='ltr'>Job.*·):</span> <span class='ocrx_word' id='word_1_99' title='bbox 559 1364 634 1440; x_wconf 80' lang='lat' dir='ltr'>Quis</span> <span class='ocrx_word' id='word_1_100' title='bbox 653 1365 724 1427; x_wconf 92' lang='lat' dir='ltr'>mihi</span> <span class='ocrx_word' id='word_1_101' title='bbox 739 1366 860 1444; x_wconf 83' lang='lat' dir='ltr'>tribuat,</span> <span class='ocrx_word' id='word_1_102' title='bbox 886 1364 1049 1426; x_wconf 82' lang='lat' dir='ltr'>utinierno</span> 
     </span>
     <span class='ocr_line' id='line_1_14' title="bbox 128 1447 1050 1527; baseline 0.003 -21"><span class='ocrx_word' id='word_1_103' title='bbox 128 1454 274 1527; x_wconf 82' lang='lat' dir='ltr'>protegas</span> <span class='ocrx_word' id='word_1_104' title='bbox 297 1466 363 1526; x_wconf 85' lang='lat' dir='ltr'>me,</span> <span class='ocrx_word' id='word_1_105' title='bbox 386 1455 416 1508; x_wconf 86' lang='lat' dir='ltr'>et</span> <span class='ocrx_word' id='word_1_106' title='bbox 438 1448 611 1510; x_wconf 81' lang='lat' dir='ltr'>abscondas</span> <span class='ocrx_word' id='word_1_107' title='bbox 633 1466 699 1525; x_wconf 79' lang='lat' dir='ltr'>me,</span> <span class='ocrx_word' id='word_1_108' title='bbox 728 1447 828 1509; x_wconf 90' lang='lat' dir='ltr'>donee</span> <span class='ocrx_word' id='word_1_109' title='bbox 849 1455 985 1520; x_wconf 77' lang='lat' dir='ltr'>transeat</span> <span class='ocrx_word' id='word_1_110' title='bbox 1007 1448 1021 1509; x_wconf 87' lang='lat' dir='ltr'>f</span> <span class='ocrx_word' id='word_1_111' title='bbox 1040 1485 1050 1495; x_wconf 95' lang='lat'><em>-</em></span> 
     </span>
     <span class='ocr_line' id='line_1_15' title="bbox 128 1529 1052 1611; baseline 0.003 -22"><span class='ocrx_word' id='word_1_112' title='bbox 128 1548 181 1591; x_wconf 85' lang='lat' dir='ltr'>ror</span> <span class='ocrx_word' id='word_1_113' title='bbox 202 1529 294 1589; x_wconf 79' lang='lat' dir='ltr'>tuus?</span> <span class='ocrx_word' id='word_1_114' title='bbox 337 1530 424 1591; x_wconf 81' lang='lat' dir='ltr'>Patet</span> <span class='ocrx_word' id='word_1_115' title='bbox 445 1532 559 1611; x_wconf 85' lang='lat' dir='ltr'>itaque,</span> <span class='ocrx_word' id='word_1_116' title='bbox 582 1531 664 1611; x_wconf 89' lang='lat' dir='ltr'>quod</span> <span class='ocrx_word' id='word_1_117' title='bbox 689 1531 796 1591; x_wconf 83' lang='lat' dir='ltr'>aiaoie</span> <span class='ocrx_word' id='word_1_118' title='bbox 810 1531 934 1592; x_wconf 82' lang='lat' dir='ltr'>Domini</span> <span class='ocrx_word' id='word_1_119' title='bbox 957 1532 1052 1592; x_wconf 87' lang='lat' dir='ltr'>oritur</span> 
     </span>
     <span class='ocr_line' id='line_1_16' title="bbox 127 1613 1050 1694; baseline 0.003 -22"><span class='ocrx_word' id='word_1_120' title='bbox 127 1630 233 1673; x_wconf 87' lang='lat' dir='ltr'>eorum</span> <span class='ocrx_word' id='word_1_121' title='bbox 257 1615 391 1674; x_wconf 83' lang='lat' dir='ltr'>maxima</span> <span class='ocrx_word' id='word_1_122' title='bbox 412 1632 530 1694; x_wconf 85' lang='lat' dir='ltr'>poena,</span> <span class='ocrx_word' id='word_1_123' title='bbox 560 1614 630 1674; x_wconf 92' lang='lat' dir='ltr'>dnm</span> <span class='ocrx_word' id='word_1_124' title='bbox 653 1613 878 1675; x_wconf 88' lang='lat' dir='ltr'>ooniunduntur</span> <span class='ocrx_word' id='word_1_125' title='bbox 900 1633 919 1674; x_wconf 88' lang='lat' dir='ltr'>a</span> <span class='ocrx_word' id='word_1_126' title='bbox 939 1614 1050 1676; x_wconf 87' lang='lat' dir='ltr'>foedis·</span> 
     </span>
     <span class='ocr_line' id='line_1_17' title="bbox 126 1692 1048 1777; baseline 0.009 -22"><span class='ocrx_word' id='word_1_127' title='bbox 126 1697 204 1756; x_wconf 86' lang='lat' dir='ltr'>sima</span> <span class='ocrx_word' id='word_1_128' title='bbox 216 1714 272 1756; x_wconf 92' lang='lat' dir='ltr'>sua</span> <span class='ocrx_word' id='word_1_129' title='bbox 289 1697 486 1758; x_wconf 82' lang='lat' dir='ltr'>immundicia</span> <span class='ocrx_word' id='word_1_130' title='bbox 499 1697 537 1757; x_wconf 90' lang='lat' dir='ltr'>ad</span> <span class='ocrx_word' id='word_1_131' title='bbox 551 1703 668 1758; x_wconf 86' lang='lat' dir='ltr'>tantam</span> <span class='ocrx_word' id='word_1_132' title='bbox 681 1692 843 1777; x_wconf 80' lang='lat' dir='ltr'>puritatem</span> <span class='ocrx_word' id='word_1_133' title='bbox 859 1705 1048 1777; x_wconf 79' lang='lat' dir='ltr'>comparata.</span> 
     </span>
    </p>

    <p class='ocr_par' dir='ltr' id='par_1_6' title="bbox 124 1777 1058 3189">
     <span class='ocr_line' id='line_1_18' title="bbox 208 1777 1050 1860; baseline 0.002 -22"><span class='ocrx_word' id='word_1_134' title='bbox 208 1777 322 1856; x_wconf 81' lang='lat' dir='ltr'>Tertio,</span> <span class='ocrx_word' id='word_1_135' title='bbox 345 1787 375 1839; x_wconf 86' lang='lat' dir='ltr'>et</span> <span class='ocrx_word' id='word_1_136' title='bbox 396 1781 527 1840; x_wconf 76' lang='lat' dir='ltr'>ecelesia</span> <span class='ocrx_word' id='word_1_137' title='bbox 547 1781 579 1839; x_wconf 91' lang='lat' dir='ltr'>in</span> <span class='ocrx_word' id='word_1_138' title='bbox 602 1799 735 1860; x_wconf 86' lang='lat' dir='ltr'>persona</span> <span class='ocrx_word' id='word_1_139' title='bbox 756 1781 924 1841; x_wconf 87' lang='lat' dir='ltr'>animarum</span> <span class='ocrx_word' id='word_1_140' title='bbox 946 1780 1050 1859; x_wconf 84' lang='lat' dir='ltr'>peaiiit</span> 
     </span>
     <span class='ocr_line' id='line_1_19' title="bbox 126 1861 1049 1942; baseline 0.002 -20"><span class='ocrx_word' id='word_1_141' title='bbox 126 1869 158 1922; x_wconf 87' lang='lat' dir='ltr'>et</span> <span class='ocrx_word' id='word_1_142' title='bbox 188 1862 283 1941; x_wconf 84' lang='lat' dir='ltr'>gemit</span> <span class='ocrx_word' id='word_1_143' title='bbox 315 1861 394 1926; x_wconf 90' lang='lat' dir='ltr'>Peai.</span> <span class='ocrx_word' id='word_1_144' title='bbox 418 1864 455 1926; x_wconf 85' lang='lat'>6:</span> <span class='ocrx_word' id='word_1_145' title='bbox 496 1863 686 1924; x_wconf 79' lang='lat' dir='ltr'>Conturbata</span> <span class='ocrx_word' id='word_1_146' title='bbox 712 1869 783 1924; x_wconf 89' lang='lat' dir='ltr'>sunt</span> <span class='ocrx_word' id='word_1_147' title='bbox 811 1881 989 1942; x_wconf 81' lang='lat' dir='ltr'>neaeman,</span> <span class='ocrx_word' id='word_1_148' title='bbox 1017 1869 1049 1924; x_wconf 84' lang='lat' dir='ltr'>et</span> 
     </span>
     <span class='ocr_line' id='line_1_20' title="bbox 126 1944 1048 2023; baseline -0.001 -18"><span class='ocrx_word' id='word_1_149' title='bbox 126 1945 230 2005; x_wconf 91' lang='lat' dir='ltr'>anima</span> <span class='ocrx_word' id='word_1_150' title='bbox 251 1962 320 2005; x_wconf 90' lang='lat' dir='ltr'>mea</span> <span class='ocrx_word' id='word_1_151' title='bbox 341 1945 462 2006; x_wconf 87' lang='lat' dir='ltr'>turbata</span> <span class='ocrx_word' id='word_1_152' title='bbox 484 1954 530 2006; x_wconf 86' lang='lat' dir='ltr'>est</span> <span class='ocrx_word' id='word_1_153' title='bbox 552 1945 652 2022; x_wconf 84' lang='lat' dir='ltr'>vaide,</span> <span class='ocrx_word' id='word_1_154' title='bbox 674 1952 703 2006; x_wconf 84' lang='lat' dir='ltr'>et</span> <span class='ocrx_word' id='word_1_155' title='bbox 725 1945 805 2006; x_wconf 82' lang='lat' dir='ltr'>Paul.</span> <span class='ocrx_word' id='word_1_156' title='bbox 828 1944 946 2023; x_wconf 58' lang='lat' dir='ltr'>tim:</span> <span class='ocrx_word' id='word_1_157' title='bbox 986 1945 1048 2006; x_wconf 80' lang='lat' dir='ltr'>Cir·</span> 
     </span>
     <span class='ocr_line' id='line_1_21' title="bbox 126 2027 1049 2109; baseline -0.001 -20"><span class='ocrx_word' id='word_1_158' title='bbox 126 2027 348 2089; x_wconf 83' lang='lat' dir='ltr'>oumdederunt</span> <span class='ocrx_word' id='word_1_159' title='bbox 369 2047 418 2091; x_wconf 89' lang='lat' dir='ltr'>me</span> <span class='ocrx_word' id='word_1_160' title='bbox 442 2028 566 2090; x_wconf 87' lang='lat' dir='ltr'>dolores</span> <span class='ocrx_word' id='word_1_161' title='bbox 587 2029 710 2107; x_wconf 81' lang='lat' dir='ltr'>mortis,</span> <span class='ocrx_word' id='word_1_162' title='bbox 733 2035 764 2088; x_wconf 88' lang='lat' dir='ltr'>et</span> <span class='ocrx_word' id='word_1_163' title='bbox 784 2028 920 2109; x_wconf 86' lang='lat' dir='ltr'>periouia</span> <span class='ocrx_word' id='word_1_164' title='bbox 941 2027 1049 2089; x_wconf 86' lang='lat' dir='ltr'>inferni</span> 
     </span>
     <span class='ocr_line' id='line_1_22' title="bbox 125 2111 1050 2200; baseline -0.001 -28"><span class='ocrx_word' id='word_1_165' title='bbox 125 2114 309 2172; x_wconf 83' lang='lat' dir='ltr'>invenerunt-</span> <span class='ocrx_word' id='word_1_166' title='bbox 331 2120 404 2172; x_wconf 85' lang='lat' dir='ltr'>me.¹</span> <span class='ocrx_word' id='word_1_167' title='bbox 432 2111 520 2173; x_wconf 87' lang='lat' dir='ltr'>Unde</span> <span class='ocrx_word' id='word_1_168' title='bbox 542 2119 572 2172; x_wconf 88' lang='lat' dir='ltr'>et</span> <span class='ocrx_word' id='word_1_169' title='bbox 593 2111 790 2171; x_wconf 83' lang='lat' dir='ltr'>usitatissima</span> <span class='ocrx_word' id='word_1_170' title='bbox 812 2112 910 2200; x_wconf 59' lang='lat' dir='ltr'>oratio</span> <span class='ocrx_word' id='word_1_171' title='bbox 934 2117 994 2188; x_wconf 86' lang='lat' dir='ltr'>est,</span> <span class='ocrx_word' id='word_1_172' title='bbox 1016 2118 1050 2171; x_wconf 87' lang='lat' dir='ltr'>nt</span> 
     </span>
     <span class='ocr_line' id='line_1_23' title="bbox 125 2193 1050 2275; baseline -0.001 -20"><span class='ocrx_word' id='word_1_173' title='bbox 125 2195 170 2255; x_wconf 84' lang='lat' dir='ltr'>eis</span> <span class='ocrx_word' id='word_1_174' title='bbox 191 2196 327 2274; x_wconf 87' lang='lat' dir='ltr'>requiem</span> <span class='ocrx_word' id='word_1_175' title='bbox 351 2201 501 2275; x_wconf 73' lang='lat' dir='ltr'>optemus,</span> <span class='ocrx_word' id='word_1_176' title='bbox 524 2195 629 2273; x_wconf 89' lang='lat' dir='ltr'>utique</span> <span class='ocrx_word' id='word_1_177' title='bbox 644 2194 858 2274; x_wconf 81' lang='lat' dir='ltr'>intelligentes,</span> <span class='ocrx_word' id='word_1_178' title='bbox 881 2193 962 2273; x_wconf 91' lang='lat' dir='ltr'>quod</span> <span class='ocrx_word' id='word_1_179' title='bbox 979 2200 1050 2254; x_wconf 91' lang='lat' dir='ltr'>sunt</span> 
     </span>
     <span class='ocr_line' id='line_1_24' title="bbox 124 2274 1058 2358; baseline 0.003 -20"><span class='ocrx_word' id='word_1_180' title='bbox 124 2278 286 2357; x_wconf 80' lang='lat' dir='ltr'>inquietae.</span> <span class='ocrx_word' id='word_1_181' title='bbox 328 2279 369 2337; x_wconf 86' lang='lat' dir='ltr'>At</span> <span class='ocrx_word' id='word_1_182' title='bbox 389 2295 510 2358; x_wconf 92' lang='lat' dir='ltr'>poenae</span> <span class='ocrx_word' id='word_1_183' title='bbox 532 2296 593 2338; x_wconf 92' lang='lat' dir='ltr'>non</span> <span class='ocrx_word' id='word_1_184' title='bbox 615 2278 731 2338; x_wconf 82' lang='lat' dir='ltr'>iaciunt</span> <span class='ocrx_word' id='word_1_185' title='bbox 744 2274 993 2356; x_wconf 86' lang='lat' dir='ltr'>inquietudinem,</span> <span class='ocrx_word' id='word_1_186' title='bbox 1016 2283 1058 2342; x_wconf 86' lang='lat' dir='ltr'>nt.</span> 
     </span>
     <span class='ocr_line' id='line_1_25' title="bbox 125 2359 1049 2442; baseline 0 -22"><span class='ocrx_word' id='word_1_187' title='bbox 125 2367 212 2442; x_wconf 85' lang='lat' dir='ltr'>patet</span> <span class='ocrx_word' id='word_1_188' title='bbox 233 2362 262 2420; x_wconf 90' lang='lat' dir='ltr'>in</span> <span class='ocrx_word' id='word_1_189' title='bbox 282 2361 464 2441; x_wconf 86' lang='lat' dir='ltr'>martyribus</span> <span class='ocrx_word' id='word_1_190' title='bbox 487 2368 518 2421; x_wconf 91' lang='lat' dir='ltr'>et</span> <span class='ocrx_word' id='word_1_191' title='bbox 531 2360 743 2422; x_wconf 77' lang='lat' dir='ltr'>constantibus</span> <span class='ocrx_word' id='word_1_192' title='bbox 765 2362 846 2440; x_wconf 85' lang='lat' dir='ltr'>viris,</span> <span class='ocrx_word' id='word_1_193' title='bbox 868 2359 922 2420; x_wconf 89' lang='lat' dir='ltr'>sed</span> <span class='ocrx_word' id='word_1_194' title='bbox 940 2359 1049 2420; x_wconf 89' lang='lat' dir='ltr'>horror</span> 
     </span>
     <span class='ocr_line' id='line_1_26' title="bbox 126 2441 1050 2524; baseline -0.001 -20"><span class='ocrx_word' id='word_1_195' title='bbox 126 2451 156 2505; x_wconf 84' lang='lat' dir='ltr'>et</span> <span class='ocrx_word' id='word_1_196' title='bbox 178 2443 251 2524; x_wconf 87' lang='lat' dir='ltr'>iuge</span> <span class='ocrx_word' id='word_1_197' title='bbox 272 2462 457 2524; x_wconf 82' lang='lat' dir='ltr'>poenarum,</span> <span class='ocrx_word' id='word_1_198' title='bbox 491 2463 569 2524; x_wconf 90' lang='lat' dir='ltr'>quae</span> <span class='ocrx_word' id='word_1_199' title='bbox 602 2445 697 2504; x_wconf 85' lang='lat' dir='ltr'>oritur</span> <span class='ocrx_word' id='word_1_200' title='bbox 718 2463 757 2503; x_wconf 88' lang='lat' dir='ltr'>ex</span> <span class='ocrx_word' id='word_1_201' title='bbox 779 2443 954 2504; x_wconf 81' lang='lat' dir='ltr'>infirmitate</span> <span class='ocrx_word' id='word_1_202' title='bbox 974 2441 1050 2503; x_wconf 87' lang='lat' dir='ltr'>fidu·</span> 
     </span>
     <span class='ocr_line' id='line_1_27' title="bbox 125 2525 1050 2606; baseline -0.001 -19"><span class='ocrx_word' id='word_1_203' title='bbox 125 2528 194 2588; x_wconf 89' lang='lat' dir='ltr'>eiae</span> <span class='ocrx_word' id='word_1_204' title='bbox 221 2529 252 2587; x_wconf 91' lang='lat' dir='ltr'>in</span> <span class='ocrx_word' id='word_1_205' title='bbox 275 2528 382 2589; x_wconf 86' lang='lat' dir='ltr'>Deum.</span> <span class='ocrx_word' id='word_1_206' title='bbox 433 2528 518 2589; x_wconf 81' lang='lat' dir='ltr'>Siout</span> <span class='ocrx_word' id='word_1_207' title='bbox 540 2528 635 2588; x_wconf 87' lang='lat' dir='ltr'>eredit</span> <span class='ocrx_word' id='word_1_208' title='bbox 648 2527 867 2606; x_wconf 85' lang='lat' dir='ltr'>unusquisque,</span> <span class='ocrx_word' id='word_1_209' title='bbox 889 2528 934 2586; x_wconf 90' lang='lat' dir='ltr'>sio</span> <span class='ocrx_word' id='word_1_210' title='bbox 955 2525 989 2586; x_wconf 87' lang='lat' dir='ltr'>fit</span> <span class='ocrx_word' id='word_1_211' title='bbox 1010 2528 1050 2604; x_wconf 85' lang='lat' dir='ltr'>ei,</span> 
     </span>
     <span class='ocr_line' id='line_1_28' title="bbox 126 2610 1050 2692; baseline -0.002 -21"><span class='ocrx_word' id='word_1_212' title='bbox 126 2618 158 2671; x_wconf 88' lang='lat' dir='ltr'>et</span> <span class='ocrx_word' id='word_1_213' title='bbox 181 2611 256 2671; x_wconf 85' lang='lat' dir='ltr'>teies</span> <span class='ocrx_word' id='word_1_214' title='bbox 279 2619 349 2671; x_wconf 86' lang='lat' dir='ltr'>sunt</span> <span class='ocrx_word' id='word_1_215' title='bbox 371 2612 399 2670; x_wconf 94' lang='lat' dir='ltr'>ei</span> <span class='ocrx_word' id='word_1_216' title='bbox 421 2630 542 2692; x_wconf 85' lang='lat' dir='ltr'>poenae</span> <span class='ocrx_word' id='word_1_217' title='bbox 564 2619 593 2671; x_wconf 87' lang='lat' dir='ltr'>et</span> <span class='ocrx_word' id='word_1_218' title='bbox 623 2612 743 2688; x_wconf 66' lang='lat' dir='ltr'>omnia,</span> <span class='ocrx_word' id='word_1_219' title='bbox 788 2610 886 2689; x_wconf 87' lang='lat' dir='ltr'>qualis</span> <span class='ocrx_word' id='word_1_220' title='bbox 909 2610 998 2670; x_wconf 84' lang='lat' dir='ltr'>fuerit</span> <span class='ocrx_word' id='word_1_221' title='bbox 1019 2615 1050 2669; x_wconf 91' lang='lat' dir='ltr'>et</span> 
     </span>
     <span class='ocr_line' id='line_1_29' title="bbox 124 2691 1051 2773; baseline -0.001 -20"><span class='ocrx_word' id='word_1_222' title='bbox 124 2695 202 2773; x_wconf 87' lang='lat' dir='ltr'>ipse.</span> <span class='ocrx_word' id='word_1_223' title='bbox 243 2693 318 2754; x_wconf 91' lang='lat' dir='ltr'>lnde</span> <span class='ocrx_word' id='word_1_224' title='bbox 339 2713 401 2754; x_wconf 92' lang='lat' dir='ltr'>non</span> <span class='ocrx_word' id='word_1_225' title='bbox 424 2694 585 2755; x_wconf 78' lang='lat' dir='ltr'>conturbat</span> <span class='ocrx_word' id='word_1_226' title='bbox 606 2695 729 2767; x_wconf 78' lang='lat' dir='ltr'>iustam,</span> <span class='ocrx_word' id='word_1_227' title='bbox 751 2691 1051 2773; x_wconf 86' lang='lat' dir='ltr'>quiequidaoeiderit</span> 
     </span>
     <span class='ocr_line' id='line_1_30' title="bbox 125 2775 1046 2858; baseline 0.003 -22"><span class='ocrx_word' id='word_1_228' title='bbox 125 2778 153 2836; x_wconf 86' lang='lat' dir='ltr'>ei</span> <span class='ocrx_word' id='word_1_229' title='bbox 179 2776 463 2858; x_wconf 76' lang='lat' dir='ltr'>(aitSapien.***).</span> <span class='ocrx_word' id='word_1_230' title='bbox 487 2779 616 2838; x_wconf 86' lang='lat' dir='ltr'>Rursum</span> <span class='ocrx_word' id='word_1_231' title='bbox 629 2777 740 2857; x_wconf 87' lang='lat' dir='ltr'>impios</span> <span class='ocrx_word' id='word_1_232' title='bbox 758 2783 850 2836; x_wconf 83' lang='lat' dir='ltr'>terret</span> <span class='ocrx_word' id='word_1_233' title='bbox 865 2776 962 2857; x_wconf 81' lang='lat' dir='ltr'>(Levi.</span> <span class='ocrx_word' id='word_1_234' title='bbox 978 2775 1046 2853; x_wconf 82' lang='lat'><strong>26.)</strong></span> 
     </span>
     <span class='ocr_line' id='line_1_31' title="bbox 126 2859 1051 2938; baseline 0 -20"><span class='ocrx_word' id='word_1_235' title='bbox 126 2861 245 2920; x_wconf 86' lang='lat' dir='ltr'>sonitus</span> <span class='ocrx_word' id='word_1_236' title='bbox 267 2861 329 2920; x_wconf 87' lang='lat' dir='ltr'>ioiii</span> <span class='ocrx_word' id='word_1_237' title='bbox 353 2862 493 2921; x_wconf 87' lang='lat' dir='ltr'>volantis.</span> <span class='ocrx_word' id='word_1_238' title='bbox 538 2861 576 2920; x_wconf 82' lang='lat' dir='ltr'>Et</span> <span class='ocrx_word' id='word_1_239' title='bbox 597 2861 655 2920; x_wconf 90' lang='lat' dir='ltr'>Isa.</span> <span class='ocrx_word' id='word_1_240' title='bbox 670 2864 729 2924; x_wconf 82' lang='lat'>57:</span> <span class='ocrx_word' id='word_1_241' title='bbox 761 2859 849 2938; x_wconf 91' lang='lat' dir='ltr'>lmpii</span> <span class='ocrx_word' id='word_1_242' title='bbox 866 2860 1051 2938; x_wconf 86' lang='lat' dir='ltr'>quasimare</span> 
     </span>
     <span class='ocr_line' id='line_1_32' title="bbox 126 2941 1050 3022; baseline -0.001 -21"><span class='ocrx_word' id='word_1_243' title='bbox 126 2943 260 3022; x_wconf 77' lang='lat' dir='ltr'>fervens,</span> <span class='ocrx_word' id='word_1_244' title='bbox 293 2944 376 3022; x_wconf 92' lang='lat' dir='ltr'>quod</span> <span class='ocrx_word' id='word_1_245' title='bbox 405 2945 563 3022; x_wconf 80' lang='lat' dir='ltr'>quiescere</span> <span class='ocrx_word' id='word_1_246' title='bbox 591 2962 652 3003; x_wconf 92' lang='lat' dir='ltr'>non</span> <span class='ocrx_word' id='word_1_247' title='bbox 675 2949 791 3022; x_wconf 84' lang='lat' dir='ltr'>potest,</span> <span class='ocrx_word' id='word_1_248' title='bbox 827 2948 858 3002; x_wconf 87' lang='lat' dir='ltr'>et</span> <span class='ocrx_word' id='word_1_249' title='bbox 877 2941 1050 3002; x_wconf 87' lang='lat' dir='ltr'>redundant</span> 
     </span>
     <span class='ocr_line' id='line_1_33' title="bbox 125 3025 1049 3087; baseline -0.001 -3"><span class='ocrx_word' id='word_1_250' title='bbox 125 3025 236 3086; x_wconf 86' lang='lat' dir='ltr'>iinetns</span> <span class='ocrx_word' id='word_1_251' title='bbox 259 3026 325 3087; x_wconf 88' lang='lat' dir='ltr'>eius</span> <span class='ocrx_word' id='word_1_252' title='bbox 348 3029 376 3086; x_wconf 94' lang='lat' dir='ltr'>in</span> <span class='ocrx_word' id='word_1_253' title='bbox 401 3027 665 3087; x_wconf 86' lang='lat' dir='ltr'>eonenieationem</span> <span class='ocrx_word' id='word_1_254' title='bbox 687 3025 862 3085; x_wconf 78' lang='lat' dir='ltr'>etinctum.</span> <span class='ocrx_word' id='word_1_255' title='bbox 905 3025 974 3085; x_wconf 91' lang='lat' dir='ltr'>Non</span> <span class='ocrx_word' id='word_1_256' title='bbox 1003 3032 1049 3084; x_wconf 88' lang='lat' dir='ltr'>est</span> 
     </span>
     <span class='ocr_line' id='line_1_34' title="bbox 125 3108 703 3189; baseline 0.005 -22"><span class='ocrx_word' id='word_1_257' title='bbox 125 3127 189 3188; x_wconf 86' lang='lat' dir='ltr'>pax</span> <span class='ocrx_word' id='word_1_258' title='bbox 210 3110 321 3189; x_wconf 77' lang='lat' dir='ltr'>impiis,</span> <span class='ocrx_word' id='word_1_259' title='bbox 344 3108 416 3169; x_wconf 83' lang='lat' dir='ltr'>dieii</span> <span class='ocrx_word' id='word_1_260' title='bbox 437 3112 588 3171; x_wconf 88' lang='lat' dir='ltr'>Dominus</span> <span class='ocrx_word' id='word_1_261' title='bbox 610 3109 703 3170; x_wconf 87' lang='lat' dir='ltr'>Deus.</span> 
     </span>
    </p>

    <p class='ocr_par' dir='ltr' id='par_1_7' title="bbox 126 3191 1050 3440">
     <span class='ocr_line' id='line_1_35' title="bbox 210 3191 1049 3271; baseline -0.006 -19"><span class='ocrx_word' id='word_1_262' title='bbox 210 3191 337 3270; x_wconf 75' lang='lat' dir='ltr'>Quarto,</span> <span class='ocrx_word' id='word_1_263' title='bbox 351 3195 487 3254; x_wconf 87' lang='lat' dir='ltr'>viventes</span> <span class='ocrx_word' id='word_1_264' title='bbox 510 3193 602 3271; x_wconf 86' lang='lat' dir='ltr'>aliqui</span> <span class='ocrx_word' id='word_1_265' title='bbox 624 3212 678 3253; x_wconf 89' lang='lat' dir='ltr'>eas</span> <span class='ocrx_word' id='word_1_266' title='bbox 700 3209 818 3271; x_wconf 85' lang='lat' dir='ltr'>poenas</span> <span class='ocrx_word' id='word_1_267' title='bbox 840 3196 1049 3270; x_wconf 85' lang='lat' dir='ltr'>gustaverunt,</span> 
     </span>
     <span class='ocr_line' id='line_1_36' title="bbox 126 3271 1049 3357; baseline -0.002 -24"><span class='ocrx_word' id='word_1_268' title='bbox 126 3275 244 3335; x_wconf 88' lang='lat' dir='ltr'>seiiieet</span> <span class='ocrx_word' id='word_1_269' title='bbox 266 3275 384 3356; x_wconf 82' lang='lat' dir='ltr'>inferni,</span> <span class='ocrx_word' id='word_1_270' title='bbox 408 3296 483 3357; x_wconf 84' lang='lat' dir='ltr'>ergo</span> <span class='ocrx_word' id='word_1_271' title='bbox 496 3277 591 3336; x_wconf 87' lang='lat' dir='ltr'>multo</span> <span class='ocrx_word' id='word_1_272' title='bbox 606 3277 703 3356; x_wconf 84' lang='lat' dir='ltr'>magis</span> <span class='ocrx_word' id='word_1_273' title='bbox 719 3273 846 3334; x_wconf 85' lang='lat' dir='ltr'>mortuis</span> <span class='ocrx_word' id='word_1_274' title='bbox 863 3271 1049 3332; x_wconf 85' lang='lat' dir='ltr'>eredendum</span> 
     </span>
     <span class='ocr_line' id='line_1_37' title="bbox 126 3355 1050 3440; baseline -0.003 -22"><span class='ocrx_word' id='word_1_275' title='bbox 126 3364 191 3437; x_wconf 84' lang='lat' dir='ltr'>est,</span> <span class='ocrx_word' id='word_1_276' title='bbox 223 3377 277 3418; x_wconf 87' lang='lat' dir='ltr'>eas</span> <span class='ocrx_word' id='word_1_277' title='bbox 298 3359 399 3419; x_wconf 89' lang='lat' dir='ltr'>inierri</span> <span class='ocrx_word' id='word_1_278' title='bbox 420 3360 451 3419; x_wconf 92' lang='lat' dir='ltr'>in</span> <span class='ocrx_word' id='word_1_279' title='bbox 473 3360 662 3440; x_wconf 85' lang='lat' dir='ltr'>purgatorio.</span> <span class='ocrx_word' id='word_1_280' title='bbox 714 3357 838 3435; x_wconf 89' lang='lat' dir='ltr'>Nam†)</span> <span class='ocrx_word' id='word_1_281' title='bbox 868 3355 969 3416; x_wconf 89' lang='lat' dir='ltr'>David</span> <span class='ocrx_word' id='word_1_282' title='bbox 998 3374 1050 3415; x_wconf 81' lang='lat' dir='ltr'>ex·</span> 
     </span>
    </p>
   </div>
   <div class='ocr_carea' id='block_1_6' title="bbox 181 3625 1049 3833">
    <p class='ocr_par' dir='ltr' id='par_1_8' title="bbox 181 3625 1049 3833">
     <span class='ocr_line' id='line_1_38' title="bbox 181 3625 1049 3695; baseline -0.007 -11"><span class='ocrx_word' id='word_1_283' title='bbox 181 3632 212 3693; x_wconf 85' lang='lat'>1)</span> <span class='ocrx_word' id='word_1_284' title='bbox 231 3631 299 3684; x_wconf 74' lang='lat' dir='ltr'>nra</span> <span class='ocrx_word' id='word_1_285' title='bbox 319 3631 407 3684; x_wconf 70' lang='lat' dir='ltr'>deest:</span> <span class='ocrx_word' id='word_1_286' title='bbox 427 3629 452 3684; x_wconf 84' lang='lat' dir='ltr'>e.</span> <span class='ocrx_word' id='word_1_287' title='bbox 501 3631 532 3695; x_wconf 86' lang='lat'>2)</span> <span class='ocrx_word' id='word_1_288' title='bbox 554 3631 677 3684; x_wconf 76' lang='lat' dir='ltr'>ranem:</span> <span class='ocrx_word' id='word_1_289' title='bbox 697 3629 740 3683; x_wconf 88' lang='lat'>20.</span> <span class='ocrx_word' id='word_1_290' title='bbox 792 3627 824 3695; x_wconf 81' lang='lat' dir='ltr'>a)</span> <span class='ocrx_word' id='word_1_291' title='bbox 846 3625 967 3680; x_wconf 73' lang='lat' dir='ltr'>runem:</span> <span class='ocrx_word' id='word_1_292' title='bbox 990 3625 1049 3679; x_wconf 80' lang='lat'>114.</span> 
     </span>
     <span class='ocr_line' id='line_1_39' title="bbox 182 3696 1049 3769; baseline -0.006 -14"><span class='ocrx_word' id='word_1_293' title='bbox 182 3703 210 3764; x_wconf 75' lang='lat' dir='ltr'>*i</span> <span class='ocrx_word' id='word_1_294' title='bbox 229 3702 296 3756; x_wconf 72' lang='lat' dir='ltr'>uos.</span> <span class='ocrx_word' id='word_1_295' title='bbox 316 3703 358 3757; x_wconf 81' lang='lat' dir='ltr'>ro.</span> <span class='ocrx_word' id='word_1_296' title='bbox 397 3702 446 3769; x_wconf 64' lang='lat' dir='ltr'>a)</span> <span class='ocrx_word' id='word_1_297' title='bbox 466 3703 528 3757; x_wconf 82' lang='lat' dir='ltr'>uon.</span> <span class='ocrx_word' id='word_1_298' title='bbox 549 3703 592 3757; x_wconf 80' lang='lat'>14.</span> <span class='ocrx_word' id='word_1_299' title='bbox 623 3700 689 3767; x_wconf 62' lang='lat' dir='ltr'>m)</span> <span class='ocrx_word' id='word_1_300' title='bbox 702 3701 781 3753; x_wconf 78' lang='lat' dir='ltr'>nov.</span> <span class='ocrx_word' id='word_1_301' title='bbox 795 3699 837 3753; x_wconf 83' lang='lat'>12.</span> <span class='ocrx_word' id='word_1_302' title='bbox 867 3696 899 3766; x_wconf 77' lang='lat'>†›</span> <span class='ocrx_word' id='word_1_303' title='bbox 918 3696 988 3750; x_wconf 67' lang='lat' dir='ltr'>ren.</span> <span class='ocrx_word' id='word_1_304' title='bbox 1005 3696 1049 3752; x_wconf 76' lang='lat'>94.</span> 
     </span>
     <span class='ocr_line' id='line_1_40' title="bbox 665 3804 981 3833; baseline 0 -6"><span class='ocrx_word' id='word_1_305' title='bbox 665 3804 712 3833; x_wconf 71' lang='grc' dir='ltr'>ι..</span> <span class='ocrx_word' id='word_1_306' title='bbox 975 3825 981 3830; x_wconf 87' lang='grc'><strong>,</strong></span> 
     </span>
    </p>
   </div>
   <div class='ocr_carea' id='block_1_7' title="bbox 126 3773 842 3942">
    <p class='ocr_par' dir='ltr' id='par_1_9' title="bbox 126 3773 842 3942">
     <span class='ocr_line' id='line_1_41' title="bbox 126 3773 364 3834; baseline -0.021 -4"><span class='ocrx_word' id='word_1_307' title='bbox 126 3773 170 3830; x_wconf 85' lang='lat' dir='ltr'>es.</span> <span class='ocrx_word' id='word_1_308' title='bbox 192 3773 255 3834; x_wconf 84' lang='lat'><strong>141.</strong></span> <span class='ocrx_word' id='word_1_309' title='bbox 276 3774 318 3830; x_wconf 68' lang='lat' dir='ltr'>re.</span> <span class='ocrx_word' id='word_1_310' title='bbox 340 3776 364 3833; x_wconf 80' lang='lat' dir='ltr'>s.</span> 
     </span>
     <span class='ocr_line' id='line_1_42' title="bbox 768 3871 842 3942; baseline -0.014 0"><span class='ocrx_word' id='word_1_311' title='bbox 768 3871 842 3942; x_wconf 69' lang='lat' dir='ltr'>ti·</span> 
     </span>
    </p>
   </div>
   <div class='ocr_carea' id='block_1_8' title="bbox 0 0 1182 4200">
    <p class='ocr_par' dir='ltr' id='par_1_10' title="bbox 0 0 1182 4200">
     <span class='ocr_line' id='line_1_43' title="bbox 0 0 1182 4200; baseline 0 1"><span class='ocrx_word' id='word_1_312' title='bbox 0 0 1182 4200; x_wconf 95' lang='lat' dir='ltr'> </span> 
     </span>
    </p>
   </div>
  </div>
 </body>
</html>
