2356 4200
178 283 242 352 172
425 286 622 344 Resoluttonss
641 287 750 359 Disput
769 286 847 344 turs

175 456 256 517 ‘inter
275 461 413 518 mortuos
434 475 503 518 esse
533 455 644 518 debest
677 455 752 518 liber
780 476 837 538 per
867 454 1037 534 Christum,
1070 457 1102 517 in

200 556 241 600 uo
263 540 347 600 visit

179 557 200 671 q-
261 621 450 703 Oolligsmns
472 640 554 683 nuno
575 622 697 684 tnndem
728 622 900 704 epilogum,
938 620 1103 682 strides·

178 724 261 779 mos,
294 705 414 785 quentis
446 707 640 767 remittuntur
662 724 783 786 poenae
804 725 859 786 per
880 703 1100 784 indulgentius.

177 785 348 868 Sextuplex
374 787 530 849 hominum
563 807 660 868 genus
690 789 761 848 mihi
791 788 909 849 videtur
927 793 1104 866 exeeptom,

177 869 260 951 quod
292 889 355 931 non
383 878 474 951 egeat
504 870 709 952 indulgentiis.
767 871 868 932 Primo
902 871 1014 930 mortni
1045 887 1102 930 seu

177 953 331 1031 morituri,
362 953 500 1014 seeundo
522 953 648 1029 infirmi,
679 954 768 1014 tertio
790 953 925 1035 legitime
946 950 1102 1032 impediti,

178 1041 286 1115 questo
308 1036 360 1115 qui
387 1054 449 1097 non
483 1037 700 1098 commiserunt
732 1037 875 1112 erimine,
913 1035 1020 1114 quinto
1050 1035 1103 1115 qui

177 1119 314 1196 erimine,
346 1118 401 1178 sed
427 1137 489 1179 uon
516 1118 639 1200 publiea
670 1120 903 1198 commiserunt,
931 1125 1021 1178 sexto
1050 1119 1103 1197 qui

177 1201 306 1265 meliore
336 1207 510 1281 operentur.
549 1201 753 1263 Ostendemus
773 1202 851 1263 boeo
864 1209 895 1262 et
910 1200 1101 1279 isoiomus¹)

177 1283 286 1344 seltem
310 1284 493 1345 verisimilia.

258 1366 408 1442 Primum,
443 1366 527 1446 quod
555 1367 634 1428 forte
662 1368 796 1427 maxime
829 1374 948 1443 movet,
981 1365 1101 1427 seilioet

71 1436 79 1449 ¹
177 1447 261 1528 quod
296 1447 426 1528 publicis
458 1449 633 1511 oridninibns
668 1450 766 1511 solum
805 1448 1000 1510 necessariae
1032 1453 1105 1508 sunt
1136 1479 1139 1484 ·

176 1530 399 1612 indulgentiae,
422 1538 455 1592 ut
476 1539 547 1593 sunt
568 1532 733 1611 adulterio,
766 1532 947 1608 homicidis,
979 1549 1103 1608 usuros,

175 1614 404 1693 fornicationes,
417 1613 548 1676 ebrietes
557 1615 602 1694 ²),
623 1614 806 1676 rebelliones
819 1621 880 1676 eto·
910 1613 1002 1674 Tales
1019 1614 1101 1674 enirn

177 1697 334 1779 siluerint
358 1698 480 1777 oooulli,
503 1698 540 1759 od
565 1717 699 1758 oenones
713 1716 774 1758 non
785 1697 926 1758 videntur
936 1696 1102 1777 pertinere.

177 1779 289 1857 Primo,
312 1780 395 1860 quod
412 1799 549 1841 oenones
565 1788 702 1841 statuunt
719 1781 858 1860 publiooe
883 1779 1102 1861 poenitentioe,

176 1880 234 1922 neo
260 1862 353 1924 bebet
381 1863 512 1924 eoolesie
541 1862 677 1924 iudioere
704 1863 778 1924 foris
800 1862 839 1923 de
868 1861 1005 1924 oooultis.
1049 1860 1102 1922 Se

106 1992 110 2002 .
176 1945 293 2022 eundo,
326 1945 409 2026 qood
437 1953 599 2026 peecatum
632 1946 802 2018 oooultum‚
825 1946 904 2006 sieut
925 1963 986 2005 non
1010 1943 1102 2005 debet

176 2028 299 2109 publioe
322 2028 432 2109 puniri,
454 2029 498 2089 ito
518 2048 576 2089 neo
596 2035 668 2109 eget
688 2028 811 2109 publioe
830 2028 959 2105 remitti,
981 2025 1036 2086 sed
1057 2027 1102 2086 in·

176 2110 352 2191 dulgentiue
375 2119 445 2171 sunt
457 2113 652 2172 remissiones
673 2110 825 2191 publioee,
848 2119 878 2171 et
899 2113 930 2170 in
952 2109 1033 2170 ieoie
1053 2127 1103 2170 ee

177 2194 290 2255 elesioe
310 2193 396 2267 fiunt,
419 2202 450 2254 ut
472 2201 571 2274 petet,
593 2196 656 2255 imo
679 2203 749 2255 sunt
771 2191 926 2270 nonnulli,
950 2192 1001 2272 qui
1023 2209 1100 2252 non·

176 2276 249 2336 nihil
272 2275 385 2336 distere
406 2284 515 2357 putent
535 2279 613 2337 inter
633 2277 839 2357 indulgentias
861 2274 992 2356 publicis
1005 2273 1102 2335 Bullis

178 2377 359 2437 oonoessas,
382 2370 412 2419 et
433 2361 574 2439 privatim
595 2361 625 2419 in
647 2361 715 2421 foro
736 2359 944 2420 eonscientiae
959 2356 1101 2418 donatos.

176 2442 295 2520 Tertio,
323 2441 451 2502 oeonltis
480 2443 615 2521 peoootis
644 2461 706 2504 non
736 2450 783 2503 est
810 2442 928 2503 offense
956 2439 1099 2516 eoelesie,

177 2524 230 2584 sed
254 2524 448 2585 solummodo
459 2525 600 2605 publlois,
612 2525 683 2586 ideo
696 2544 757 2587 non
781 2532 920 2584 tenentur
943 2522 981 2583 sd
995 2523 1100 2603 poeui-

178 2608 302 2668 tentiem
326 2607 490 2688 publioem,
515 2615 547 2667 ut
566 2609 734 2668 resarcient
757 2607 913 2684 seandalo,
932 2613 963 2665 et
982 2623 1101 2665 rursum

177 2690 339 2751 sedilioeut
360 2689 442 2768 quod
465 2689 689 2752 destruxerunt.
733 2690 865 2766 Quarto,
897 2696 929 2749 et
955 2707 1039 2748 nuno
1060 2688 1101 2747 iu·

177 2773 352 2833 risoonsulti
387 2792 450 2833 non
481 2772 629 2834 damnant
660 2772 782 2854 publice
814 2772 1011 2848 criminosos,
1044 2768 1101 2830 nisi

177 2855 286 2917 luerint
308 2857 373 2916 iure
394 2857 516 2933 notorii,
538 2856 703 2916 tolerantes
726 2856 807 2916 laeto
829 2855 977 2915 notor-ios.
1021 2852 1102 2928 Quo·

177 2958 243 2999 rum
266 2939 447 3000 seutentiam
476 2946 559 2999 certe
587 2957 649 2999 non
677 2938 829 3019 reprobo,
851 2954 952 3016 neque
974 2953 1103 2996 erroneo

178 3021 250 3081 mibi
272 3021 399 3098 videtur,
424 3040 492 3081 oum
515 3021 588 3081 nulli
606 3021 698 3082 lioeot
712 3021 839 3081 alterurn
852 3019 998 3095 iudicare,
1021 3018 1103 3078 denr-

179 3122 263 3181 nore,
285 3103 458 3184 despioere,
491 3103 713 3183 quantumlibet
733 3110 946 3184 peecatorem,
969 3101 1026 3161 nisi
1048 3118 1102 3181 po-

179 3192 319 3248 testatem
342 3186 482 3247 hebuerit
503 3186 658 3247 iudioendi
679 3205 771 3267 super
800 3205 887 3261 eum,
918 3203 957 3244 ne
986 3183 1103 3244 diostur

178 3270 222 3330 ei:
243 3269 289 3330 Tu
311 3270 378 3349 quis
400 3289 450 3351 es,
484 3270 534 3348 qui
557 3269 674 3329 iudioos
697 3269 828 3329 alienum
859 3265 1002 3328 servum?
1044 3265 1103 3326 Ne·

178 3351 323 3432 gligenlin
336 3360 436 3412 tomen
454 3353 587 3412 oeritotis
603 3349 854 3432 reprehendendo
868 3358 924 3425 est,
942 3357 1004 3409 tum
1018 3359 1103 3427 pree·

177 3434 332 3511 latorum,
370 3434 473 3509 tum¹)
507 3433 714 3511 subditorum,
753 3433 835 3513 quod
860 3432 999 3492 notorios
1022 3431 1103 3491 iooto

143 3744 156 3756 .
232 3696 264 3762 l)
284 3696 315 3750 In
334 3697 376 3752 ed.
395 3698 471 3753 len:
490 3695 677 3752 ostendemus
702 3725 734 3735 -
759 3696 900 3750 leeienms.
955 3696 988 3762 2)
1018 3695 1104 3752 ibid:

178 3768 334 3823 ebrletstes.
370 3770 403 3836 3)
424 3770 456 3822 ln
473 3768 516 3823 ed.
538 3769 625 3838 prinu.
644 3766 734 3823 deest:
753 3771 822 3823 tom.
