2356 4200
351 982 567 1079 Asterisci
589 979 776 1078 'Lutheri

326 1183 474 1245 adversus
506 1184 668 1246 Obeliscos
700 1184 794 1245 Eccii.

477 1399 643 1412 -u-—s-

183 1559 307 1620 Lntheri
336 1559 375 1618 de
396 1558 656 1638 indulgentiis
679 1559 943 1638 proposit-ionibus
964 1560 1021 1623 Ec

99 1642 164 1702 cius
198 1662 281 1703 anno
306 1641 386 1706 1518
417 1643 542 1702 ineunte
579 1642 726 1720 opposuit
753 1641 856 1702 theses
886 1643 1021 1723 triginta,

100 1744 176 1803 quas
193 1724 559 1804 episcopiAichsnetensis
567 1726 665 1803 jussu,
685 1724 920 1803 utipseindicat,
949 1744 1021 1786 con-

101 1809 230 1885 scriptas
254 1808 458 1868 obeliscos
491 1808 669 1866 nominavit.
712 1805 742 1865 Ji
776 1807 904 1887 obelisci
931 1809 1020 1869 initio

100 1890 223 1968 quidem
262 1892 343 1970 typis
376 1910 437 1950 non
468 1898 538 1950 sunt
559 1889 707 1967 evulgati,
742 1895 774 1948 at
796 1889 902 1951 crebro
926 1892 1020 1950 mani-

99 1972 155 2033 bus
178 1973 322 2052 descripti
351 1979 381 2032 et
403 1974 517 2052 passim
541 1972 583 2033 ab
606 1972 674 2033 aliis
705 1971 807 2032 traditi
843 1972 920 2032 aliis.
963 1973 1020 2035 Pc-

99 2061 175 2131 stea,
199 2075 267 2114 cunr
293 2055 481 2116 Carlstadius
504 2062 535 2115 et
556 2054 707 2115 Lutherus
730 2055 934 2134 singularibus
963 2075 1018 2118 cos

28 2139 33 2163 ¹
99 2139 230 2198 refutare
244 2146 428 2199 conarentur
444 2139 574 2218 scriptia,
589 2138 632 2197 illi
648 2138 770 2217 saepius
792 2140 872 2216 typis
895 2144 966 2198 sunt
976 2159 1019 2198 re·

4 2224 29 2239 '⁴
100 2222 201 2300 petiti,
238 2234 369 2300 namque
402 2221 550 2280 Lntherus
586 2221 712 2300 singulis
745 2220 831 2280 Eccii
867 2220 1020 2298 obeliscis,

100 2322 179 2380 quos
202 2303 239 2362 ad
263 2304 388 2364 verbum
412 2303 509 2382 arderi,
531 2304 669 2383 singulos
692 2305 1020 2382 opposuitasteriscos.

5 2410 7 2421 ³
100 2385 237 2447 Obelisci
260 2393 347 2446 erant
369 2388 451 2466 pleni
474 2388 682 2447 conviciorum
707 2393 800 2464 atque
821 2387 1020 2448 contumelia

100 2489 164 2528 rum
193 2475 224 2528 et
252 2470 374 2529 Lnthcri
403 2471 554 2545 animum,
577 2471 690 2548 qnippe
713 2471 762 2547 qui
784 2469 821 2528 ab
844 2471 944 2530 antico
966 2489 1021 2549 per

99 2551 353 2631 christophorum
399 2552 641 2626 Scheuerlium„
664 2552 827 2611 Patricium
860 2552 945 2611 illum
975 2551 1019 2614 01.

98 2633 406 2714 Norimbergenserm
435 2655 531 2714 nuper
554 2634 716 2695 conciliato
743 2635 798 2703 (cf.
821 2634 1019 2696 Seckendori.

99 2716 177 2776 Hist.
198 2717 286 2779 Luth.
309 2717 322 2777 I
346 2724 372 2790 ᾗ.
396 2717 462 2777 XV.
483 2717 582 2798 Add.)
609 2725 713 2777 essent
733 2717 871 2796 profecti,
894 2737 1020 2799 magno-

98 2819 172 2878 pere
208 2797 412 2861 offenderunt.
455 2801 603 2862 Lutherus
636 2800 741 2861 scribit
776 2799 815 2860 de
846 2801 883 2859 iis
918 2801 1019 2865 amico

99 2902 153 2941 sno
176 2882 431 2962 JnhanniSylvio
447 2882 582 2963 Egrabo,
605 2884 804 2943 ecclesiastae
826 2883 1020 2944 Zuieaviensi

1 3007 3 3015 ÷
28 3021 32 3026 .
103 2965 328 3030 (Ecclesiastae
360 2967 518 3046 Cygneo),
542 2967 570 3028 d.
594 2969 643 3030 24.
667 2987 706 3026 m.
729 2967 828 3025 Martii
853 2967 934 3029 1518
956 2986 1019 3028 non

99 3048 164 3106 sine
178 3047 444 3108 doloreanirni-his
458 3051 575 3110 verbis:
598 3049 746 3128 „Scripsit
759 3068 856 3128 nuper
873 3047 1020 3110 adversus

99 3150 182 3189 nreas
205 3133 510 3210 propositiones
534 3133 739 3193 obeliscos
762 3131 1020 3213 aliquotinsignis

97 3232 251 3290 veraeque
280 3215 461 3294 ingeniosae
496 3217 674 3276 cruditionis
703 3220 734 3273 et
766 3214 874 3273 eruditi
905 3215 1020 3295 ingenii

97 3295 201 3371 homo,
237 3303 275 3375 et,
301 3297 383 3376 quod
406 3300 503 3378 magis
527 3301 596 3371 urit,
627 3305 718 3357 antea
740 3297 812 3356 mihi
841 3317 954 3376 magna
975 3317 1019 3357 re·

97 3385 262 3457 centerqne
295 3388 453 3441 contracto
480 3383 613 3442 amicitia
636 3381 832 3456 coniunctus,
860 3380 1019 3440 lohannes

96 3461 207 3520 Eccius
229 3463 291 3541 ille,
315 3464 492 3544 theologiae
506 3465 623 3540 docton
636 3462 896 3542 procancellarins
916 3461 1016 3542 ingol-

97 3544 260 3604 stadiensis
284 3547 384 3624 studii
408 3550 574 3608 carronicus
596 3548 787 3621 AistetensiS‚
829 3564 912 3604 nnnc
937 3544 1019 3605 deni-

98 3646 158 3706 que
189 3631 391 3710 Augustensis
420 3631 504 3690 aedis
534 3632 749 3705 concionator7
773 3629 819 3687 vir
848 3629 908 3686 iarn
942 3627 1019 3687 cele-

55 3730 67 3742 *
96 3709 175 3789 brie,
214 3713 306 3772 etiarn
329 3714 413 3774 libris
440 3713 629 3794 invulgatus:
664 3719 694 3772 et
722 3713 780 3772 nisi
814 3711 1018 3791 cogitationes
