2356 4200
467 297 501 351 de
518 297 709 368 indulgentiis.
982 276 1044 361 257

123 467 372 549 quingentesimo
381 463 501 528 decimo
514 468 603 528 tertio
616 467 684 528 idus
696 466 843 544 ianuarii,
854 484 910 546 per
921 464 1045 526 easdem

125 552 228 613 literas
250 549 405 611 facultatis
428 568 483 610 seu
506 552 731 612 commissionis
754 567 922 611 concessae
944 548 1045 608 etfaa¹

123 641 175 695 tae
196 632 381 695 Reverendo
401 632 492 709 Patri,
514 634 610 695 Fratri
632 633 795 694 Francisco
817 632 902 693 Zeno
925 631 964 692 de
984 630 1046 691 lile

124 716 271 797 diolano,
294 717 431 776 Fratrum
450 715 600 776 Minorem
624 716 663 777 de
684 716 897 793 Observanua,
920 713 1046 774 etmihi

125 800 207 860 Patri
238 800 336 860 Fratri
364 798 528 859 Timotheo
558 799 596 860 de
627 799 727 878 Luca,
758 797 895 880 generali
921 796 1045 867 Vinaria

125 883 364 958 citramontana,
387 900 479 960 super
492 888 588 943 totam
605 883 735 962 Italiam,
758 881 935 962 Ungariam,
957 878 1046 939 Polo·

125 965 219 1047 niam,
239 965 433 1042 Bohemiam,
456 964 612 1026 Austriam
634 971 666 1026 et
686 965 762 1025 alias
783 963 959 1045 provincias
972 978 1055 1029 suaa

124 1047 356 1125 iurisdictionis,
376 1046 478 1126 quoad
495 1047 615 1110 Fratres
627 1047 1050 1128 praedictosetconsequerit
1090 1036 1109 1117 ᾗ

125 1139 173 1192 ter
200 1131 276 1190 mihi
304 1130 383 1190 iufra
410 1131 545 1211 scripto,
575 1124 722 1211 tanquam
750 1130 789 1192 ab
817 1149 854 1191 eo
883 1128 1054 1190 autoritati-
1090 1122 1104 1205 *ς

125 1213 304 1294 apostolica
329 1212 476 1293 deputato
505 1222 537 1274 et
558 1213 776 1294 subdelegato,
799 1230 881 1273 anno
905 1192 1049 1272 videlioel

127 1295 291 1357 ucocoo
309 1294 503 1375 duodecimo,
515 1298 664 1377 vigesimo
680 1303 791 1357 octavo
806 1295 855 1356 die
870 1295 983 1357 mensis
995 1292 1047 1353 Ju-

124 1381 187 1440 nii:
211 1385 359 1458 quantum
383 1378 421 1438 a'd
444 1378 503 1439 hoc
524 1379 682 1457 videlicet,
711 1379 794 1458 quod
816 1378 955 1458 querum
976 1390 1047 1456 pos:

127 1464 169 1522 sit
187 1462 337 1523 idoneum
360 1461 476 1541 eligere
494 1463 714 1540 confessorem,
736 1460 947 1542 presbyterum
963 1466 1048 1519 ssc'u·

127 1544 225 1606 larem
247 1543 298 1605 vel
312 1543 494 1624 regularem,
517 1547 649 1606 cuiusvis
672 1545 797 1623 ordinis,
821 1545 912 1605 etiam
933 1540 1048 1602 mendi·

128 1629 281 1706 cantium,
304 1627 573 1707 'qui'ooniessione
594 1628 757 1709 diligenter
772 1627 877 1688 audita
892 1644 948 1706 pro
967 1618 1048 1686 coln·

127 1705 231 1770 inissis
253 1714 327 1770 tunc
347 1716 488 1791 tempore
509 1711 669 1772 electionis
698 1731 753 1792 per
783 1728 838 1771 eos
860 1707 1048 1787 excessibus,

129 1793 250 1854 delictis
274 1800 305 1853 et
328 1787 462 1872 peccatis
485 1793 677 1874 quibuslibet,
700 1795 793 1854 etiam
815 1792 880 1853 sedi
903 1789 1048 1870 apostola

129 1895 186 1937 cae
206 1877 387 1954 reservatis,
421 1882 453 1936 et
479 1897 498 1936 a
526 1878 661 1937 censuris
683 1877 917 1953 ecelesiasticis,
956 1874 1048 1934 etiaui

128 1948 258 2038 qitarum
281 1958 435 2019 absolutio
458 1959 558 2020 dictae
581 1959 646 2020 sedi
668 1965 825 2019 reservata
838 1959 933 2035 foret3
956 1957 1048 2016 etiam

129 2044 170 2102 de
191 2042 255 2116 his,
283 2042 415 2120 quaein
438 2041 546 2103 Coena
566 2044 691 2103 Domini
718 2047 934 2117 reservantur,
962 2050 1048 2121 prae-

128 2133 272 2207 terquam
317 2126 482 2185 occasione
530 2125 766 2185 machinationis
807 2125 847 2183 in'
883 2140 1048 2203 personam

130 2208 243 2268 summi
266 2206 436 2286 pontificis,
461 2210 625 2269 occisionis
648 2209 864 2288 episcoporum
888 2212 919 2266 et
942 2222 1049 2265 conse·

130 2298 296 2369 oratorum,
312 2290 481 2352 aliorumve
497 2292 704 2372 praelatorum
727 2291 926 2370 superiorum,
947 2285 1050 2348 falsill·¹

131 2375 263 2435 cationis
286 2373 436 2434 bullarum
458 2384 510 2434 aut
530 2375 686 2435 literarum
709 2373 965 2454 apostolicarum,
999 2369 1050 2430 de·

129 2458 256 2518 lationis
279 2475 434 2516 armorum
456 2464 486 2517 et
508 2459 636 2519 aliorum
653 2456 876 2537 prohibitorum
888 2455 927 2515 ad
949 2461 1050 2534 partes

128 2540 310 2615 infidelium,
333 2540 500 2599 aluminum
521 2541 618 2619 Tulle,
631 2560 668 2600 ac
684 2540 722 2600 de
734 2539 869 2620 partibus
883 2537 1050 2598 infidelium

131 2623 171 2683 ad
193 2622 317 2701 fideles,
356 2630 463 2682 corntra
486 2621 965 2704 prohibitionemapostolicam,
999 2619 1049 2679 de-

132 2707 265 2766 latorum
288 2707 438 2791 incur-sisi
457 2726 520 2765 non
544 2712 646 2766 tamen
676 2705 731 2766 sub
761 2725 815 2785 spe
838 2713 868 2765 et
890 2710 1051 2785 praetextu

131 2786 304 2869 praesentis
340 2791 566 2869 concessionis,
605 2808 641 2848 ac
674 2789 798 2869 praevia
832 2787 1051 2863 satisfactione,

132 2873 172 2933 de
192 2873 259 2931 iure
281 2873 478 2952 competenti,
500 2873 596 2932 semel
617 2873 648 2932 in
670 2874 742 2950 vita,
764 2891 823 2931 nec
843 2890 906 2930 non
923 2872 955 2931 iu
973 2888 1052 2930 mor-

132 2957 170 3016 tis
193 2955 333 3032 articulo,
355 2957 536 3035 etquotiens
550 2955 652 3016 dsillo
669 2954 863 3033 dubitabitur,
885 2954 1051 3015 absolutio·

132 3058 206 3099 nem
235 3045 266 3097 et
294 3040 508 3099 remissionem
539 3058 576 3098 ac
598 3038 807 3117 plenissimam
829 3036 1051 3117 indulgentiam

131 3120 327 3202 impendere:
357 3123 388 3180 in
416 3141 478 3182 non
506 3123 668 3182 reservatis
691 3141 764 3182 vero
787 3121 907 3181 casibus
930 3123 961 3181 et
982 3136 1052 3179 aen-

133 3206 228 3281 suris,
251 3204 325 3264 licet
347 3205 413 3264 aliis
436 3204 629 3265 inferioribus
652 3224 750 3284 papae
773 3205 873 3265 forent
894 3203 1051 3283 reservati,

133 3289 248 3349 totiens
278 3288 420 3366 quotiens
441 3287 472 3347 id
496 3288 631 3366 petierit,
664 3287 889 3349 absolutionem
906 3285 1053 3366 impartiri
1083 3344 1086 3350 ,

132 3378 164 3432 et
191 3371 413 3450 poenitentiam
455 3371 618 3429 salutarem
649 3370 809 3450 iniungere
842 3369 981 3449 valeant,
1016 3386 1053 3428 ac

132 3455 225 3515 etiam
249 3458 322 3512 tunc
345 3455 456 3513 emissa
478 3473 532 3532 per
555 3472 609 3513 eos
632 3459 705 3513 vota
721 3471 919 3532 quaecunque
944 3451 1053 3535 (ultra-

133 3537 253 3597 marino
277 3543 308 3596 et
328 3537 484 3617 ingressus
506 3535 664 3616 religionis
685 3537 845 3616 professae
872 3554 909 3595 ac
933 3536 1052 3595 castita-

132 3622 171 3681 tis
206 3619 416 3679 solennisatae
450 3619 597 3678 duntaxat
631 3621 711 3678 votis
749 3619 902 3699 exceptis)
933 3620 974 3678 in'
994 3616 1055 3678 alia

133 3703 259 3783 pietatis
287 3722 383 3783 opera
414 3709 616 3762 commutare:
654 3701 792 3762 similiter
813 3701 956 3781 praefatis
979 3700 1053 3760 indi·

132 3785 292 3867 gentibus,
315 3787 403 3874 pmni
432 3793 573 3866 tempore
593 3785 686 3863 anni,
716 3792 930 3865 praeterquam
951 3785 983 3844 in
1005 3782 1056 3844 die

156 3927 249 3965 Lutlrerr'
261 3935 310 3970 opp.
329 3925 349 3962 V,
364 3924 389 3961 Α.
405 3925 435 3962 ad
446 3926 487 3962 ref.
501 3926 551 3964 nist.
566 3926 582 3965 i.
595 3937 617 3975 p.
636 3928 684 3968 Vol.
699 3929 719 3968 Ι,
807 3898 844 3961 Π
