2356 4200
124 291 166 361 58
375 251 678 368 desponsandus
697 250 809 379 Ldtberi

123 466 207 551 Malo
230 489 299 534 esse
333 492 352 533 a
378 477 410 535 te
431 477 462 534 et
485 472 634 537 similibus
659 475 703 552 (si
725 476 768 537 ita
789 477 927 555 perstas)
940 473 1043 537 *male

125 554 223 616 diotus
243 561 277 630 pt
297 558 595 637 excommunicatus,
620 577 711 638 quam
733 565 832 622 tenum
855 557 1044 643 benqdiatns.

36 645 40 650 “
124 637 208 719 ¹Nihil
228 635 328 699 babeo
352 639 434 718 quod
455 642 572 721 possim
586 641 724 722 perdere,
745 642 869 705 Domini
884 659 945 722 ego
967 659 1042 717 sum,

124 721 294 802 si-perdor,
315 721 449 785 Domino
473 722 595 804 perdor,
617 724 647 783 id
672 731 728 799 est,
749 718 899 787 invenior.
943 723 1045 787 Alium

124 824 199 886 ergo
221 824 344 885 quaere,
367 824 457 884 quem
480 814 605 870 terreas.

206 887 257 949 Ad
277 890 560 970 quinquagesimam
591 891 711 952 tertiam
739 890 864 952 stultum
886 896 918 952 et
935 889 1045 952 ridiou·

124 971 188 1041 lum
209 991 260 1032 me
280 991 385 1049 vonas,
408 973 530 1034 interim
552 980 584 1034 tu
596 974 719 1053 sapiens
737 972 821 1041 diois,
844 973 953 1037 erebra
971 973 1045 1034 raris

125 1053 252 1131 aedera,
275 1060 305 1115 et
326 1055 449 1117 annalia
469 1055 548 1117 festa
569 1063 744 1117 sanatorum
773 1057 947 1119 celebriora
969 1074 1045 1133 esse,

126 1155 218 1218 quam
244 1137 403 1199 sabbatum
426 1138 563 1221 Virginis
586 1140 699 1202 matris.
1024 1172 1027 1205 2

205 1220 409 1300 Respondeo:
433 1220 519 1298 Quo,
542 1241 620 1301 quo,
641 1223 682 1282 mi
704 1222 814 1282 Peter?
842 1221 906 1285 Aut
926 1221 1045 1302 plurios

113 1302 307 1378 'describitur
328 1324 435 1380 araus,
465 1312 518 1366 aut
546 1303 659 1366 flumen
681 1303 846 1382 Rhenum,
876 1304 931 1367 sed
968 1322 1046 1365 nune

125 1406 188 1449 uon
212 1393 278 1449 erat
298 1388 335 1447 iis
350 1389 377 1463 ¹)
402 1387 498 1449 loeus.
538 1388 677 1457 Primum,
698 1407 761 1447 non
784 1393 857 1448 sunt
875 1407 946 1448 rara
967 1385 1045 1468 apud

123 1489 194 1549 nos,
217 1469 271 1531 sed
293 1472 439 1532 contiuua
460 1470 720 1551 indulgentiarum
741 1471 876 1551 negotia.
919 1469 1046 1548 Deinde,

126 1573 206 1634 quae
226 1555 402 1636 proportio,
426 1560 459 1614 ut
480 1553 604 1614 verbum
627 1554 702 1630 Dei,
726 1552 807 1633 quod
828 1554 1047 1615 instantissime

123 1638 284 1718 praecepit
307 1635 444 1698 Christus
466 1635 652 1717 praedicari,
683 1636 774 1697 aedat
792 1637 869 1696 raris
891 1635 1047 1716 indulgen

124 1719 196 1780 tiis?
226 1720 257 1782 Si
280 1719 417 1781 Christus
437 1720 481 1781 ita
501 1739 564 1800 non
585 1719 735 1794 iussisset,
757 1725 853 1783 staret
874 1724 928 1780 tua
948 1717 1047 1780 simili

126 1801 212 1865 tudo.
255 1803 332 1865 Item
354 1822 419 1863 non
441 1808 546 1883 potest
565 1821 648 1883 papa
667 1801 774 1863 iubere
789 1799 1047 1864 silentiumverbi

125 1885 199 1964 Dei,
235 1885 318 1967 qnod
341 1885 439 1947 sensel
462 1887 607 1946 emissum
629 1904 692 1946 non
716 1893 763 1946 est
784 1885 962 1966 alligatum,
997 1881 1047 1944 ssd

126 1988 184 2030 neo
205 1969 319 2030 factum
341 1989 361 2030 a
381 1987 463 2048 papa
485 1987 618 2048 unquam
642 1967 713 2048 legi.

205 2051 266 2114 Per
285 2051 366 2113 idem
389 2050 565 2131 respondeo
596 2050 635 2112 ad
664 2051 820 2130 sequentis
841 2050 1047 2112 oonolusionis

124 2135 240 2197 futilem
279 2135 538 2213 nonfutat-iouem,
586 2133 636 2194 ubi
679 2140 710 2193 tu
743 2152 919 2194 sermonem
950 2130 1047 2194 vbnis

125 2238 191 2281 rum
215 2238 284 2279 esse
306 2217 430 2280 verbum
445 2217 503 2278 Dei
526 2214 695 2281 contendis,
720 2215 773 2276 sed
796 2217 974 2297 improprie,
995 2215 1047 2276 soi·

125 2301 199 2362 lieet
227 2320 296 2361 oum
332 2299 542 2361 deolaratoriis
572 2305 603 2360 et
624 2299 810 2360 hortatoriis.
863 2298 896 2360 Si
924 2299 1047 2361 verbum

124 2385 184 2444 Dei
206 2382 327 2463 dieiturq
346 2381 491 2464 quioquid
512 2401 580 2443 oum
602 2381 697 2443 verbo
719 2383 776 2443 Dei
797 2381 921 2451 dieitur,
944 2399 1047 2443 omnes

125 2465 283 2547 haeretiei,
306 2485 415 2528 omnes
438 2465 617 2543 daemones,
640 2465 905 2526 omneshomines
927 2483 992 2527 non
1009 2464 1048 2525 lo

128 2555 259 2629 quuntur
280 2549 339 2611 nisi
361 2547 487 2610 verbum
509 2548 585 2626 Dei,
621 2549 693 2626 quia
723 2548 798 2608 nihil
829 2552 891 2608 tam
919 2545 1048 2609 absurde

128 2631 188 2694 diei
209 2637 329 2713 potest,
357 2629 430 2711 qffin
452 2630 579 2692 verbum
602 2630 664 2690 Dei
686 2631 807 2690 misaeri
828 2631 939 2710 possit.
982 2629 1048 2711 Ego

128 2714 208 2793 dieo,
233 2714 316 2796 quod
339 2716 379 2776 sit
400 2713 525 2775 verbnm
543 2713 677 2773 hominis
700 2720 731 2773 et
752 2713 791 2773 de
802 2713 986 2775 remissione
1000 2712 1049 2775 ho

128 2799 217 2858 minis
237 2798 408 2879 prolatum,
442 2797 514 2876 quia
545 2795 671 2857 verbnm
694 2796 752 2857 Dei
781 2804 847 2878 est,
880 2796 965 2875 quod
994 2795 1050 2857 dds

127 2874 272 2941 iustificat
295 2900 348 2941 eor
368 2887 400 2940 et
421 2880 551 2961 gratiam
573 2877 790 2939 iustificantem
812 2880 948 2955 confert,
977 2880 1051 2940 siout

128 2961 300 3027 Roma.¹l:'
318 2964 422 3024 Virtus
443 2962 502 3023 Dei
524 2967 572 3022 est
593 2962 624 3021 in
648 2962 777 3022 salutern
801 2964 885 3023 omni
907 2961 1049 3024 eredenti.

128 3045 265 3109 Verbum
304 3053 407 3111 autem
444 3045 601 3105 veniarum
633 3063 695 3106 non
729 3043 890 3125 iustificat,
920 3046 1051 3126 nihilque

130 3129 251 3193 confert
279 3130 417 3207 animae,
447 3129 505 3189 nisi
527 3126 611 3206 quod
633 3126 686 3187 dat
707 3127 862 3188 licentiam
890 3126 1049 3209 pigritandi

129 3213 160 3273 in
183 3211 274 3274 bonis
298 3212 441 3292 operibus
463 3217 590 3291 propter
611 3210 757 3271 infirmos.

215 3294 262 3355 Ad
286 3295 573 3375 quinquagesimam
596 3293 734 3372 quintam
758 3292 843 3370 diois,
864 3293 946 3354 hano
968 3301 998 3354 et
1018 3293 1050 3352 si·

130 3378 218 3440 miles
241 3397 310 3439 esse
332 3378 474 3458 pueriles,
497 3377 554 3436 viri
575 3375 769 3454 stomachati,
792 3387 822 3436 et
843 3376 1001 3438 inferentis
1021 3392 1050 3436 os

129 3463 161 3522 in
194 3460 332 3534 coelum,
365 3468 396 3520 et
433 3465 540 3519 eontra
575 3458 728 3519 stimulum
758 3458 953 3524 calcitrantis.
1000 3459 1050 3521 aa·

132 3543 288 3625 spondeo:
317 3543 430 3603 Verum
454 3549 501 3601 est
523 3541 604 3620 apud
628 3539 808 3603 silvestrum
832 3550 862 3603 et
883 3544 1050 3604 Thomistaa

132 3626 292 3688 duntaxat.

140 3754 476 3771 m

203 3815 236 3884 1)
256 3814 289 3870 ln
310 3813 356 3871 sd.
375 3811 451 3868 iem:
473 3810 528 3864 his.
604 3819 609 3824 ·
