2356 4200
186 253 282 361 mx*
457 349 460 354 ,
576 294 715 347 Ριιιιιιιιιο

188 461 410 544 apostolorum
426 460 644 539 coelorumque
666 460 819 558 clavigeri
829 458 869 520 de
879 457 970 520 Urbe
974 458 1111 520 Nanctus

190 551 236 607 ιι
242 545 479 607 commissarius
508 563 527 603 a
554 544 748 604 sanctissimo
770 543 801 602 in
822 540 961 604 Christo
959 543 1059 603 Patre
1080 546 1112 602 ct

189 616 325 689 Domino
352 631 474 722 nostro,
496 625 537 688 D
565 626 670 687 Leone
691 625 843 705 Papall,
865 624 1039 768 specialiter
1059 624 1111 685 de

191 717 233 792 pu
236 717 328 784 tatus,
349 709 470 788 prout'
461 728 493 768 ιι]
512 707 608 768 literis
630 708 767 769 eiusdem
791 727 866 767 sanc
866 708 974 768 tissima
967 707 1111 767 'Domini

189 793 289 852 nostri
310 792 413 872 Papae
434 790 490 852 sub
512 791 638 870 plumbo
667 790 756 851 editis
785 791 918 870 plenius
928 789 1112 867 continetur,

190 873 305 935 dilecto
326 873 448 934 nobis
439 893 470 933 ιι]
494 872 616 934 Christo
638 873 783 934 Andreae
804 871 1055 991 Ηιιιιιιιιιιιιιιγι]
1063 889 1111 931 sa·

131 956 315 1091 :limem
307 975 339 1017 ιιι
360 956 494 1016 Domino
517 956 753 1036 sempiternam

272 1039 428 1118 Exigente
449 1038 520 1117 piae
542 1037 644 1098 devot
624 1039 717 1098 tronis
729 1036 849 1117 affectu,
863 1052 953 1117 quem
964 1055 1024 1097 nos
1025 1009 1113 1134 ’erga

237 1138 298 1182 um
321 1123 354 1181 ιι
381 1121 493 1182 dictam
515 1121 674 1181 basilicam
704 1127 735 1182 te
763 1119 877 1181 babere
899 1120 1112 1200 cognovimns,

192 1223 230 1264 eo
255 1202 336 1283 quod
360 1222 416 1282 pro
438 1204 673 1265 continuatione
695 1205 786 1263 tam
778 1220 962 1264 immansio
985 1203 1066 1262 eris
1073 1220 1113 1263 cx

192 1285 385 1376 pinguedine
402 1286 536 1345 caritatis
557 1287 645 1345 iuxta
662 1293 753 1365 apost
741 1285 894 1346 talicum
886 1220 1036 1345 indultum
1050 1303 1112 1344 ma-

190 1388 247 1429 nus
269 1368 433 1448 porrexisti
458 1368 635 1428 adiutrices:
659 1368 731 1429 ideo
754 1369 917 1429 autoritate
941 1367 1114 1448 apostolica

193 1451 283 1512 nobis
306 1449 451 1510 tradit
399 1449 513 1534 ate*)
548 1450 745 1511 concedimus
774 1451 950 1511 facultatem
979 1449 1114 1592 elipandi

157 1533 338 1595 ‘idoneum
370 1532 557 1612 secularem,
580 1534 630 1594 vel
657 1534 800 1611 cuiusvis,
823 1535 914 1594 etiam
926 1531 1009 1592 'bren
1031 1551 1099 1593 roan

191 1617 268 1677 tium
280 1614 405 1676 ordinis
419 1615 592 1696 regularem
608 1616 830 1695 confessorem,
852 1635 905 1696 qur
896 1615 1115 1693 conbssions

193 1705 246 1760 aaa
267 1698 431 1778 diligenter
451 1698 556 1758 audita
577 1717 634 1778 pro
656 1699 828 1760 commissis
850 1717 907 1779 per
928 1704 959 1759 te
981 1699 1116 1759 excessi-

192 1781 260 1873 bus,
283 1779 468 1858 criminibus,
489 1780 609 1841 delictis
632 1787 724 1859 atque
745 1783 881 1876 peccatis
895 1787 1115 1861 quantumcun·

195 1868 256 1943 que
276 1863 420 1944 gravibus
443 1870 473 1923 et
497 1862 689 1941 enormibus,
718 1865 809 1924 etiam
832 1864 897 1924 sedi
921 1870 1013 1943 apost
1001 1863 1115 1924 tolioae

194 1947 376 2024 reservatis,
399 1947 518 2006 etiamsi
541 1945 614 2008 talia
635 1945 737 2006 forent
744 1992 752 2023 ,
725 1953 901 2027 tproptcr
922 1965 1002 2027 quae
1023 1945 1115 2006 sedes

195 2029 265 2108 ipsa
286 2029 459 2108 apostolica
480 2034 563 2088 esset
578 2025 691 2089 merito'
709 2029 907 2106 consulenda,
930 2047 967 2089 ae
979 2029 1115 2089 censuris

194 2111 421 2188 ecclesiasticis,
441 2112 533 2171 etiam
550 2110 588 2170 ab
607 2110 732 2172 bomine
747 2111 785 2172 ad
797 2113 925 2172 alicuius
938 2112 1115 2172 instantiam

169 2224 173 2230 ·
193 2193 273 2269 latis,
286 2193 325 2253 de
334 2200 563 2272 eonsensupart
551 2194 624 2252 tium
634 2195 725 2254 etiam
732 2196 904 2255 rationeint
891 2194 1116 2255 terdictiincur-

193 2275 1116 2356 sisetqaoramabsolutiodictaefiediessetreservata,prae-

192 2363 330 2436 torquem
345 2358 581 2418 machinationis
594 2359 624 2417 in
646 2378 808 2438 personam
819 2361 936 2419 summi
949 2357 1114 2439 pontificis,

194 2440 358 2499 occisionis
367 2441 584 2520 episcoporum
592 2440 756 2502 stallorum
765 2442 1116 2522 superiorumpraelato-

192 2524 269 2601 rani,
277 2523 636 2583 etinieotionismanuum
648 2523 872 2584 violentarum
863 2544 895 2584 ιιι
907 2525 977 2586 ιιιοι
991 2531 1023 2584 et
1035 2522 1115 2584 alios

193 2605 360 2685 praelatos,
371 2603 593 2666 falsificationis
606 2603 756 2666 bullarum
766 2613 797 2666 et
805 2607 839 2667 lit
828 2614 960 2668 terarum
968 2606 1116 2687 apostoli·

197 2705 309 2763 carum,
318 2686 409 2747 delet
390 2688 481 2747 tronis
495 2706 648 2748 armorum
663 2695 694 2747 et
705 2689 1064 2770 elioramprobibitorum
1074 2689 1115 2748 ad

195 2777 298 2850 partes
307 2768 529 2848 infidelium,et
497 2789 597 2830 esen
599 2771 760 2831 tertiarum
775 2778 806 2833 et
819 2791 1015 2833 censurarum
1027 2791 1116 2833 occa

192 2853 452 2913 sionealuminum
464 2859 590 2913 sauctae
604 2854 708 2914 matris
717 2855 877 2934 ecclesiae,
886 2855 969 2916 code
978 2855 1116 2935 partibus

198 2922 367 2995 infidelium
388 2935 426 3002 ad
449 2934 568 3031 fideles,
592 2943 699 2995 contra
715 2936 857 3016 prohibit
849 2957 952 2999 nonem
969 2938 1118 3032 apostoli

195 3035 277 3097 cam,
308 3017 497 3096 delatorum,
533 3020 720 3078 incursorum
743 3020 868 3081 semel
860 3041 891 3081 ιι]
912 3022 990 3098 vita,
1021 3020 1091 3080 et
1083 3034 1114 3078 ιι]

196 3117 259 3159 non
281 3101 443 3160 reservatis
464 3101 585 3161 casibus
607 3103 710 3179 toties,
734 3104 854 3180 quoties
875 3103 905 3163 id
927 3103 1062 3183 petieris,
1085 3111 1117 3164 et

195 3181 226 3240 in
255 3183 362 3242 mortis
391 3183 520 3243 articulo
548 3184 717 3280 plenariam
751 3187 885 3246 omnium
916 3191 1114 3266 peccatorum

196 3269 317 3324 tuorum
340 3264 561 3361 indulgentiam
585 3275 615 3327 et
636 3268 848 3328 remissionem
868 3269 1068 3349 impendere,
1078 3287 1118 3329 ac

195 3348 416 3460 poenitentiam
440 3349 633 3431 salutarem
625 3350 800 3430 iniungere,
829 3369 888 3412 nco
914 3371 977 3413 non
1006 3351 1116 3413 eucba

251 3562 278 3624 ‘t
300 3564 342 3615 ιιι
364 3539 460 3616 contra
479 3560 616 3630 Syntaxin
640 3562 725 3618 babet
749 3565 830 3638 litera
853 3567 1031 3635 diplomatis,
1063 3568 1116 3632 cui,

194 3637 286 3688 cetera
298 3636 393 3686 omnia
408 3638 554 3703 impresso,
573 3634 697 3688 Tetellus
717 3633 818 3689 nomen
838 3639 961 3706 petitoris
971 3636 1117 3707 indulgen

172 3706 313 3781 alarum,
332 3706 360 3758 'et
384 3707 551 3773 pronomina
570 3705 777 3776 applicationis,
807 3715 932 3777 tuorum,
959 3710 1023 3776 tibi,
1051 3711 1115 3774 tuis,

195 3786 289 3831 manu
297 3790 350 3831 sua
367 3778 518 3846 inscripsit
