2356 4200
398 272 434 331 de
451 278 552 332 virtute
570 270 814 348 lndulgantlarurir.
1001 272 1066 342 287

145 446 351 525 materialem,
374 453 407 508 ut
428 448 473 508 sic
492 447 670 529 pontificem
694 454 822 528 utraque
844 454 999 530 potestate
1018 466 1064 508 er-

144 536 259 591 matum
285 492 374 590 nobie
396 548 459 591 nou
481 537 599 611 patrem
621 530 806 610 amabilem,
829 531 883 592 sed
905 532 992 610 quasi
1018 539 1064 612 ty·

143 633 274 675 rannnm
302 612 527 675 formidabilem
549 613 679 693 faciant,
709 614 781 675 dum
803 614 878 675 nihil
899 615 957 675 nisi
979 621 1065 694 pote-

144 703 207 757 etat
208 715 256 757 em
274 695 436 776 undique
428 716 459 757 ιιι
481 714 520 758 eo
542 697 690 759 videmus.

214 779 269 839 -Et
292 780 352 840 ista
386 784 435 840 est
459 777 642 842 fidelissima
677 778 783 861 glossa
820 799 915 862 super
945 787 1064 861 patrum

143 863 317 939 decretam
332 863 440 941 quibus
449 869 509 922 tam
524 863 621 943 rigide
631 862 831 944 prohibentur
837 863 956 925 clericis
970 882 1064 924 arma.

145 947 205 1008 Hic
226 945 306 1023 vide,
328 966 401 1006 num
424 946 505 1006 Deus
527 947 630 1025 iratus,
652 946 760 1008 videns
776 945 860 1026 quod
882 966 937 1026 pro
960 945 1065 1027 gladio

143 1031 269 1110 spiritus
297 1036 329 1089 et
357 1029 520 1109 evangelio
556 1029 717 1090 dileximus
745 1028 917 1111 intelligere
943 1029 1066 1109 ferrum,

143 1113 312 1174 iustissime
338 1111 428 1175 uobis
455 1112 541 1189 lecit,
564 1119 597 1172 nt
585 1112 705 1174 tdaret
726 1112 877 1193 gladium,
900 1131 990 1193 quem
1013 1130 1066 1172 vo·

144 1196 266 1271 luimus,
289 1202 321 1255 et
340 1195 473 1256 auferret
493 1213 582 1274 quem
606 1195 774 1274 noluimus,
796 1196 840 1256 ita
860 1201 1065 1274 utnusquam

143 1281 176 1341 in
200 1277 314 1338 mundo
342 1278 433 1339 luerit
460 1277 615 1339 crudelior
637 1284 754 1360 strages
777 1277 944 1356 bellorum,
973 1294 1064 1358 qnam

143 1359 436 1443 apndOhristianoa,
459 1380 577 1421 rursum
599 1362 654 1423 vix
675 1361 844 1442 neglectior
865 1380 962 1422 seem
974 1362 1066 1441 scrip-

144 1453 220 1523 tura,
243 1462 334 1523 quam
357 1443 438 1523 apud
452 1443 654 1504 Christianos
675 1444 789 1506 Entibi
805 1444 951 1525 gladium,
975 1463 1064 1524 quem

143 1528 279 1589 voluisti.
322 1525 348 1587 Ο
370 1527 477 1607 glossa
496 1527 545 1586 vel
569 1532 682 1587 tartaro
706 1526 807 1608 digna
831 1527 941 1588 Adhuc
962 1534 1064 1588 tamen

142 1629 248 1672 sumus
271 1611 367 1687 saxei,
390 1611 451 1669 ut
440 1628 518 1670 rrarn
541 1599 598 1670 Dei
620 1628 683 1670 non
704 1609 925 1708 intelligamus,

200 1692 297 1769 Our,
319 1710 446 1772 quaeso,
468 1691 829 1754 illudamabilissimum'
822 1695 979 1775 ingenium
1001 1712 1065 1754 non

141 1777 237 1838 etiam
260 1775 336 1836 duas
358 1776 467 1835 claves
484 1776 550 1854 pari
571 1775 715 1837 videlieet
729 1776 896 1837 subtilitate
918 1778 1065 1858 interpre-

141 1867 240 1936 tetur,
269 1867 302 1918 ut
324 1877 385 1918 uuo
407 1860 444 1918 sit
467 1858 639 1919 divitiarum
662 1859 767 1921 mundi
789 1859 945 1940 largitrix
968 1859 1066 1921 alters

141 1961 217 2003 vero
244 1940 416 2001 divitiarum
451 1941 541 2002 ooeli
585 1941 624 2000 Et
652 1940 798 2023 qu'iderrr·¹
807 1941 846 2001 de
868 1932 966 2003 altera
989 1943 1064 2003 satis

140 2026 237 2107 plana
257 2033 305 2085 est
326 2043 379 2084 sen
384 2025 497 2100 teutia,
532 2025 601 2103 quio
636 2024 803 2085 secundnm
826 2026 1064 2086 concionatores

140 2109 300 2170 veniarum
335 2110 405 2187 ipsa
426 2107 546 2168 eoelum
578 2107 702 2167 assidue
730 2109 843 2188 aperit,
876 2115 907 2168 et
927 2107 1065 2169 exundat

141 2192 228 2252 divit
208 2198 266 2251 tras
287 2190 408 2255 Christi
434 2190 502 2251 Sed
531 2190 658 2251 alteram
681 2209 743 2250 non
768 2192 868 2271 potnit
888 2192 933 2251 sic
954 2190 1064 2251 intelli·

142 2293 227 2356 gere,
251 2275 352 2334 sciens
374 2275 551 2370 voraginem
575 2274 805 2353 rapacissimam
830 2273 1040 2334 divitiarum
1031 2293 1067 2343 m
1146 2319 1149 2327 .

162 2357 286 2417 eclesia.
309 2357 379 2417 Non
402 2358 482 2416 enim
505 2355 632 2435 expedit
653 2357 805 2418 ecclesiae
827 2362 858 2417 ει
876 2358 1063 2437 patrimonio

169 2441 270 2516 bristi,
293 2447 326 2500 ut
346 2446 432 2499 tanta
454 2439 637 2517 liberalitate
657 2439 778 2501 divitias
805 2441 926 2520 mundi,
949 2447 1064 2520 quanta

140 2485 300 2604 reprendit
320 2523 441 2583 divitius
463 2522 552 2584 coeli.

227 2605 301 2666 ldeo
325 2605 422 2666 altere
444 2605 609 2665 clavist
561 2611 609 2665 est
640 2605 735 2666 clavis
773 2607 935 2680 scientiae,
968 2607 1017 2666 cui
1038 2606 1064 2666 si

140 2688 307 2750 adderetur
327 2689 405 2749 alter
425 2688 560 2768 gladius,
596 2689 646 2768 qni
681 2696 729 2750 est
761 2688 883 2769 gladius
917 2689 1064 2750 scientiae

140 2772 349 2852 apostolicae,
372 2772 504 2835 diceret:
536 2771 627 2832 iniis
651 2770 834 2850 omnibuelj
859 2772 994 2833 nondum
1016 2779 1065 2832 est

140 2874 269 2915 aversus
291 2855 374 2915 furor
393 2855 535 2932 Domini,
570 2854 671 2914 adhuc
703 2874 810 2916 manus
841 2857 906 2916 eins
928 2861 1064 2934 extenta,

140 2937 276 3016 seilicet,
310 2939 380 3016 quia
411 2957 460 2998 res
482 2947 531 2997 est
553 2939 629 2997 mire
651 2938 801 3017 molesta,
835 2956 942 2999 sacras
960 2938 1064 2998 literas
1093 2962 1096 2969 ·

140 3021 292 3102 mediteri,
315 3021 425 3101 quibus
447 3021 585 3081 instructi
605 3021 791 3095 (secundum
814 3021 989 3101 apostolum
1003 3021 1062 3104 *))

138 3104 368 3165 destrueremus
391 3105 585 3178 munitiones,
609 3109 642 3162 et
663 3122 785 3164 omnem
803 3104 995 3165 altitudinem
1013 3120 1063 3164 ex-

139 3187 300 3249 tollentem
325 3208 358 3247 se
380 3187 526 3247 adversus
549 3187 707 3246 scientiam
730 3187 796 3247 Dei.
837 3186 1063 3268 compendium

140 3269 216 3332 illud
238 3270 352 3331 laboris
376 3270 465 3332 nobis
488 3269 604 3350 placet,
637 3288 699 3330 non
734 3276 766 3330 ut
779 3268 810 3352 ²)
844 3271 989 3331 haereses
1012 3279 1064 3331 ent
1153 3322 1160 3339 ,

141 3372 262 3416 errores
285 3353 486 3430 destruamus,
509 3353 563 3413 sed
585 3352 758 3415 haereticos
781 3360 812 3413 et
831 3360 967 3414 errantes
991 3372 1062 3414 oon·

142 3485 309 3499 Ν--Αο-α-οαι

139 3575 146 3585 “
197 3564 279 3638 illu
300 3564 343 3622 ed.
362 3568 422 3622 len.
452 3569 565 3637 legitur:
595 3568 664 3620 alter
683 3567 809 3637 glarfius,
828 3568 855 3620 id
877 3574 934 3634 est,
954 3566 1062 3637 gladius

138 3643 290 3703 scientiae,
310 3642 471 3709 apostolice,
489 3639 516 3691 id
536 3646 596 3705 est,
615 3645 688 3693 recte
707 3645 735 3693 et
753 3645 847 3694 sancte
866 3639 1004 3695 dicerent:
1034 3642 1063 3693 in

139 3716 184 3768 iris
205 3713 333 3766 omnibus
354 3719 404 3766 etc.
442 3711 475 3777 2)
495 3711 619 3765 Ibidem:
639 3715 670 3764 nt
687 3727 754 3769 nou.

197 3785 227 3854 *)
248 3786 273 3839 2.
294 3784 357 3839 Cor.
378 3785 421 3839 10.
