2356 4200
382 276 416 341 ue
435 281 536 377 virus
554 277 797 357 termentum·
982 270 1045 349 2⁶7
1109 362 1112 367 ,

208 450 330 531 Tertio,
362 458 393 513 et
422 457 487 517 tote
509 449 640 531 enclesis
659 467 796 519 meeum,
822 443 1046 529 quiueeolesiu

126 534 232 617 utique
255 553 323 599 oum
346 554 430 615 pepe
451 534 548 677 sepit,
576 540 606 593 et
635 530 717 591 'sieut
743 550 826 613 pepe
853 530 943 611 sepit.
985 527 1045 599 Sed

122 618 185 687 iem
209 614 322 685 dietum
345 624 402 691 est,
426 617 477 696 qui
519 634 602 697 pepe
622 615 740 695 sentiet

158 766 164 775 ,
194 696 343 779 Quarto,
365 700 422 760 etsi
443 698 475 763 S.
497 697 648 777 Thomas,
670 696 706 759 Β.
726 696 956 773 Beneventum,
978 692 1047 759 sls-

124 777 247 845 xeudei
267 781 386 861 Ales¹)
416 783 477 842 sint
497 782 633 862 insignes
662 782 717 841 viri
739 800 809 841 euru
831 781 895 843 suis
917 777 1047 859 discipu·

123 865 179 940 lis,
200 864 354 944 Antonio,
375 864 466 927 Petro
488 862 605 947 Peius,
627 864 707 947 Aug.
730 864 828 929 Anco.
851 869 972 945 prester
996 880 1047 933 oe-

124 948 284 1041 noriistes²
315 949 368 1028 qui
390 967 497 1011 omnes
520 966 574 1010 eos
595 956 780 1027 sequuntur,
811 954 913 1023 temen
935 946 1047 1013 iustum

125 1039 173 1095 est
196 1030 240 1094 eis
262 1030 416 1113 preeierre
438 1031 596 1092 veritatem
617 1032 732 1111 primo,
754 1030 864 1093 deinde
886 1036 917 1091 et
937 1027 1049 1101 sutori·

125 1121 220 1189 tutem
253 1133 354 1195 pupae
384 1120 414 1174 et
446 1113 606 1183 ecelesiae.
649 1113 715 1175 Neo
742 1116 850 1175 mirum
878 1120 925 1174 est
946 1117 1048 1173 tantos

125 1196 210 1265 viros
231 1197 262 1257 in
284 1196 346 1269 hoo.
366 1214 494 1257 errasse.
536 1194 616 1259 nam
632 1197 669 1275 ju
692 1197 830 1276 quentis,
859 1213 991 1274 quaeso,
1012 1193 1048 1257 B.

124 1278 277 1347 inomaus
306 1280 397 1341 etium
426 1276 609 1341 scholastici
639 1298 758 1343 errusse
788 1277 941 1359 erguuut?
982 1277 1048 1340 lino

126 1360 211 1459 quod
233 1362 330 1422 meins
352 1368 409 1436 est,
430 1362 491 1423 ism
514 1360 581 1443 plus
605 1363 746 1423 trecentis
768 1363 917 1425 enuistot
932 1360 1050 1423 univer·

127 1450 250 1523 situtes,
276 1448 323 1505 tot
344 1444 374 1505 in
397 1442 455 1505 illis
478 1444 655 1515 sontissima
677 1444 817 1525 iugenio,
843 1449 890 1506 tot
911 1443 1049 1523 ingenio·

126 1547 195 1587 rum
217 1522 586 1607 pertinacissimn'etudie
600 1527 630 1589 iu
647 1545 708 1587 uno
721 1527 888 1591 Aristotele
900 1526 1051 1603 tenorent,
1172 1526 1175 1532 ’

126 1616 284 1677 ettamen
306 1608 407 1675 adnue
427 1628 490 1673 nou
513 1608 611 1671 solum
635 1608 832 1671 Aristotelem
858 1628 921 1675 nou
943 1606 1051 1669 iutelli-

127 1698 215 1777 gunt,
236 1692 457 1755 verumetiam
482 1710 615 1753 errorem
640 1698 671 1753 et
692 1690 795 1769 dotem
818 1690 1051 1771 intelligentism

127 1794 185 1856 per
205 1774 380 1847 uuiversum
400 1794 481 1855 pene
502 1774 665 1839 eustesium
683 1782 843 1857 spargunt,
865 1791 1051 1854 quemquem

129 1856 155 1917 ei
179 1855 271 1919 elium
294 1853 499 1939 intelligerent
522 1876 601 1936 eum,
624 1856 696 1917 nihil
719 1858 864 1939 egregios
883 1856 1052 1936 sapienties

130 1938 235 2027 adepti
256 1944 377 2017 esseut,
409 1939 648 2019 praesertimiu
681 1940 729 2011 eis
754 1939 846 2013 libris,
867 1936 1051 2007 Aristotelis,

130 2040 209 2101 quos
232 2020 406 2089 usitatiores
428 2018 528 2093 huben
555 2020 604 2087 iu
627 2020 737 2105 ‚quibui
759 2021 807 2082 uel
829 2023 989 2101 ipsiusmet
1009 2026 1051 2081 te

130 2104 277 2189 stimouio
299 2102 380 2185 apud
403 2102 515 2175 Aulum
531 2027 665 2167 liellium
686 2102 736 2167 lib.
749 2104 800 2170 20.
823 2105 892 2179 0-4-
915 2110 947 2163 et
960 2100 1053 2183 Greg.

129 2184 248 2255 Neuen.
277 2186 312 2249 in
340 2185 404 2251 Ser.
433 2184 581 2255 adversus
607 2186 741 2255 Arianos
773 2206 836 2247 non
865 2187 921 2245 uisi
951 2202 1051 2245 merus

133 2266 371 2349 Logodaedelus
395 2274 425 2328 et
446 2268 661 2349 Lngomnohus
684 2267 930 2349 deprehenditur.

171 2390 175 2397 -
215 2348 345 2429 Audax,
366 2349 545 2433 impudens,
569 2348 746 2421 teuiererius
769 2351 847 2419 forte
867 2351 918 2415 hio
936 2349 1054 2427 videor,

132 2438 227 2513 etque
249 2433 365 2499 utiuem'
387 2433 459 2493 mihi
482 2439 599 2495 tontum
616 2442 794 2529 superesset
815 2435 925 2495 setutis
946 2439 977 2507 et
990 2432 1054 2510 otii,

134 2514 277 2595 uthuius
299 2515 477 2593 temeritatis
500 2535 589 2577 mese
609 2522 762 2578 rationem
782 2514 921 2594 reddere,
942 2522 973 2577 et
991 2533 1055 2574 ver·

133 2592 181 2661 bis
204 2597 279 2659 meis
302 2594 393 2663 fldem
414 2596 520 2671 faeere,
543 2616 685 2678 possem,
717 2598 796 2661 lente
825 2598 995 2674 effluerem,
1023 2602 1056 2665 til

134 2699 198 2747 non
226 2674 337 2745 lruetre
364 2682 410 2741 sio
437 2699 548 2761 supere¹
582 2679 711 2745 viderer.
758 2681 828 2742 Nou
858 2678 1056 2747 Aristotelem

135 2782 206 2833 oum
228 2760 356 2827 Plutone
384 2768 415 2822 et
442 2763 510 2823 eliis
536 2763 774 2846 coneordmem,
798 2762 882 2842 quod
902 2762 1056 2824 lohannes

134 2842 480 2917 PiousMirondulunus
503 2846 616 2925 eoepit,
637 2844 692 2927 sed
702 2843 899 2911 Aristotelem
922 2845 985 2917 suis
1006 2861 1056 2905 on

134 2925 254 2989 loribus
271 2926 449 3069 pingerem,
472 2928 551 2989 siout
573 2926 697 3007 dignum
720 2935 767 2989 est
789 2928 874 3008 pingi
898 2946 983 3003 eum,
1004 2926 1057 3005 qui

136 3030 178 3087 eir
214 3028 354 3090 proesso
387 3017 434 3071 est
471 3009 581 3071 artilex
613 3007 775 3073 verborum
811 3008 864 3090 (nt
890 3008 1057 3089 Gregorius

137 3090 256 3154 sten.
280 3092 339 3165 sit)
366 3095 396 3152 et
416 3091 523 3151 illusor
544 3091 746 3170 ingeniorum.
854 3094 857 3101 '

221 3173 252 3243 Si
274 3175 456 3257 itaqueper
479 3179 597 3247 tautum
620 3179 740 3254 tempos
763 3173 910 3249 intentis
927 3172 1057 3252 ingeniis

138 3254 382 3339 permisimus,
405 3263 521 3329 tentum
544 3252 633 3317 nubis
647 3263 678 3316 et
691 3255 884 3319 tenebrarum
897 3254 1059 3333 dominari,

139 3337 212 3436 quid
236 3337 336 3407 udhuo
357 3336 446 3409 nobie
468 3338 512 3405 itu
532 3330 632 3405 seouri
652 3337 829 3419 placemus,
858 3345 889 3398 et
915 3355 977 3399 nou
1005 3355 1059 3417 po·

139 3429 199 3483 trus
224 3418 522 3502 (sioutchristiunos
535 3418 639 3499 decet)
665 3422 770 3483 omnis
791 3427 895 3482 nostru
916 3424 1061 3500 euspeotn

140 3503 301 3581 hebemus,
323 3508 357 3561 ut
378 3501 462 3562 solus
485 3502 621 3564 Christus
643 3504 683 3565 sit
703 3502 767 3581 lux,
791 3502 914 3581 iustitie,
936 3503 1059 3580 veritus,

132 3586 311 3667 sepientis,
339 3600 434 3655 enne
454 3582 567 3646 bonum
591 3595 739 3651 nostrum.
780 3585 876 3673 igitur
896 3585 996 3646 sensti
1016 3583 1061 3647 illi

216 3768 246 3834 ι)
266 3764 335 3821 ruo.
353 3764 476 3836 regermi-
490 3762 525 3833 os
539 3760 618 3827 ere.
