2356 4200
161 258 229 341 aa
408 213 410 217 1
548 258 700 321 ==P⁸⁸0ffl⁰

163 435 313 514 pensator
349 426 519 510 perfeetum
548 429 763 491 remissionem
794 432 826 488 et
855 421 918 491 Dei
958 425 1090 506 gratiam

162 514 270 581 ¹denuo
298 512 513 592 subsequitur,
555 532 611 593 per
638 531 730 591 quam
759 511 852 574 etiam
875 509 1089 578 remissionem
1152 525 1156 533 ·

164 601 363 679 pennatorum
399 594 457 657 sihi
490 613 613 676 poenae
653 597 684 656 in
728 595 921 675 purgatorio,
963 596 1091 672 propter

164 679 317 746 &ausam
362 679 485 750 divinae
511 679 692 741 maiestatis
732 675 879 757 luendae,
911 675 1091 757 plenissime

165 764 419 829 remittunturet
453 754 579 825 omnnio
608 760 756 823 delentur.
805 761 882 823 Item
910 758 1089 840 pontificem

166 845 282 912 habere
300 850 488 926 potestatem
511 845 543 906 in
562 844 774 925 purgatorium
791 843 831 904 ad
848 842 1024 906 liberandas
1035 862 1092 922 per

165 931 248 1003 niem
278 928 544 1009 indulgentiarum
563 928 693 993 animas.
740 926 781 989 Et
801 932 864 991 tam
884 933 999 988 certam
1020 945 1092 987 esse

167 1010 313 1085 fiduciam
342 1011 451 1073 sedatis
478 1029 534 1091 per
560 1011 665 1072 literas
693 1010 857 1071 Veniarum
886 1007 1092 1090 adfirmabunt,

167 1101 201 1163 nt
223 1115 308 1157 suam
332 1095 468 1156 animam
496 1111 553 1174 pro
573 1093 633 1155 iliis
654 1094 907 1174 impignorareat.
951 1092 1092 1170 armam,

165 1197 259 1258 quam
289 1196 362 1238 eum
393 1176 567 1258 insignibus
589 1195 690 1257 papae
710 1177 742 1239 iu
764 1175 899 1238 eeclesia
920 1175 1092 1256 erigebant,

33 1282 40 1286 ·
166 1279 269 1340 aedua
303 1258 462 1321 eiiieanem
500 1278 571 1320 esse
599 1278 637 1323 aa
672 1260 771 1339 ipsam
808 1258 920 1321 Christi
957 1277 1091 1322 emnem.

166 1342 335 1415 andana
350 1343 493 1405 vfabulas:
523 1342 558 1403 In
586 1347 672 1406 serto
705 1340 840 1421 quodum
862 1343 937 1404 loeo
957 1343 1093 1422 quinque

165 1427 339 1497 animarum
366 1425 461 1489 millia
489 1444 545 1505 per
572 1426 678 1491 venias
707 1426 783 1500 istas
806 1424 980 1504 redemisse,
1011 1426 1093 1487 inter

167 1527 243 1588 quas
260 1507 364 1570 solum
385 1513 448 1571 tres
468 1508 599 1575 fuissem
627 1508 808 1587 damnatae,
832 1508 904 1572 ideo
934 1507 1018 1588 quud
1039 1507 1091 1569 de-

164 1589 557 1671 traxisseutindngentiia
574 1591 658 1655 Finis
676 1597 710 1652 et
722 1592 881 1654 eonebrsio
905 1592 1091 1656 ooneinnum

167 1673 239 1743 init:
271 1673 421 1753 ¹Impone,
442 1673 579 1754 lmpou'e,
599 1674 755 1754 impone„
778 1668 881 1755 thue
903 1685 967 1741 nob
988 1673 1091 1739 saba
1134 1726 1140 1741 f

166 1762 303 1835 tantam,
331 1755 387 1818 sed
415 1757 563 1837 exemplo
589 1756 726 1823 etsfaoto
746 1757 888 1821 homines
911 1759 1091 1835 exaitareut,

47 1921 52 1929 ,
165 1830 447 1920 ariminensem
468 1841 498 1903 io
522 1840 658 1905 omnium
681 1846 848 1921 eonspeetu
872 1839 1093 1922 prooedebant,

168 1920 332 2003 splendido
353 1928 443 2002 gestu
466 1928 496 1982 et
511 1941 631 1986 sonoro
644 1924 766 1985 tinnitu
787 1922 904 2004 aliquid
924 1926 955 1987 in
983 1924 1111 1987 sistamv

168 2005 391 2084 ooniieientes3
419 2011 452 2071 et
466 2026 468 2031 ·
482 2011 619 2067 astantes
647 2006 878 2086 imponentibus
907 2006 1093 2085 arridebant,

79 2110 81 2113 ·
168 2087 382 2157 amittendum
396 2086 643 2168 indignabantur.
675 2089 901 2154 Permittebsnt
914 2090 1009 2153 etam
1018 2108 1093 2170 pau-

167 2170 292 2250 peribus
311 2169 519 2252 indulgentias
549 2171 620 2246 illas
648 2173 753 2254 gratis·
772 2173 857 2252 aad,
884 2173 940 2235 sed
966 2173 1029 2250 ita,
1061 2179 1095 2233 ut

166 2254 300 2334 primum
329 2252 536 2333 uudeounqne
564 2256 712 2334 peounias
748 2257 913 2319 corradere
938 2261 1096 2319 tenerent

171 2355 190 2400 a
212 2335 303 2423 bonis
324 2336 503 2401 fautoribus.
545 2335 587 2398 Et
607 2356 721 2401 uxores
743 2338 914 2418 doeebant,
936 2339 1028 2401 etiam
1049 2339 1094 2399 in·

171 2419 241 2481 vitis
267 2419 402 2497 merids,
429 2418 713 2499 quomodocunpue
738 2422 902 2485 oorradere
928 2421 1092 2502 peeuuiem

171 2500 213 2570 ad
234 2499 429 2564 redimendas
450 2500 668 2584 indulgentias.
711 2504 797 2567 Haeo
818 2525 858 2567 ex
879 2505 1001 2584 seriptis
1021 2505 1093 2571 isto·

171 2603 238 2653 rum
259 2589 434 2663 temporum
456 2585 598 2646 ooileeta.
614 2587 690 2664 ipsis
711 2587 837 2665 serbis,
868 2586 980 2667 quibus
999 2605 1094 2648 anao-

166 2671 237 2743 ,aa
262 2663 402 2745 fuerunt,
431 2666 588 2748 adseripsi.
631 2667 754 2731 Interea
772 2689 865 2749 vero,
893 2670 967 2733 dum
996 2671 1093 2750 impo-

171 2755 273 2819 sturae
294 2750 376 2817 istae
397 2769 510 2830 magna
530 2748 723 2831 impudentia
734 2753 931 2816 Germaniam
946 2771 1094 2834 perunga

170 2839 289 2907 rentur,
313 2831 516 2895 audiebantur
538 2851 601 2895 uon
624 2853 777 2898 murmura
798 2839 934 2915 tautum,
955 2835 1012 2919 sed
1032 2855 1094 2896 ma-

171 2915 300 2977 nifestae
319 2913 551 2995 indignationes
580 2919 714 2981 omnium
752 2918 915 2993 bonorum.
972 2917 1094 2979 Defessi

172 2998 255 3061 enim
279 3005 371 3067 erant
400 2998 461 3060 iam
476 3016 478 3021 ·
491 3016 599 3063 omues
629 3001 660 3060 in
683 3000 851 3064 Germania
870 3001 1008 3064 ferendis·
1026 3000 1094 3063 istis

172 3079 421 3160 expilationibus,
441 3080 715 3146 nundinationibus
733 3093 764 3146 et
775 3085 900 3146 infinitis
913 3083 1092 3165 imposturis

168 3163 421 3231 Romaneneium.
448 3162 823 3249 Voearuntindulgentias
834 3169 1005 3230 animarum
1019 3187 1094 3228 nun·

167 3245 259 3313 ,diues
287 3252 319 3307 et
344 3246 534 3326 monopolis.
582 3249 767 3313 Fremebant
794 3248 1090 3314 enundinatoribns

170 3330 238 3395 istis
258 3328 502 3410 indulgentiariis
524 3331 619 3392 vendi
639 3333 795 3396 lieentiam
825 3340 857 3394 et
878 3333 1094 3413 impunitatem

171 3417 380 3492 peecatorum,
404 3432 467 3476 non
490 3412 531 3474 de
544 3416 717 3494 praeteritis
732 3424 859 3494 tantum,
881 3415 1093 3478 verumetiam

168 3494 356 3568 defuturis,
385 3515 444 3558 nee
464 3498 494 3559 in
517 3496 576 3558 hae
605 3505 724 3560 tantum
752 3501 832 3577 vite,
860 3518 965 3560 verum
1000 3499 1094 3560 etiam

165 3585 244 3657 ,post
266 3577 399 3654 obitum,
436 3580 515 3640 sieut
544 3580 710 3660 loquuntur
730 3583 875 3662 querelae
896 3582 1095 3644 Germaniae·

168 3680 239 3732 rum
272 3660 513 3735 sesaminum,
560 3663 733 3746 Fingebam
776 3665 921 3727 ridiculas
956 3663 1095 3742 tabellas,

167 3743 382 3839 uenissspeil.
400 3745 559 3826 ,quendam
576 3754 734 3814 nortuum
748 3767 819 3813 eun
829 3749 1095 3833 instituentem
