2356 4200
137 256 200 347 266
383 261 705 341 desolationesDisput.
725 262 805 333 luth.

137 431 208 495 ideo
231 431 332 495 adhue
354 432 544 515 operandum
564 453 622 517 pro
639 438 955 517 eorumrernisaionef
977 438 1061 519 'liras

137 516 289 597 sequitur,
319 514 401 597 quod
424 514 547 595 dubito,
578 536 616 587 sn
641 519 749 581 merita
770 518 881 583 Christi
904 520 1059 603 apollonia

136 606 168 663 et
189 597 304 661 donata
326 599 398 659 mihi
419 600 480 659 sinl-
501 596 683 667 sufficientia
706 600 744 667 ad
761 603 980 679 remissionem
991 624 1059 691 pes

137 688 284 753 autorum.
323 681 392 757 Quo
415 680 507 743 dubio
529 680 600 763 quid
624 682 865 761 exsecrabilius?
900 686 933 749 Si
956 694 1058 767 sulen
1087 706 1092 719 ·

135 784 198 829 non
222 763 337 839 dubito,
360 764 413 826 sed
431 764 612 835 sufficientia
624 766 728 847 eredo,
751 768 933 853 impiissime
945 768 1058 849 fenero,

135 849 279 931 siopera
300 868 367 910 meu
392 849 518 911 meliore
540 847 705 931 putavero,
735 869 825 930 quem
849 851 1058 935 indulgentias

138 932 265 1013 (idest,
288 951 382 1014 opere
399 930 510 995 Christi
531 932 603 993 mihi
626 934 666 994 im
690 934 796 1012 ense).
823 934 894 1019 Ego
917 936 1057 1017 enim‚si

135 1016 259 1081 nnioum
283 1035 372 1096 opus,
393 1016 455 1077 imo
478 1014 587 1075 millies
609 953 802 1081 miliiesinram
823 1026 946 1099 partem
967 1020 1056 1089 nnius

135 1096 250 1161 minimi
274 1098 375 1181 operis
392 1097 502 1158 Christi
524 1116 648 1179 possem
671 1098 816 1169 obtinere,
839 1119 969 1163 seeurus
991 1122 1056 1175 snnr

135 1180 174 1243 de
193 1181 405 1261 redemptione
427 1186 560 1243 selerne.

170 1278 181 1293 ⁰
215 1264 379 1325 Oessemns
400 1262 503 1344 itaque
525 1265 645 1344 opersri
666 1269 772 1331 nostra
794 1283 891 1346 opera
913 1286 973 1349 pro
987 1288 1054 1351 pee-

133 1348 226 1426 ealis,
248 1354 279 1407 et
300 1344 375 1406 nihil
396 1346 454 1405 nisi
476 1346 560 1407 indul
582 1346 681 1415 entiae
702 1346 905 1423 redimamus,
927 1352 1006 1430 quia
1024 1352 1052 1417 iu

130 1429 190 1491 illis
214 1448 275 1490 non
300 1448 392 1488 unum
414 1447 502 1508 opus,
524 1365 582 1489 sei
602 1429 706 1490 omnia
726 1430 834 1499 merite.
846 1424 972 1511 Christi,
996 1454 1053 1499 nes

130 1512 357 1593 belesmiam,
388 1511 442 1571 sed
465 1512 601 1579 omnium
623 1518 798 1583 sarmtorum
821 1514 1050 1595 eonsequimm.

132 1594 208 1661 Cum
231 1595 334 1674 itaque
356 1595 464 1655 merits
485 1593 595 1657 christi
624 1592 708 1656 nulla
734 1597 937 1677 proportione
968 1596 1052 1667 huni·

130 1677 201 1741 istie
222 1679 334 1738 nostris
355 1678 477 1758 possint
497 1678 685 1757 eompsrsri,
719 1685 772 1739 aut
799 1680 869 1758 ipsa
896 1698 961 1749 nou
984 1688 1053 1743 sunt

129 1758 290 1835 thesaurus
325 1757 598 1839 indulgentiarum,
635 1758 705 1820 sut'
720 1759 932 1843 indulgentiae
966 1770 1052 1828 erant

81 1892 84 1897 .
129 1841 349 1922 praeferendae
371 1839 511 1905 omnibus
535 1839 678 1921 operibus
701 1842 838 1904 omnium
868 1856 1051 1943 praesepis

128 1944 195 1985 rum
217 1925 292 2003 Dei,
327 1933 381 1987 eut
408 1925 521 1985 meritis
545 1922 655 1985 Christi
688 1923 741 1985 liet
768 1945 889 1989 summa
913 1947 1051 1994 ommuni

128 2006 325 2069 irreverentis
347 2015 378 2068 et
399 2004 599 2087 blasphemis.
628 2005 748 2067 Deinde
769 2007 799 2069 id
822 2027 949 2089 quoque
972 2012 1051 2089 vide,

129 2090 304 2170 narniensi,
328 2089 409 2169 quod
433 2088 504 2150 huie
525 2089 685 2167 thesauro,
709 2092 795 2169 quasi
817 2092 916 2153 solius
939 2092 1050 2163 Olrrirli

129 2173 237 2233 merite
264 2192 326 2234 non
359 2172 549 2249 sufficerent,
580 2170 697 2231 addunt
727 2174 835 2235 merite
860 2185 1050 2257 sanotornm,

127 2255 199 2323 item
224 2256 331 2319 merita
351 2254 502 2316 ecelesiae
523 2254 711 2317 militantis‘

211 2339 252 2401 At
269 2338 360 2401 dieis:
383 2336 508 2418 Ergone
531 2330 562 2397 S.
583 2336 718 2397 Thomas
740 2336 820 2397 adeo
843 2341 958 2403 erravit
982 2360 1047 2405 eum

127 2420 258 2481 oeteris?
298 2419 453 2499 Numquid
476 2438 558 2499 pepe
580 2426 610 2477 et
631 2419 773 2480 universa
794 2420 929 2483 eeclesia
959 2431 1048 2501 erret

126 2521 208 2582 quae
222 2503 265 2569 ile
276 2502 377 2583 sapit?
399 2502 449 2563 Au
472 2509 503 2561 tu
526 2501 611 2563 eolus
633 2510 716 2563 reete
739 2502 840 2584 sapies
862 2511 895 2565 et
910 2505 1048 2585 primasi

208 2584 395 2668 Respondes
410 2584 556 2664 primum:
577 2582 648 2645 Non
667 2584 845 2657 eumenius,
866 2586 924 2648 sed
935 2588 1047 2661 verilsr

128 2687 264 2744 meeum,
287 2674 317 2727 et
341 2666 425 2727 multi
448 2666 515 2743 ulii,
537 2665 667 2742 scilieet,
691 2666 741 2744 qui
764 2665 1000 2751 dubitaverunt,
1020 2680 1048 2733 et

127 2750 227 2811 sdhuo
250 2748 397 2827 dubitent,
421 2748 493 2827 quid
516 2748 638 2807 valeant
654 2746 871 2827 indulgentiae.
894 2750 964 2813 Neo
980 2772 1046 2836 pse

127 2840 198 2893 nant
219 2851 257 2893 eo
280 2830 383 2913 dubio,
406 2850 475 2893 eum
497 2832 558 2891 sint
577 2830 772 2891 remissiones
795 2838 914 2893 tentum
934 2854 1047 2915 poene·

125 2934 207 2992 rum,
238 2933 315 2994 quas
338 2914 403 2973 sive
425 2914 492 2991 quis
515 2910 620 2973 credet
640 2912 706 2973 sive
727 2912 849 2995 uon1),
881 2916 950 2977 sive
979 2936 1047 2981 eon-

126 3003 282 3077 sequelur,
305 2997 370 3057 eive
392 3013 465 3073 non,
487 2994 684 3056 nihilominus
706 2995 809 3055 salvus
831 2996 898 3058 erit.

208 3077 361 3156 seeundo,
384 3082 416 3138 et
433 3096 516 3157 papa
537 3095 659 3139 meeum
681 3082 738 3155 est
759 3078 841 3161 quia,
862 3080 923 3141 etsi
940 3099 1046 3153 nonne

125 3158 169 3222 dit
189 3159 408 3241 indulgentias,
430 3179 487 3219 nus
511 3179 581 3219 uem
604 3165 706 3220 temen
730 3158 814 3240 dreit,
837 3161 921 3243 qnod
935 3162 1045 3225 eintde

125 3243 270 3309 ilresenro
291 3242 466 3305 meritorum
489 3178 601 3303 iibristi
628 3247 659 3303 et
686 3241 852 3319 ecelesiae,
885 3244 951 3307 imo
980 3264 1045 3309 sese

125 3324 285 3389 desieram
307 3323 380 3387 dieii
401 3322 453 3387 lib.
475 3327 493 3389 5
518 3321 556 3383 de
576 3342 647 3405 poe.
671 3330 702 3389 et
723 3344 764 3387 re.
784 3344 811 3387 e.
834 3326 912 3391 Cum
937 3348 980 3391 ex
1001 3346 1045 3395 eo.

125 3407 207 3487 quod
230 3409 291 3467 sint
316 3406 531 3467 enervationes
559 3405 787 3485 poenitentialis
817 3408 1044 3481 salisleotionis,

125 3490 178 3553 sed
202 3489 358 3551 enervatio
381 3507 444 3549 non
472 3495 518 3547 est
544 3488 695 3569 impensio
724 3490 902 3551 merilomm
926 3493 1044 3556 Christi.

124 3574 178 3636 sed
200 3568 414 3635 tantummodo
437 3566 569 3630 sublatio
591 3588 769 3651 poenarum.

189 3714 223 3815 r)
241 3746 273 3811 n
290 3743 336 3803 eu
355 3740 416 3800 ren.
436 3740 528 3803 reni:
547 3742 608 3811 nes
625 3757 702 3801 non,
724 3806 727 3813 ¹
