2356 4200
116 280 179 350 160
439 287 587 342 Sermones
607 287 717 342 Luthcri

118 454 209 531 Quod
233 453 440 534 autemdicit,
466 457 694 536 appropinquat
716 474 843 537 reguum
869 455 1037 536 coelorum,
1068 531 1071 541 y

117 538 146 599 h.
170 558 197 599 e.
222 538 335 599 bonum
361 539 505 598 nuntium
529 545 561 599 et
580 539 714 599 iucunda
741 549 779 599 ac
805 539 887 599 laeta
916 539 1036 619 praedi-

115 622 196 682 catio
219 629 267 681 ast
290 620 425 681 officium
448 623 616 702 proprium,
639 622 756 682 scilicet
777 621 941 703 evangelii.
986 622 1038 684 eie·

117 706 199 764 euim
227 704 386 768 iohannes
422 723 485 764 vox
514 705 689 784 plamantis,
723 706 743 767 i.
781 725 809 766 e.
843 705 1037 785 evangelium

117 788 218 864 veuit,
249 793 280 846 st
312 785 454 847 omnibus
482 787 640 868 praedicat
655 787 854 867 neptunium
877 789 1049 867 poeniten·

115 871 186 948 tiae,
209 889 247 930 ac
266 888 322 949 per
343 870 404 930 hoc
427 889 535 930 omues
564 876 724 951 peccatum
752 870 865 931 habere
893 878 1036 931 constan·

116 960 170 1013 ter·
183 954 304 1015 asserit.
346 952 404 1011 Hie
426 960 528 1013 autem
552 968 644 1013 nunc·
658 960 719 1013 stat
733 953 881 1014 Dominus
903 955 983 1013 sicut
1004 954 1039 1014 in'

114 1042 221 1096 moute
253 1035 456 1113 divisionum,
490 1044 523 1096 ut
552 1037 651 1096 isaiae
680 1039 720 1101 28
754 1037 839 1098 dixit.
882 1036 960 1096 Nam
983 1035 1050 1097 alti·

115 1118 244 1179 eredunt
280 1117 416 1178 dohanni
445 1126 479 1178 ut
508 1120 579 1179 voci
602 1118 769 1198 evangelii,
805 1120 921 1179 tristem
950 1118 1035 1180 iiiam

116 1201 384 1282 praedicationem
407 1221 512 1261 veram
534 1208 688 1282 putantes,
710 1220 747 1262 ac
768 1204 814 1262 sic
834 1202 983 1262 humittati
1006 1206 1051 1262 et·

116 1292 282 1345 trementes
304 1283 460 1366 obediunt,
483 1291 689 1365 agnoscentes
712 1302 781 1377 sese
804 1304 873 1346 esse
891 1286 942 1344 ita‘
962 1284 1051 1426 pacis

117 1375 248 1443 catores,
271 1368 336 1426 sive
358 1369 419 1427 sint
440 1367 498 1428 sibi
520 1369 636 1428 conscii
658 1368 724 1427 sive
745 1380 807 1428 non
831 1367 899 1448 pius
921 1367 960 1428 Jo'
984 1376 1042 1427 an·

116 1452 147 1511 ni
170 1468 260 1529 quam
285 1450 343 1510 sibi
365 1450 503 1512 creduut.
546 1451 586 1511 Et
612 1450 643 1510 hi
670 1452 731 1509 iam
754 1458 824 1510 sunt
856 1451 953 1530 parati
979 1469 1036 1530 per

115 1533 291 1594 iohannem
312 1534 343 1591 iu
365 1533 488 1612 plebem
509 1534 674 1619 perfectam
696 1539 728 1593 et
745 1533 874 1593 electam
889 1533 1037 1610 Domino,

116 1621 187 1676 sunt
212 1617 293 1675 enim
316 1634 447 1696 capaces
470 1619 598 1696 gratim,
620 1618 790 1677 esurientes
813 1617 969 1694 iustitiam,
991 1617 1034 1675 lu-

114 1705 223 1780 gentes
236 1717 307 1778 ·*pro
324 1699 575 1776 consolatione,
598 1718 751 1778 pauperes
785 1700 906 1779 spiritu,
936 1696 1055 1759 'mites'¹

115 1788 207 1861 atque
230 1780 406 1861 dirigibiles.
451 1782 524 1843 ideo
546 1781 696 1860 Christus,
723 1801 852 1862 regnum
874 1783 1034 1843 coelorum

116 1867 201 1925 venit
228 1866 260 1923 in
291 1882 362 1942 eos,
394 1867 445 1944 qui
479 1872 658 1945 peccatores
687 1866 770 1924 venit
799 1865 949 1925 salvare·.'
973 1863 1036 1923 Alii

115 1966 205 2025 vero,
235 1949 286 2026 qui
318 1949 375 2009 sibi
398 1949 514 2009 conscii
537 1949 670 2008 iustitiae
693 1965 755 2007 uon
778 1947 906 2008 creduut
927 1958 1054 2006 verum·

116 2048 203 2108 esse,
239 2049 340 2110 neque
367 2031 406 2091 ad
440 2051 474 2091 se
501 2030 575 2090 iliud
608 2031 778 2110 pertinere,
810 2030 1045 2113 poenitentiam

115 2115 211 2194 agite,
233 2115 306 2190 imo,
328 2115 483 2193 inquiunt,
514 2115 584 2173 iusti
605 2133 724 2191 sumus,
755 2123 914 2192 peccatum
937 2114 1034 2172 nesci-

117 2215 192 2276 mus,
213 2198 274 2256 iam
291 2216 464 2277 regnamus,
487 2197 745 2277 appropinquavit
760 2198 850 2272 enim,
873 2199 935 2256 imo
949 2197 1035 2255 venit

116 2282 175 2340 iam
203 2279 318 2340 dudum
346 2301 476 2362 regnum
504 2279 678 2358 coelorum,
712 2279 793 2358 quod
820 2280 845 2338 si
874 2278 1033 2339 iohannes

116 2372 227 2445 pergat
248 2363 370 2423 illorum
394 2363 536 2425 duritiam
558 2382 688 2445 arguere
710 2370 742 2421 et
769 2361 886 2438 dicere,
924 2378 1033 2443 proge-

116 2447 182 2506 uies
210 2448 400 2529 viperarum,
436 2448 503 2525 quis
538 2444 841 2506 monstravitssvobis
871 2444 977 2525 sugere
1014 2463 1034 2504 a

116 2535 248 2590 ventura·
265 2529 331 2589 ira?
352 2531 443 2591 facite
461 2546 536 2610 ergo
551 2527 661 2608 dignos
675 2528 788 2587 fructus
805 2528 1032 2607 poenitentiae:

114 2613 165 2673 hic
186 2614 246 2673 iam
269 2612 382 2691 dicunt,
402 2613 599 2673 daemonium
621 2610 729 2688 habet,
760 2616 867 2689 utpote
894 2611 947 2688 qui
970 2617 1032 2673 tam

56 2728 60 2738 =
116 2697 213 2756 iustos
237 2704 268 2756 et
289 2695 400 2777 dignos
429 2714 490 2756 non
513 2695 614 2755 solum
639 2702 799 2774 peceatum
826 2691 939 2753 habere
961 2710 1032 2752 con-

116 2779 236 2857 tendat,
269 2779 323 2839 sed
354 2781 446 2839 etiam
474 2797 549 2858 prae
576 2778 686 2838 ceteris
713 2776 891 2857 progeniem
914 2777 1033 2856 vipera-

115 2880 181 2922 rum
203 2869 296 2923 vocet
318 2864 445 2922 stiram
469 2861 642 2921 denunciet.
684 2860 775 2919 Tales
807 2865 877 2918 sunt
898 2866 929 2918 et
949 2878 1032 2918 nunc

116 2953 148 3006 et
167 2946 352 3005 infuturum
375 2962 493 3021 omnes,
516 2944 566 3022 qui
587 2945 619 3002 in
640 2944 755 3003 iustitia
781 2960 836 3000 sua
864 2939 1031 3020 confidunt,

115 3031 166 3109 qui
188 3029 287 3089 solum
311 3035 460 3106 quaeruut
481 3027 520 3086 de
542 3045 576 3086 se
597 3027 672 3106 ipsis
694 3025 808 3103 audire,
837 3024 1031 3106 evangelium

114 3114 135 3176 i.
158 3133 185 3174 e.
209 3113 320 3173 bonum
349 3111 504 3190 nuntium,
540 3108 623 3188 quod
648 3110 719 3168 iusti
741 3108 802 3167 sint
829 3113 968 3167 et'reete
989 3105 1031 3165 fa

115 3197 206 3274 ciant,
229 3213 290 3255 non
313 3200 415 3254 autem
443 3192 482 3253 de
504 3191 635 3253 Christo.
678 3191 761 3252 Idem
791 3189 829 3250 de
860 3209 893 3249 se
923 3189 1032 3249 noiant

115 3278 219 3339 audire
259 3278 392 3337 alienum
427 3295 537 3337 sonum
568 3275 736 3354 evangeiii,
773 3270 856 3352 quod
875 3278 1031 3352 peccent,

115 3362 197 3423 stulti
228 3362 305 3437 sint,
339 3360 393 3420 ssd
418 3359 545 3419 credunt
573 3359 675 3439 potius
705 3356 899 3437 evangelium
921 3355 1030 3415 falsum

115 3451 146 3505 et
166 3443 358 3505 mendacium
381 3460 467 3520 esse,
496 3442 567 3502 ideo
589 3446 659 3501 sunt
679 3439 904 3500 irritabilissimi
935 3439 1030 3499 omui·

114 3548 174 3603 mn,
198 3527 309 3607 promti
332 3545 401 3586 sese
423 3525 587 3585 defendere
609 3530 641 3584 et
661 3525 691 3582 in
714 3522 792 3583 alios
810 3521 975 3599 vindicare,
996 3541 1030 3581 se

113 3609 287 3686 iustificare,
318 3611 396 3669 aiios
417 3607 552 3668 iudicare
574 3613 606 3667 et
626 3605 842 3683 condemnare,
870 3605 1034 3683 querulam·

114 3701 160 3754 tes
193 3701 224 3753 et
257 3700 455 3766 accusantes,
488 3690 571 3769 quod
598 3690 738 3749 iniuriam
768 3688 939 3748 sustineant
971 3689 1030 3767 ipsi

114 3784 197 3838 recte
219 3777 376 3839 iacientes.
399 3773 460 3836 Sed
477 3772 632 3851 quomodo
653 3770 809 3852 probetur,
831 3771 914 3849 quod
936 3772 1030 3832 etism
