2356 4200
124 247 165 313 62
377 250 534 319 Responsio
552 247 588 302 D.
607 249 686 307 Καὶ.
703 248 818 303 liutheri

207 416 356 493 Transeo,
377 437 457 497 quse
478 419 509 477 in
522 419 752 499 sexagesimam
773 438 888 479 nonam
911 437 981 479 cum
996 417 1045 478 tri·

124 500 181 561 bus
202 498 400 578 sequentibus
422 500 629 561 amarulentus
651 501 780 561 evomis.

207 581 257 642 Ad
285 584 544 663 septuagesimam
572 587 692 644 tertiam
726 602 790 643 non
817 602 898 664 nego
921 580 1045 662 quidem

124 684 218 746 posse
240 684 364 726 omnem
387 684 491 726 casum
519 664 639 726 absolsi
664 673 821 746 potestate
849 666 961 743 clavis,
989 664 1045 727 sed

124 750 276 808 insaniam
298 767 368 809 esse
389 747 468 828 dixi,
500 756 532 810 et
552 748 639 826 dico,
668 769 725 830 pro
748 751 904 810 seniorum
928 749 1044 831 magui·

124 829 256 909 dcentia,
278 849 357 911 quae
379 831 456 892 nihil
476 839 606 912 prosunt
626 830 665 891 ad
687 833 791 909 vitam,
812 839 875 892 tam
887 828 1043 893 horrende

124 922 262 975 monstra
293 916 452 975 criminum
485 917 518 974 in
550 915 726 995 exemplum
760 933 888 992 vocare,
923 921 955 974 et
987 932 1044 995 pro

124 996 335 1079 magnitudine
357 1000 519 1078 potestatis
540 998 672 1059 levicula
692 998 802 1058 fucere.
845 996 895 1056 Ex
918 1015 980 1076 qua
999 997 1044 1056 in·

124 1081 287 1141 sanissima
310 1082 465 1141 veniarum
482 1080 751 1142 commendatione
767 1079 811 1157 lit,
833 1088 867 1141 ut
878 1079 956 1140 viles
970 1078 1045 1140 fiant

124 1164 324 1224 contritiones
346 1171 378 1223 et
398 1183 473 1224 vera
493 1165 693 1244 poenitentia.
720 1163 800 1224 Boni
822 1162 1043 1243 praedicatoris

124 1253 187 1324 est',
209 1253 338 1325 peccata
360 1249 413 1322 (ut
434 1243 523 1329 sunt)
547 1266 660 1328 magna
680 1247 876 1327 praedicere,
898 1252 932 1307 ut
953 1247 1042 1307 mise

122 1328 255 1389 ricordis
275 1328 334 1388 Dei
359 1327 581 1408 magnificetur.
623 1330 686 1389 Aut
715 1329 781 1406 dic,
810 1347 864 1389 cur
894 1347 960 1390 non
987 1346 1042 1408 pro

123 1412 315 1472 contritionis
336 1411 566 1492 magnificentie
587 1412 686 1473 simile
708 1411 823 1491 aliquid
837 1410 965 1471 dicunt?
987 1410 1042 1471 sci·

123 1494 197 1555 licet
217 1495 289 1573 quis
310 1513 373 1554 non
395 1496 552 1575 pecunias,
574 1494 629 1555 sed
650 1502 862 1577 paupertatem
884 1494 917 1555 hi
930 1512 1042 1555 sermo·

123 1596 179 1637 nes
201 1576 339 1638 afferunt.
382 1577 416 1637 ln
438 1577 530 1638 rebus
552 1592 614 1638 nou
637 1579 817 1638 necessariis
840 1595 899 1637 nec
920 1575 1041 1638 utilibus

124 1657 166 1720 ad
188 1661 328 1739 salutem,
349 1660 404 1720 sed
419 1668 536 1720 tuntum
548 1662 705 1741 permissis
717 1658 920 1721 honorificum
943 1669 1042 1741 putus,

124 1744 156 1802 in
190 1742 321 1803 ecclesia
350 1744 409 1805 Dei
440 1750 488 1803 tot
522 1742 686 1804 auxesibus
723 1750 848 1821 tonare,
880 1762 951 1802 oum
986 1758 1041 1803 nec

124 1824 239 1886 Christi
260 1827 438 1906 passionem
461 1827 505 1887 sic
527 1826 603 1887 velit
623 1826 756 1887 eeclesia
777 1824 968 1906 praedicari?

208 1909 242 1968 ln
279 1910 507 1989 septuagesima
535 1910 640 1989 quinta
670 1929 733 1970 non
761 1908 823 1969 dixi
852 1928 966 1989 papam
991 1907 1040 1967 mi·

126 2010 233 2052 uorem
245 1991 347 2069 Petro,
368 1993 431 2053 imo
453 1992 546 2071 nolui,
569 1999 602 2051 ut
621 2011 734 2073 papam
758 2000 790 2052 et
806 1992 930 2051 Petrum
952 2008 1040 2072 nege·

125 2082 194 2136 rent
214 2075 347 2135 maiores
368 2076 482 2156 gratias
504 2075 627 2151 habere,
649 2093 740 2153 quam
762 2075 824 2135 siut
845 2075 966 2138 veniae.

207 2157 242 2217 In
277 2159 535 2239 septuagesimam
569 2165 706 2236 sextam,
738 2165 772 2219 ut
800 2156 874 2217 nihil
911 2158 1043 2235 omittes,

126 2260 187 2320 quo
214 2260 263 2300 me
293 2238 514 2301 exsecrabilem
541 2240 637 2302 facies
664 2239 802 2323 pontifici
827 2247 859 2300 et
891 2259 963 2301 eum
990 2237 1041 2300 tibi

125 2323 178 2382 uni
200 2322 434 2384 adulantissimo
454 2324 636 2404 propitium,
664 2324 754 2404 fingis
782 2343 831 2383 me
857 2324 977 2385 ironice
1003 2321 1040 2382 de

126 2412 212 2466 tsnto
238 2406 385 2486 pontifice
413 2406 508 2486 loqui.
557 2405 708 2484 Videsne,
743 2412 873 2486 quantus
901 2406 942 2466 sit
970 2404 1041 2466 mihi

125 2489 176 2548 hic
197 2489 284 2550 locus
304 2489 470 2550 invehendi
490 2491 522 2550 in
545 2497 590 2567 te,
618 2490 648 2549 iu
678 2497 760 2550 tuam
782 2508 864 2569 pene
885 2487 1041 2565 dixissem,

127 2572 183 2633 sed
203 2573 335 2653 reprimo
359 2592 418 2633 me.
460 2573 570 2654 Arrige
592 2592 681 2634 aures
709 2581 739 2633 et
760 2572 848 2651 audi,
880 2573 905 2632 si
933 2572 1039 2633 saltem

126 2655 211 2716 domi
234 2675 287 2716 eas
309 2655 414 2717 habes.
446 2656 514 2736 Ego
537 2655 606 2716 dieo
629 2675 692 2716 non
713 2656 839 2734 ironice,
861 2653 916 2715 sed
940 2655 1039 2735 plane,

124 2737 208 2819 quod
233 2740 331 2798 omnis
354 2758 435 2819 papa
456 2739 549 2800 hebet
571 2740 703 2800 maiores
726 2741 850 2820 gratias,
878 2757 972 2817 quam
992 2756 1039 2799 ve·

124 2823 195 2882 niae
216 2823 287 2898 sint,
309 2822 427 2882 scilicet
449 2822 643 2903 evangelium
666 2829 697 2882 et
714 2823 827 2902 gratias
840 2822 1040 2897 curationum,

125 2915 155 2965 et
178 2906 282 2966 omnia
304 2923 383 2984 quse
395 2905 566 2966 scribuntur
589 2904 684 2967 lCor.
698 2908 746 2980 12,
769 2924 830 2966 non
854 2905 885 2964 iu
908 2921 1039 2983 persona

124 3007 194 3065 sua,
223 2987 277 3048 sed
299 2989 331 3048 in
352 2996 507 3068 potestate
529 3005 599 3065 sua,
632 2987 663 3048 id
686 2994 747 3065 est,
781 2986 953 3064 eomodo,
980 3003 1037 3066 quo

123 3070 237 3151 gratias
260 3071 398 3133 veniales
413 3070 516 3131 habet.
542 3069 620 3129 Nam
644 3073 702 3132 etsi
724 3070 833 3133 sedulo
857 3069 1038 3145 dissimulas,

124 3173 186 3213 non
209 3160 311 3214 tamen
334 3153 426 3214 oredo
450 3152 529 3214 adeo
551 3155 717 3233 stupescis,
747 3162 779 3214 ut
800 3154 906 3214 venias
929 3169 1037 3233 popam

124 3238 155 3296 in
178 3256 312 3316 persona
334 3255 390 3297 sua
411 3235 525 3297 hahere
546 3234 647 3316 dicas,
676 3237 754 3298 siout
782 3238 909 3297 virtutes
936 3252 1038 3316 perso·

124 3319 220 3399 nales,
243 3321 302 3380 nisi
324 3321 448 3399 dixeris,
471 3318 554 3400 quod
577 3318 735 3399 depositus
757 3341 839 3401 papa
862 3321 956 3381 etism
979 3336 1036 3378 om·

123 3403 174 3463 nia
194 3405 303 3485 possit,
326 3421 406 3482 quae
427 3404 520 3484 prius.

205 3487 300 3567 lgitur
322 3485 465 3567 quicquid
487 3491 535 3546 est
555 3484 587 3544 in
609 3484 741 3545 ecclesia
763 3484 914 3546 donorum
937 3493 968 3548 et
988 3486 1035 3548 mi·

195 3730 223 3797 1)
242 3730 324 3785 lbid.:
344 3731 417 3784 enim
437 3730 509 3784 lacit.
590 3790 605 3837 ο
