2356 4200
319 315 325 333 s
385 282 414 346 F.
435 283 559 347 silvestri
577 288 727 348 Priaristis.
953 287 1016 357 366

97 459 298 542 hospitalium
321 468 353 523 et
375 460 584 523 ecclesiarum.
623 461 663 522 ut
682 460 744 522 hoc
757 479 826 520 cum
847 461 929 540 facit,
952 479 1016 523 orn·

96 563 163 623 nes,
186 563 315 623 qnorum
338 547 480 619 interest,
515 545 668 604 laetantur
689 548 720 604 et
741 544 930 624 gratulantur
952 562 1016 606 orn·

45 691 52 706 Ι
96 646 163 706 nes,
185 628 245 688 nisi
260 628 343 707 quod
365 633 406 708 tn,
419 627 557 705 Martiae,
579 626 610 687 id
633 626 714 706 quod
739 628 769 687 in
788 626 855 687 aliis
877 626 1016 689 ecelesiis

95 710 302 771 instaurandis
324 710 480 789 laudatur,
513 713 544 770 in
571 708 686 771 fabrica
714 711 814 790 prima
831 711 935 771 ¹totius
959 711 1017 772 rai·

95 791 240 873 publicae
274 792 467 855 Christianae
499 795 669 874 vituperas,
706 794 756 871 qui
790 792 815 852 si
842 810 862 853 a
889 791 1015 875 domino

96 883 205 938 nostro
227 875 387 938 habuisses
416 877 532 938 honum
555 878 765 957 episcopatum
788 893 858 935 cunr
878 876 1018 956 plenaria

94 957 289 1040 indulgentia
310 959 350 1021 ad
379 960 531 1021 ecclesiae
558 966 629 1020 tuas
658 959 902 1040 reparationem,
936 959 1017 1025 forte

96 1041 285 1103 dulcioribus
307 1043 409 1104 verbis
430 1041 637 1122 abundasses,
670 1051 702 1105 et
735 1042 843 1122 quihus
872 1040 1016 1125 decan,

94 1126 204 1190 venias
226 1125 401 1193 extulisses.

179 1209 238 1287 49)
262 1209 349 1270 Mart.
371 1207 511 1269 Docendi
523 1213 594 1268 sunt
610 1207 783 1288 Christiani,
805 1208 889 1288 quod
906 1210 1016 1270 veniae

94 1310 197 1372 papae
219 1298 290 1352 sunt
311 1291 417 1371 utiles,
449 1292 475 1351 si
498 1310 560 1352 non
581 1293 614 1351 in
636 1290 728 1374 εἰμ’)
754 1290 927 1372 confidant,
960 1291 1017 1353 sad

95 1375 344 1454 nocentissimae,
368 1376 394 1434 si
416 1374 559 1435 timorem
579 1375 637 1435 Dei
657 1394 714 1456 per
734 1394 788 1436 eas
809 1376 959 1437 amittant.
989 1424 993 1431 .

103 1487 106 1491 ·
181 1456 234 1521 Sil.
256 1457 397 1519 Docendi
418 1464 489 1518 sunt
510 1459 620 1536 etiam,
647 1458 730 1537 quod
756 1457 944 1520 confidentia
965 1478 1016 1520 va·

34 1556 40 1569 ·
95 1541 214 1600 nicrum
236 1539 276 1602 ab
298 1541 367 1602 aliis
397 1540 486 1602 bonis
508 1541 652 1621 operibus
674 1560 737 1604 non
759 1538 918 1603 retardans
941 1541 1017 1603 nihil

95 1622 200 1704 obest,
232 1624 295 1708 sedx
316 1625 551 1686 occasionaliter
575 1623 718 1706 prodest,
746 1624 818 1685 dum
845 1626 948 1686 anima
974 1644 1016 1689 os

94 1706 156 1768 hoo
176 1707 207 1767 in
230 1708 395 1788 gratiarum
408 1708 546 1768 actiones
560 1709 700 1789 assurgit
734 1707 900 1769 Docaudus
923 1709 1015 1769 etiam

95 1809 130 1850 es
152 1797 201 1870 tn,
232 1798 265 1850 ut
292 1792 411 1852 cautius
435 1790 596 1870 observes,
629 1812 669 1851 ne
696 1792 802 1871 paucis
832 1790 933 1853 verbis
961 1789 1017 1855 tihi

94 1874 154 1953 ipsi
178 1873 381 1952 contradicas,
404 1874 456 1953 qni
476 1873 627 1934 interdurn
642 1877 748 1935 venias
770 1873 847 1935 dicis
869 1893 939 1936 esse
960 1875 1017 1935 uti-

94 1956 151 2036 les,
172 1956 324 2017 interdum
347 1957 446 2018 solum
470 1956 914 2037 signadivinaerelaxationia,
936 1974 1017 2035 quae
1134 1978 1138 1983 ·

93 2039 185 2120 signa
208 2040 302 2100 etiam
322 2039 403 2120 apud
425 2047 456 2100 te
478 2046 548 2100 sunt
569 2039 699 2117 fallacia,
722 2058 791 2099 curn
812 2038 928 2101 scribas
950 2039 1017 2101 nul·

94 2123 157 2182 lum
180 2142 249 2184 esse
272 2130 403 2202 certum,
433 2122 515 2202 quod
538 2123 761 2185 relaxationem
784 2141 954 2203 poenarum
976 2123 1019 2185 sit

92 2213 262 2268 assecutus.

178 2294 235 2368 50)
260 2290 347 2350 Mart.
372 2289 516 2349 Docendi
558 2296 628 2349 sunt
655 2286 835 2367 Christiani,
874 2287 958 2368 qnod
990 2289 1019 2349 si

92 2393 177 2454 papa
206 2380 314 2433 nosset
345 2373 524 2433 exactiones
555 2372 719 2432 venialium
757 2371 1018 2452 praedicatorum,

92 2452 201 2516 maliet
222 2454 379 2515 basilicans
412 2455 494 2516 beati
517 2455 598 2515 Petri
631 2456 662 2515 in
684 2456 802 2516 cineres
825 2457 885 2535 ire,
923 2473 1017 2533 quarn

94 2537 252 2600 aedificari
271 2545 353 2615 cute,
376 2557 470 2601 carne
493 2546 524 2599 et
545 2538 666 2599 ossibus
689 2539 791 2600 ovium
815 2557 947 2600 suarum.

178 2620 230 2682 Sii.
252 2621 393 2682 Docendi
426 2630 497 2681 sunt
523 2623 626 2700 potius
655 2621 834 2700 Christiani,
870 2621 953 2702 quod
983 2628 1015 2683 tu

72 2707 204 2780 ¹iniuste
232 2703 495 2784 praedicatoribus
526 2704 709 2783 detraxeris,
739 2711 848 2766 contra
875 2705 1014 2766 ordinem

92 2789 246 2849 fraternae
280 2788 482 2849 correctionis
514 2787 588 2847 talia
619 2794 752 2867 secreta,
786 2791 811 2848 si
848 2807 909 2867 qua
945 2794 1015 2848 sunt

96 2870 198 2954 (quod
228 2872 281 2930 vix
304 2870 427 2950 credo),
450 2872 480 2931 in
502 2870 659 2951 publicum
687 2890 742 2951 per
769 2872 944 2932 universum
967 2890 1014 2931 or-

92 2955 165 3018 bem
187 2954 386 3032 seminando,
409 2955 459 3034 qui
482 2953 556 3014 talia
577 2955 602 3014 si
626 2973 774 3033 noveras,
804 2954 936 3015 debuisti
957 2954 1014 3014 fra·

93 3047 200 3098 ternae
223 3039 423 3098 correctionis
446 3056 584 3098 normam
608 3037 788 3114 ohservare,
819 3057 857 3098 co
880 3037 930 3098 vel
952 3057 1013 3097 ma·

91 3123 192 3199 xime,
215 3119 297 3199 quod
320 3120 389 3180 talis
412 3122 452 3181 sit
472 3120 561 3180 huius
588 3121 832 3181 innocentissimi
859 3118 1013 3199 pontificis

94 3223 192 3282 mens,
214 3210 247 3263 ut
267 3204 368 3264 nullus
392 3223 454 3263 non
476 3204 580 3282 inique
602 3204 705 3283 modo,
726 3222 832 3263 verum
847 3204 1014 3266 atiam'nea

91 3287 272 3349 indecenter
294 3292 439 3366 operetur
461 3292 514 3346 aut
535 3288 628 3351 vivat.

177 3375 234 3446 51)
259 3370 346 3432 Mart.
369 3369 511 3430 Docendi
533 3376 604 3430 sunt
620 3369 794 3448 Christiani,
817 3368 899 3448 quod
921 3387 1013 3448 papa,

93 3455 199 3532 si**),
222 3451 413 3530 sicutdebet,
435 3454 479 3513 ita
490 3452 594 3532 vellet,
616 3455 708 3515 etiam
724 3451 850 3513 vendita
873 3453 917 3527 (si
934 3470 1013 3531 opus

93 3534 151 3619 sit)
175 3536 302 3596 basilica
324 3536 421 3596 sancti
433 3536 515 3596 Petri
537 3536 574 3596 de
597 3538 658 3596 suis
676 3537 813 3616 pecuniis
836 3535 923 3597 daret
943 3535 1014 3638 ἥξω,

99 3691 130 3702 fi-

168 3795 197 3857 ·)
219 3790 251 3844 In
270 3793 333 3848 edit.
353 3793 426 3850 ian:
448 3796 477 3846 in
497 3809 552 3846 eas.
599 3793 645 3860 st)
668 3792 751 3849 lbra:
774 3793 892 3862 quodsi
910 3809 992 3864 papa.
