2356 4200
468 292 495 336 ι
513 277 584 336 1ὗ17
600 277 699 335 tactu
988 277 1050 347 183

127 447 257 527 tiarum,
290 452 325 508 ut
353 447 411 508 sim
446 464 505 529 ego
535 455 716 530 excusatus,
747 456 780 510 et
801 468 858 511 vos
879 450 1056 531 epericulo

130 529 229 591 falsae
263 531 488 612 intelligentiae
518 533 680 596 eruamini.
727 533 860 594 Primum
890 540 1055 613 protestor,

127 613 212 693 quod
241 615 372 675 intentio
402 632 503 694 papae
530 623 579 676 est
599 623 684 677 recta
706 623 736 676 et
766 617 911 694 vara,*)
945 617 1055 678 saltam

127 716 167 758 ea
195 716 276 777 quae
308 698 389 758 iacet
414 698 445 758 in
469 698 593 776 litteris,
625 699 760 780 syllabis.
805 698 947 759 Secundo
967 699 1056 761 forte

127 788 158 841 et
180 780 277 842 verba
299 800 416 859 eorum,
438 799 518 860 quae
540 781 721 861 buccinant,
750 788 822 842 sunt
847 801 921 842 vera
948 783 979 842 iu
1001 782 1054 843 ali·

125 883 187 943 quo
209 883 324 942 sensu,
355 863 411 924 sed
439 870 542 925 tamen
572 866 619 925 vis
649 871 697 925 est
718 863 886 944 quaedam,
920 883 982 926 non
1012 864 1054 926 di·

127 952 237 1007 cuntur
259 966 343 1026 vera,
364 946 415 1007 vel
437 965 499 1007 uon
521 947 733 1029 intelliguntur
752 953 846 1009 recte.
889 946 1052 1009 Sciendum

125 1030 247 1110 itaque,
281 1029 364 1109 qnod
395 1035 457 1090 tres
479 1031 543 1090 sint
560 1038 664 1110 partes
687 1031 915 1112 poenitentiae,
947 1049 1053 1092 secun-

125 1113 199 1174 dum
235 1115 381 1174 usitatum
425 1112 560 1175 modum.
615 1113 723 1174 Melius
762 1120 864 1174 autem
909 1114 954 1173 sic
970 1114 1027 1191 **)
1045 1134 1071 1177 τ,

125 1195 251 1276 Duplex
281 1201 330 1256 est
356 1196 562 1276 poenitentia,
593 1197 713 1257 scilicet
742 1197 821 1277 sigui
851 1202 882 1258 et
901 1197 955 1257 rei.
997 1197 1054 1259 Rei
1083 1233 1089 1251 ·

126 1286 174 1339 cst
198 1278 253 1339 illa
272 1279 400 1340 interior
421 1278 524 1340 cordis
547 1287 578 1339 et
599 1279 669 1341 sola
689 1299 763 1340 vera
782 1280 985 1360 poenitentia,
1013 1278 1053 1341 de

127 1381 190 1442 qua
212 1361 350 1423 dunatus
373 1361 460 1441 dicit,
497 1363 720 1442 poenitentiam
750 1363 852 1442 agite,
894 1370 926 1423 et
944 1362 1053 1425 Petrus

125 1445 195 1506 Act
217 1447 254 1507 2:
278 1442 480 1525 'poenitemini
502 1451 533 1505 et
554 1445 779 1506 convertimini.
823 1444 909 1526 Signi
931 1452 979 1506 est
998 1444 1053 1506 illa

125 1529 271 1606 exterior,
293 1547 373 1608 quae
395 1527 572 1607 frequenter
592 1535 640 1589 est
656 1528 747 1605 facta,
769 1528 906 1588 camilla
922 1528 1052 1591 interior

123 1612 163 1672 sit
194 1609 267 1671 ficta
296 1630 408 1691 saepe,
442 1616 474 1671 et
500 1610 579 1672 haec
608 1610 703 1673 habet
729 1610 806 1671 duas
841 1610 909 1672 illas
937 1617 1052 1692 partes,

124 1693 355 1755 confessionem
382 1699 414 1754 et
440 1693 698 1773 satisfactionem,
733 1693 773 1754 de
803 1712 865 1774 qua
893 1693 995 1754 Lucae
1023 1696 1051 1759 3.

124 1777 197 1838 dicit
218 1776 290 1837 Joh.
305 1776 461 1857 Baptista:
483 1777 588 1838 Facite
609 1795 683 1858 ergo
705 1776 818 1858 dignos
839 1777 953 1837 fructus
974 1794 1048 1856 poe·
1085 1790 1093 1801 ⁸

123 1861 282 1923 nitentiae.
326 1859 488 1921 Confessio
510 1861 620 1921 iterum
644 1859 760 1940 duplex
782 1866 843 1939 est,
872 1858 997 1939 publica
1018 1866 1050 1920 st

123 1944 253 2024 privata.
295 1942 343 2003 De
372 1942 497 2023 publica
525 1942 635 2003 dicitur
660 1943 725 2006 lac.
755 1942 881 2003 ultimo:
915 1940 1048 2004 Confite-

122 2025 198 2087 mini
228 2025 381 2086 alterutris
415 2032 545 2105 paccata
571 2034 691 2103 vestra,
729 2024 769 2084 ds
790 2026 910 2105 privata
941 2025 1047 2087 nescio

122 2108 176 2169 ubi
197 2110 349 2188 scriptura
369 2108 519 2188 loquitur:
546 2108 662 2169 idcirco
685 2107 817 2168 dominis
837 2107 958 2168 luristis
980 2126 1048 2168 eam

124 2191 321 2270 commendo,
344 2198 378 2250 ut
397 2192 458 2271 ipsi
478 2191 621 2270 probent,
642 2189 697 2252 ubi
716 2190 756 2251 de
777 2192 842 2251 iure
859 2190 963 2250 divino
980 2208 1049 2271 pro·

124 2275 236 2335 bantur
257 2274 425 2336 satisfactio
449 2281 480 2334 et
501 2275 667 2352 confessio,
691 2281 724 2333 ut
745 2293 827 2334 nunc
848 2274 966 2333 suntin
981 2292 1048 2336 usu.

123 2357 202 2417 Nam
232 2357 401 2417 satisfactio
437 2356 505 2435 illa,
546 2375 638 2436 quam
668 2356 827 2417 lohannes
854 2355 1051 2436 praescripsit

123 2440 226 2500 Lucae
254 2444 300 2517 3.,
329 2446 377 2500 est
398 2441 491 2499 totius
512 2442 595 2500 vitae
618 2439 811 2500 Christianae
834 2438 986 2518 officium,
1020 2446 1051 2500 et

125 2523 278 2603 generalis
302 2522 444 2583 omnibus
464 2524 610 2602 imposita
625 2529 656 2582 et
671 2522 810 2602 publica,
833 2523 953 2603 privata
974 2540 1048 2582 vero

125 2605 281 2666 confessio
305 2611 335 2664 et
357 2605 526 2666 satisfactio
548 2606 648 2666 fateor
669 2625 720 2666 me
739 2606 868 2683 nescire,
891 2603 941 2665 ubi
958 2603 1048 2665 doce-

103 2695 215 2748 ·autur
237 2695 268 2747 et
288 2688 524 2767 praecipiantur.
1010 2707 1017 2720 ’

207 2770 432 2831 Conclusio.
467 2770 681 2852 Indulgentiae
707 2770 955 2850 praerequirunt,
987 2771 1050 2830 imo

126 2852 165 2914 ad
188 2854 388 2915 contritionis
405 2855 565 2914 veritatem
588 2853 702 2914 debent
722 2852 871 2933 prodesse
899 2859 953 2913 aut
980 2859 1052 2912 sunt

126 2937 278 3012 maxime,
312 2935 425 2998 tollunt
458 2943 562 2996 autem
591 2936 665 2997 nihil
693 2935 776 2996 aliud
798 2911 890 3015 quass
910 2936 1050 3015 privatae

125 3017 360 3099 significationis
382 3019 607 3098 impositiones.
636 3019 677 3078 Et
698 3020 744 3080 sic
766 3017 943 3096 timendum,
966 3017 1049 3097 quod

125 3101 301 3181 frequenter
322 3110 529 3180 cooperentur
551 3108 658 3162 contm
678 3101 900 3181 poenitentiam
925 3101 1049 3161 interio-

124 3204 199 3244 rem.
243 3183 321 3242 Nam
343 3185 536 3262 poenitentia
556 3184 685 3244 interior
715 3191 761 3245 est
792 3203 867 3244 vera
895 3184 1050 3260 contritio,

125 3285 200 3327 vera
222 3266 387 3344 confessio,
419 3285 492 3326 vera
513 3267 681 3328 satisfactio
710 3268 740 3327 iu
771 3268 891 3348 spiritu:
926 3265 1056 3345 quaudo·

126 3350 290 3429 poenitens
311 3368 384 3409 vere
407 3349 569 3428 purissime
599 3350 655 3410 sibi
683 3349 824 3430 displicet
843 3350 875 3408 in
898 3347 1050 3426 omnibus,

127 3451 207 3511 quas
229 3432 303 3492 fecit
327 3440 358 3491 st
380 3431 548 3492 efficaciter
570 3440 789 3492 convertuntur
817 3431 856 3491 ad
877 3430 975 3491 Deum
997 3450 1050 3510 pu-

94 3648 97 3653 ·
184 3638 214 3706 ⁶)
237 3637 326 3691 Verba
350 3639 521 3690 reverentiae
540 3642 568 3690 st
587 3640 689 3692 amoris
723 3639 818 3691 omnia
841 3638 869 3688 in
895 3636 994 3689 molius
1012 3637 1051 3688 in-

128 3711 314 3778 terpretautis.

184 3780 230 3849 ⁸⁸)
250 3779 344 3835 Aurea
362 3782 530 3837 observatio.
