2356 4200
129 289 191 357 334
472 290 515 346 De
539 292 710 363 poenitentis
780 274 783 311 ³

130 459 207 522 Sunt
233 461 315 522 enim
343 463 415 523 viva
436 462 611 524 monitoris.
660 461 731 524 Non
763 468 810 523 est
827 461 940 539 'itatius'
969 456 1049 539 quod

130 544 298 624 queruleris
311 545 340 620 ¹]
365 545 419 607 tibi
432 544 543 607 deesse
558 547 703 610 virtutum
720 564 809 606 exem
833 545 865 605 lo
880 543 963 622 siva3
980 556 1050 622 pue⁴

129 645 181 688 ros
202 627 340 706 intende,
363 629 443 690 sieut
464 627 605 692 Christus
626 628 749 707 docuit,
771 564 922 690 exlibene
943 632 1071 713 parvul.

128 709 202 770 lum·
213 709 371 792 discipulis
392 713 464 774 suis.
516 711 602 772 Haeo
629 719 677 774 est
696 711 888 793 poenitentia
908 707 1050 787 ineunda·

128 809 212 872 vere,
235 793 355 855 stabilis
376 802 468 856 etex
490 797 597 879 spiritu
618 800 701 860 nate.
904 814 907 821 ·
969 816 972 823 ·

150 875 173 891 ”
210 874 301 938 Ratio
331 880 467 938 omnium
495 876 722 960 praedictorum
750 883 814 939 est:
854 873 1050 956 Impossibile

127 960 246 1038 e'st,·ut
267 959 354 1020 odias
376 959 491 1042 aliquid
512 980 587 1023 vero
616 960 688 1023 odio
718 966 749 1022 et
775 958 930 1042 perfeeto,
962 958 1050 1018 'anim

127 1043 312 1104 eontrarium
335 1062 397 1104 non
418 1045 503 1124 prius
525 1043 679 1105 dilexeris.
722 1044 820 1105 Amor
850 1056 977 1127 semppr
1003 1046 1051 1102 est

128 1126 213 1206 prior
234 1124 317 1205 odio,
340 1126 496 1188 etodium
518 1134 627 1188 natura
639 1134 670 1188 et
681 1134 793 1208 sponte
803 1124 872 1187 iluit
884 1134 1050 1202 exemere,

127 1212 160 1269 et
180 1205 225 1268 sie
245 1210 380 1270 nascitur
400 1210 505 1290 zelus,
536 1212 587 1290 qui
615 1218 663 1271 est
684 1211 778 1270 iratus
799 1224 902 1288 amor,
934 1206 968 1267 id
994 1213 1052 1286 est·

128 1287 234 1352 odium'
254 1292 328 1352 meli
349 1299 477 1375 propter
497 1293 623 1356 bonum.
672 1292 724 1354 Sis
750 1290 855 1354 odium
877 1290 1000 1371 pennati
1019 1298 1051 1350 et

128 1374 294 1436 detestatio
315 1377 396 1437 vitae
417 1378 612 1458 praeteritae,
635 1375 720 1437 nulla
738 1395 821 1454 eure,
843 1372 929 1435 nullo
944 1371 1051 1434 labore

128 1458 277 1537 quaesita,
300 1458 427 1520 veniunt
442 1477 498 1520 sua
517 1468 639 1541 sponte,
662 1459 798 1539 alioquin
817 1456 1049 1538 perversissimo

126 1539 248 1620 ordine,
271 1547 302 1601 et
321 1560 477 1623 nunquam
499 1543 659 1623 profuturo
681 1540 781 1603 studio
793 1541 952 1620 *quaeritur
963 1550 1052 1599 emor

125 1623 259 1685 iustitiae
279 1643 336 1705 per
357 1622 461 1686 o'dium
504 1627 620 1706 eeesti,
651 1626 715 1687 imo
744 1624 887 1685 maehina
907 1621 1054 1703 despera:

125 1707 217 1767 tionis
237 1714 310 1786 ,et
342 1645 505 1769 deiiciemli
541 1709 635 1769 animi
667 1714 715 1769 est
754 1707 827 1769 talis
856 1705 1049 1787 perversitas

125 1789 320 1851 Poenitentia
341 1793 423 1852 enim
445 1790 539 1852 debet
559 1811 629 1853 esse
650 1790 760 1870 duleis,
783 1796 815 1850 et
837 1787 1049 1850 exduleedine

124 1875 254 1933 inirem
299 1872 489 1935 descendere
513 1873 551 1935 ad
575 1875 680 1936 odium
694 1874 824 1954 peeeoti.
857 1871 956 1933 Amor
968 1872 1049 1932 enim

126 1962 174 2016 est
195 1956 352 2016 vinculum
374 1962 573 2038 perpetuum,
600 1958 672 2038 qnia
694 1957 916 2035 voluntarium,
945 1953 1049 2016 odium

126 2040 307 2120 temporale,
331 2043 403 2121 qnia
425 2039 603 2102 violentum.
647 2041 739 2121 lgitur
759 2037 912 2120 persuade
932 2037 1048 2098 homini

125 2123 267 2203 primum,
289 2129 322 2183 ut
343 2122 451 2206 diligat
469 2123 631 2201 iustitiam,
653 2131 685 2184 et
706 2124 773 2183 sine
796 2121 974 2202 magisterio
996 2127 1049 2182 tuo

126 2212 304 2266 conteretur
331 2204 371 2266 de
397 2212 543 2288 peeeuto,
566 2204 674 2288 diligat
695 2205 864 2283 Christum,
894 2211 926 2265 et
946 2205 1049 2264 statim

126 2286 459 2370 suiprodigusodiet2)
476 2306 510 2350 se
517 2289 627 2369 ipsum.
647 2289 698 2350 Sia
709 2288 876 2365 Psal.45³)
887 2309 895 2350 ε
908 2286 1055 2348 Dilexisti·

124 2373 280 2450 iustitiam,
305 2379 336 2432 et
358 2371 451 2433 odisti
464 2373 667 2453 iniquitatem,
691 2372 773 2452 prius
785 2372 894 2453 inquit,
916 2369 1051 2431 dilexisti

127 2456 284 2535 iustitiam,
307 2457 405 2517 etsie
427 2454 519 2517 odisti
539 2455 733 2536 iniquitatem
757 2461 815 2516 et.

452 2620 732 2685 corollarium.

206 2789 278 2849 Plus
301 2788 355 2848 tibi
378 2786 606 2848 discutiendum
628 2794 676 2848 est
690 2786 881 2863 confessuro,
903 2793 1049 2866 quantum

124 2871 234 2953 diligas
264 2872 429 2950 iustitiam,
464 2890 554 2950 quam
588 2877 734 2950 quantum
762 2868 850 2930 odias
878 2876 1050 2948 peceatum,

123 2955 282 3034 multoque
304 2952 433 3033 maiore,
454 2955 518 3014 imo
541 2953 609 3015 solo
631 2953 692 3014 hoo
714 2951 822 3014 labore
843 2951 898 3013 tibi
913 2953 1049 3033 cogitan-

123 3037 197 3098 dum
233 3044 296 3116 est,
334 3036 493 3117 quomodo
523 3036 655 3097 futurem
687 3037 782 3097 vitam
816 3053 891 3116 eges
918 3035 1048 3112 nonam,

123 3138 215 3201 qnam
246 3118 405 3199 quomodo
433 3118 559 3183 deseras
581 3126 635 3180 aut
656 3118 744 3180 odins
765 3119 964 3198 praeteritam
986 3134 1049 3178 nse·

123 3205 194 3265 lam.
237 3203 440 3263 Verissimum
462 3207 510 3262 est
532 3203 614 3262 enim
647 3200 865 3282 proverbium,
901 3207 933 3261 et
966 3200 1048 3260 omni

123 3287 265 3348 doctrino
278 3285 316 3346 de
332 3285 567 3347 contritionibus
576 3285 734 3366 hueusque
749 3283 823 3344 deta
833 3285 1047 3364 praestantius.

123 3376 193 3450 quo'
208 3368 317 3430 dieitur
337 3371 508 3431 teutonice:
548 3367 676 3433 &immet
698 3368 767 3448 llll
789 3366 1046 3446 bieiidlteliulre.

122 3452 248 3535 Optime
272 3453 465 3533 poenitentia
496 3470 580 3513 nove
609 3452 688 3530 vite,
719 3452 799 3510 sieut
826 3459 858 3511 et
886 3449 1047 3530 spostolus

128 3637 316 3645 ——---——

177 3727 207 3794 l)
229 3726 311 3780 Ibid.:
350 3729 465 3781 ueteris.
486 3724 563 3795 2)1n
584 3723 626 3779 ed.
642 3723 692 3777 Jen
711 3742 717 3776 ε
737 3721 803 3776 odio
822 3721 943 3776 hebebit.
972 3723 1045 3790 s)1n

123 3795 166 3850 ed.
186 3800 288 3866 ptine:
308 3744 350 3852 ll.
1080 3802 1082 3807 ’
