2356 4200
169 308 239 376 2d4‘
497 305 777 384 Sermonesifutheri

91 552 95 560 r
170 487 235 560 est,
275 477 396 542 lumbos
429 478 608 558 accingere,
646 483 710 536 tum
747 473 859 536 deinde
893 474 924 533 in
957 471 1098 533 munibus

173 562 288 626 habere
310 563 450 623 lucernas
472 561 625 623 ardentes.
653 561 844 638 Ncntamen
866 557 897 617 id
912 555 1098 638 negandum,

172 647 257 728 quod
287 647 402 707 coniux
430 650 535 726 potest
564 643 675 706 melior
704 660 885 722 essequam
906 641 1012 721 virgo,
1040 657 1100 699 nee

172 729 245 792 ideo
281 729 467 790 centesimus
506 733 644 808 praestat
675 727 850 806 trigesimo,
890 725 961 802 quia
998 721 1099 782 minus

173 813 297 879 excedit
306 834 316 872 :1
336 812 408 891 quia
430 830 493 872 non
515 810 636 890 pondus
659 811 852 885 meritorum,
882 806 936 868 sed
966 805 1099 887 dignitas

171 896 285 978 gratim
313 897 346 954 -in
379 893 440 953 illis
475 895 654 973 exprimitur
681 892 792 953 verbis.
844 891 944 952 Unum
980 896 1102 970 ponunt

171 979 227 1040 illa
260 977 355 1039 verbu
386 984 417 1037 ct
446 977 614 1037 secundum
648 975 768 1056 pondus
809 983 840 1035 et
872 973 1101 1034 distinctionem

172 1063 272 1142 accipi
308 1061 502 1138 meritorum,
541 1060 622 1139 quod
653 1060 730 1119 alius
764 1063 909 1140 operetur
941 1056 1099 1137 trigesimo

171 1145 288 1224 fructu,
317 1146 382 1202 sive
412 1151 508 1222 nupta
530 1145 596 1203 sive
618 1144 722 1223 virgo,
749 1142 847 1218 alius,
878 1139 982 1200 itidem
1006 1145 1102 1218 nupta

173 1228 228 1289 vel·
243 1229 350 1307 virge,
384 1228 626 1306 sexagesimum,
656 1226 733 1285 alius
756 1224 868 1285 deiude
891 1224 1101 1292 centesimum,

119 1382 124 1389 ι
173 1312 244 1391 quia
275 1310 363 1390 plura
393 1308 467 1368 facit
494 1328 605 1389 opera,
634 1329 688 1369 seu
718 1308 772 1368 illu
799 1310 860 1368 sint
892 1307 1022 1367 meliora
1046 1323 1102 1366 seu

173 1410 252 1455 uon:
276 1399 308 1453 et
329 1391 481 1452 secundus
505 1393 629 1453 excedit
649 1394 780 1471 primum
802 1393 833 1450 in
856 1389 970 1470 duplo,
994 1389 1100 1449 tertius

173 1494 248 1537 vero
270 1475 362 1557 triplo
385 1481 417 1534 et
438 1475 526 1537 ultra.

446 1792 461 1798 -
564 1715 708 1808 Sermo
849 1835 852 1846 Ι

334 1931 335 1934 ’
360 1913 399 1973 de
421 1913 569 1972 Passione
592 1912 703 1975 Christi
725 1935 752 1975 a.
779 1916 926 1994 1518))

179 2082 183 2091 '
259 2081 364 2140 Ecce
399 2079 527 2139 homo!
571 2077 702 2158 Magnae
735 2080 853 2142 scilicet
884 2082 1020 2142 notionis
1055 2085 1103 2140 est

176 2163 238 2225 hoc
258 2163 384 2224 verbum
408 2169 438 2222 et
459 2161 593 2222 breviter
607 2161 688 2220 idem
707 2166 860 2244 exprimit,
884 2162 1102 2244 qusdlaaias

178 2267 244 2329 cap.
268 2249 324 2323 53,
348 2244 487 2305 Vidimus
510 2264 579 2303 eum
603 2253 635 2304 et
656 2263 718 2304 non
744 2253 810 2307 erat
830 2246 989 2328 aspectus,
1018 2247 1103 2324 item,

176 2349 239 2391 non
263 2337 310 2389 est
332 2328 360 2387 ei
383 2329 502 2406 species
526 2345 626 2404 neque
649 2327 752 2390 decus.
785 2330 902 2390 Videns
929 2331 1010 2390 enim
1025 2328 1103 2389 Pila-

175 2422 224 2473 tus
247 2431 315 2471 eum
338 2418 399 2469 tum
423 2409 514 2470 foede
537 2417 694 2470 cruentum
719 2420 748 2472 et
771 2413 919 2490 lacerum,
950 2414 1102 2492 spinatum

178 2492 209 2556 et
231 2501 401 2575 sputatum,
425 2495 539 2553 utiam
562 2492 679 2554 homini
703 2514 764 2555 non
788 2502 871 2556 esset
893 2496 1011 2575 similis,
1033 2513 1102 2576 pro·

176 2579 258 2660 r'upit
277 2577 382 2653 nobili,
404 2577 477 2636 licet
499 2575 589 2654 dura,
621 2577 870 2639 miserationem
892 2579 971 2640 haee
992 2577 1101 2639 verba:

178 2679 252 2722 ecce
279 2661 390 2721 homo!
425 2660 510 2739 quasi
543 2658 671 2739 diceret,
700 2660 802 2722 videte
825 2668 923 2722 utrum
947 2663 987 2722 sit
1007 2662 1103 2722 homo

177 2747 236 2806 iste
258 2742 421 2826 putandus.
464 2743 525 2802 Det
552 2748 652 2805 sutem
682 2739 771 2804 nobis
801 2745 900 2824 Deus,
934 2752 967 2804 ut
995 2744 1104 2805 saltem

179 2826 267 2888 Pilati
301 2825 444 2907 exemplo
475 2824 626 2885 Christum
661 2827 814 2887 intuentes
851 2827 947 2906 oculis
982 2828 1105 2887 animae

179 2910 377 2992 inspicientes
401 2915 432 2967 et
455 2914 580 2986 stupore
604 2909 697 2968 nimio
725 2911 756 2969 in
779 2910 1002 2989 breviloquium
1025 2911 1104 2991 rapti

180 2993 332 3070 dieamus,
363 2991 447 3052 velut
469 2992 590 3050 reveriti
614 2998 645 3051 et
667 2996 867 3054 consternati:
898 3011 972 3053 ecce
993 2993 1104 3054 homo!

176 3073 274 3165 'Quasi
297 3074 413 3135 diceret
433 3073 640 3151 Christianus,
674 3094 743 3134 sese
765 3095 804 3135 ex
827 3076 968 3137 omnibus
990 3075 1104 3136 viribus

186 3248 189 3259 1

235 3281 266 3346 1)
279 3280 359 3332 Hunc
372 3296 527 3337 sermonem
541 3280 702 3345 stulterum,
714 3282 760 3349 qui
771 3282 902 3349 sequitur,
913 3296 937 3332 e.
953 3278 1105 3334 151811ώί-

173 3358 233 3416 tos,
254 3352 423 3405 Loescherus
435 3353 568 3419 primuse
589 3352 684 3406 codiee
706 3368 789 3404 manu
811 3354 924 3420 scripto,
944 3367 1025 3420 quem
1045 3352 1106 3418 ipse

181 3422 310 3484 habebat,
330 3426 358 3474 in
378 3424 466 3476 lucem
490 3424 612 3491 protulit.
637 3423 679 3475 Ex
698 3426 791 3491 priore
807 3439 934 3476 sermone
948 3424 1008 3475 siue
1020 3421 1105 3475 dubio

183 3494 324 3567 appendix
343 3494 392 3545 illu
411 3504 453 3547 est
472 3493 610 3562 decerpta,
630 3510 699 3561 quse
720 3497 855 3548 sermoni:
873 3495 907 3548 de
926 3495 1012 3564 digua
1030 3509 1106 3562 prae·

181 3566 327 3634 paratione
346 3565 436 3618 cordis
456 3581 507 3634 pro
528 3565 703 3634 suscipiendo
723 3572 906 3632 sacramento,
926 3565 1021 3618 addite
1041 3565 1107 3634 legi·

181 3644 226 3689 tur
244 3645 272 3690 et
289 3639 422 3704 inscripta
441 3644 494 3690 est:
533 3637 681 3702 Quomodo
702 3637 804 3707 Christi
823 3641 916 3706 passio
937 3637 1105 3689 meditanda.

180 3708 325 3763 loercher.
352 3709 390 3774 ll,
410 3709 461 3766 587
481 3725 540 3786 sqq.
579 3710 682 3763 Welch.
704 3712 743 3775 X,
777 3711 844 3766 1405
869 3726 928 3778 rqq.
949 3709 1014 3766 coll.
1034 3708 1106 3778 Opp.

179 3780 258 3835 tatu.
278 3780 328 3835 lut.
343 3779 403 3832 len.
422 3780 449 3849 l,
467 3780 575 3848 wit.
