2356 4200
123 276 186 347 384
309 275 381 331 ecte
400 275 441 333 [l.-
455 277 565 331 nutui
583 276 695 330 teneri
715 275 864 345 tipum

125 446 354 527 intelligentias.
407 446 478 509 lllee
506 453 609 507 tamen
648 446 729 507 banc
763 445 946 508 violentiam
986 447 1050 506 eins

126 549 220 610 aegre
243 530 314 607 tuli,
343 531 445 591 seiam
473 547 543 591 eam
565 529 742 607 laenitatem
764 528 1050 610 interpretandiex

126 613 224 694 longe
248 631 396 675 romanae
429 613 532 673 euriae
566 608 789 673 cousuetudine
826 620 858 673 et
891 611 1051 672 scholasti·

127 714 233 763 eornm
255 695 468 757 fflsdnmorum
491 715 548 757 usu
576 695 635 759 eibi
663 702 905 775 praesumptam.
949 693 1052 756 Credi·

127 785 192 843 tnm
215 785 265 839 est
284 779 366 839 enim
394 777 526 856 iamdiu,
557 777 640 857 quud
670 776 818 858 quidquid
838 778 986 839 Romana
1007 796 1052 839 ee

128 861 225 938 alesia
244 859 374 940 dixerit,
396 862 563 939 damnarit,
585 861 733 938 voluerit,
757 861 788 921 id
811 880 887 922 mox
910 861 1052 933 omnibus

128 943 303 1023 dicendum,
326 943 552 1023 damnandum,
575 943 741 1005 volendum
765 963 856 1022 esse,
878 963 942 1005 nee
961 944 1053 1005 aliam

127 1026 214 1091 reddi
235 1028 387 1097 rationem
410 1033 566 1107 oportere,
588 1046 680 1107 quam
705 1028 777 1107 quin
797 1028 843 1087 sic
863 1027 960 1089 sedes
983 1046 1053 1108 apo

128 1110 241 1187 steliea
260 1116 297 1175 et·
312 1111 455 1173 Romana
468 1108 602 1171 ecelesia
623 1110 725 1172 sentit.
769 1110 849 1171 Hine
869 1111 990 1171 relictis
1011 1130 1054 1171 aa

128 1194 188 1257 eris
218 1193 314 1255 literis
351 1199 384 1255 et
403 1195 540 1273 aceeptis
573 1192 785 1256 traditionibus
813 1191 984 1273 verbisque
1004 1194 1054 1257 be

128 1278 244 1337 minam
266 1277 379 1337 tactum
403 1283 459 1349 est,
481 1283 515 1337 ut
536 1276 670 1339 eeclesia
689 1274 802 1337 Christi
824 1295 889 1338 uon
912 1295 1056 1338 mensura

129 1360 220 1421 tritici
242 1364 392 1439 pascatur,
416 1378 474 1420 neo
495 1359 591 1421 verb'c
609 1359 731 1437 Christi,
754 1358 811 1420 ned
831 1378 897 1420 non
919 1378 995 1421 raro
1015 1365 1054 1421 te

86 1512 90 1525 Ι
131 1443 273 1517 maritate
301 1448 334 1503 et
361 1441 522 1505 voluntate
541 1443 670 1503 abouius
690 1441 897 1505 indoctissimi
918 1442 1056 1505 adulata

128 1526 170 1586 ris
191 1533 324 1605 regnan,
347 1531 380 1587 et
392 1526 608 1606 eoproteeerit
623 1532 748 1587 nostrae
767 1525 961 1587 infelicitatis
975 1544 1056 1606 ωας

129 1606 255 1685 inlude,
287 1614 322 1669 ut
353 1608 392 1671 ad
414 1610 646 1675 revocationem
669 1615 702 1669 et
720 1608 966 1689 abnegationem
988 1608 1056 1669 teet

131 1691 324 1841 ffltianae
343 1698 377 1753 et
387 1692 613 1773 saomtissirnae
626 1691 802 1771 Scripturas
813 1692 969 1772 incipiant
978 1710 1056 1753 eom

130 1794 151 1855 p
229 1792 257 1834 e

152 1914 156 1923 .
213 1856 322 1936 Porro,
342 1856 443 1919 siiste
464 1863 513 1919 eet
534 1856 644 1918 modus
664 1856 843 1934 revocandi,
865 1856 946 1919 nibil
968 1856 1056 1917 vidae

130 1940 284 2018 tunna,
307 1959 398 2019 quam
421 1945 456 2001 ut
475 1940 712 2020 praecedentem
735 1941 991 2018 revocationem,
1016 1958 1056 2001 se

131 2031 245 2103 querite
267 2021 350 2095 alia,
370 2024 438 2091 eine
458 2020 520 2087 bne
540 2042 694 2085 revocem.
736 2022 815 2083 Nem
837 2023 865 2082 si
889 2043 955 2102 qua
975 2022 1056 2085 indu

131 2107 206 2181 stria
234 2125 323 2167 suum
341 2106 446 2185 ,ipsius
475 2104 590 2169 dictum
618 2108 650 2167 in
679 2125 749 2167 eurn
769 2107 870 2186 ipsum
892 2113 1058 2182 retorsero,

132 2191 194 2251 ailo
216 2188 298 2250 aliud
321 2188 424 2251 cordis
446 2191 492 2251 sui
506 2190 623 2251 idolum
634 2189 708 2249 mihi
729 2188 859 2269 lingeret
886 2189 957 2269 (cst
981 2190 1057 2249 enin

133 2272 212 2333 mire
238 2270 370 2333 lecnnda
402 2271 647 2334 distinctionibus
668 2271 857 2333 Tbomistica
890 2271 1057 2353 theologia

132 2374 171 2419 ae
197 2375 271 2416 vere
292 2355 419 2415 Proteus
447 2355 607 2436 quidam),
629 2356 677 2417 eui
700 2374 829 2417 necesse
850 2362 940 2416 esset
962 2354 1058 2417 denuo

131 2437 308 2509 revocando
347 2436 482 2499 obedire.
526 2438 603 2499 (lum
640 2438 721 2499 euim
754 2457 819 2499 non
848 2437 1059 2499 insoliditate

52 2524 57 2537 '
133 2529 257 2603 petrae,
282 2520 336 2581 sed
358 2522 388 2580 in
411 2541 507 2582 arena.
528 2523 749 2603 cogitationum
774 2528 1058 2603 suarum-vagetur,

134 2605 208 2667 nihil
242 2603 325 2664 aliud
357 2623 448 2683 quam
477 2614 657 2685 perpetuum
696 2603 864 2667 revocandi
903 2605 1058 2685 negotium

135 2688 209 2753 mibi
227 2687 427 2749 incumberet.
458 2734 464 2749 .

217 2773 311 2852 igitur
343 2777 471 2850 accepto
501 2769 645 2831 mandato
677 2789 738 2830 non
761 2768 930 2847 redeundi,
967 2768 1059 2829 mansi

135 2861 238 2915 tamen
260 2855 370 2915 eodem
392 2854 442 2914 die
464 2855 494 2913 in
517 2854 598 2931 loeo,
621 2859 683 2914 tum
700 2860 811 2913 vocato
834 2851 1013 2913 reverendo
1032 2858 1058 2910 el

135 2939 253 3017 optimo
266 2938 355 2999 Patre
378 2957 447 2997 meo
471 2936 615 2997 lobanue
629 2935 776 3016 Stupicio,
799 2936 940 3009 Vicario,
963 2936 1060 3016 egisse

135 3019 244 3081 dieitur
268 3020 390 3098 multis,
419 3029 451 3080 ut
473 3019 511 3079 ad
534 3021 763 3080 revocationem
785 3017 951 3079 induceret
972 3036 1059 3098 spou-

136 3111 268 3165 taneam.
308 3104 407 3163 blansi
430 3111 461 3164 et
481 3110 630 3181 sequente
653 3102 720 3179 die,
744 3109 775 3162 et
796 3101 872 3161 nibil
895 3100 1059 3162 mandeba

135 3186 230 3248 batur.
253 3186 429 3264 Tertiadie‚
452 3186 752 3261 seilicelDominioa,
776 3185 885 3261 mansi,
914 3191 947 3245 et
961 3185 1060 3245 literas

136 3269 216 3348 dedi,
241 3288 297 3330 nee
319 3269 434 3348 aliquid
456 3268 707 3348 respondebatur.
739 3267 854 3342 Quarta
878 3266 931 3328 die
956 3266 1060 3341 mansi,

135 3360 167 3414 et
188 3353 263 3413 nihil
284 3351 385 3413 fiebat
421 3352 506 3413 Idem
540 3351 695 3413 silentium
722 3354 828 3430 quinta
863 3350 915 3410 die
945 3368 1061 3433 passus,

135 3437 259 3497 taudem
283 3435 513 3497 consulentibus
536 3437 653 3513 amicis,
675 3435 854 3516 praesertim
878 3452 952 3493 cum
975 3440 1062 3495 aulea

135 3521 281 3582 lactasset
303 3538 372 3581 sese
393 3519 507 3580 habere
529 3518 717 3593 mandatum,
741 3524 775 3578 ut
796 3523 827 3577 et
848 3536 899 3577 me
924 3525 958 3578 et
978 3517 1062 3579 vica·

135 3602 213 3665 rium
240 3605 460 3682 incarceraret,
494 3602 644 3685 disposita
672 3600 883 3682 appellatione
905 3598 1062 3682 affigenda

135 3688 260 3766 recessi,
281 3695 330 3748 sat
349 3686 555 3768 periculosam
578 3685 786 3748 obedientiam
808 3702 859 3744 me
869 3685 1061 3764 praestitisse

55 3809 71 3837 0
134 3769 310 3839 arbitratus.
