2356 4200
322 283 418 332 contra
436 274 500 330 llal.
518 276 637 332 Johann.
651 277 736 332 Besti-
751 277 838 331 ludis,
983 272 1048 339 475

125 447 244 508 ratione
266 449 340 508 mihi
362 449 549 528 persuadere
569 456 742 530 potuerunt.
794 448 862 509 Hoe
883 455 947 525 eat·
963 447 1048 526 quod

122 530 157 589 B.
181 531 439 610 Paulus-quoque
462 532 551 592 dicit:
581 533 692 593 Omnia
712 532 857 612 probate,
889 532 971 610 quod
994 532 1047 592 bo·

123 633 196 697 num
219 621 266 673 est
287 615 446 688 tenete*).

206 697 269 756 Has
292 700 388 757 saneti
411 700 533 777 spiritus
554 699 799 777 regulasEoeius
822 717 907 758 meua
924 716 1047 777 semper

123 785 155 839 ot
177 783 301 861 egregie
323 784 522 861 contempsit
541 783 635 841 verba
655 789 758 841 textus
780 783 811 840 iu
833 783 927 841 saeris
952 781 1046 841 literis

123 881 248 942 prorsus
271 883 327 943 pro
349 864 459 924 fabulis
480 865 606 943 habens,
630 865 755 945 qualit,
777 871 811 924 ut
832 882 932 943 neque
955 865 1047 943 sonip-
1144 864 1147 870 ’

124 952 207 1005 turos
229 949 328 1024 ipsas,
346 966 446 1025 neque
470 949 607 1026 Parrum,
640 967 717 1026 quos
738 949 848 1027 laetat,
879 948 1047 1006 sententias

123 1035 206 1088 reete
229 1031 330 1108 possit
350 1038 403 1089 aut
425 1031 611 1111 intelligere,
649 1040 701 1090 aut
722 1040 841 1109 aptare,
873 1030 982 1089 etheo
1003 1036 1046 1090 te-

126 1114 265 1172 meritate
288 1112 415 1193 impleat
445 1113 517 1172 illud
541 1115 625 1173 Pauli
652 1120 677 1175 l.
702 1114 800 1172 Timo.
829 1119 867 1174 l.:
897 1113 1046 1173 Voleulas

124 1213 193 1254 esse
214 1196 292 1275 legis
313 1195 473 1274 doctores,
497 1215 564 1256 eum
588 1199 748 1277 ignorent,
778 1215 878 1274 neque
908 1196 979 1275 quid
1004 1196 1046 1256 lo·

124 1285 270 1355 quantur,
305 1298 405 1358 neque
428 1279 466 1339 de
489 1279 597 1358 quibus
619 1280 779 1341 affirment,
825 1279 912 1353 Quae
934 1280 1049 1350 omnia

123 1379 165 1419 an
185 1380 257 1420 vere
280 1361 424 1421 deEooio
447 1361 585 1440 dixerim,
607 1364 667 1422 iam
691 1381 764 1422 eone
786 1371 816 1422 tu
839 1365 915 1441 ipse„
938 1362 1047 1440 lector,

125 1444 207 1503 clare
228 1443 358 1507 uidebis.

149 1564 151 1569 .
206 1527 358 1605 Ceterum,
381 1527 464 1606 quod
485 1528 659 1587 quoeium
684 1528 755 1587 milri
770 1527 937 1587 invehendi
954 1527 1067 1607 digua·
1144 1534 1147 1538 ’

124 1616 208 1669 esset
236 1612 378 1688 occasio,
415 1612 486 1689 quia
511 1616 655 1690 paetum,
693 1610 773 1687 quod
803 1618 889 1670 tauto
919 1610 1047 1670 tumultu
1101 1676 1109 1700 ἱ
1138 1656 1140 1663 .

106 1692 211 1751 ‘uoltis
233 1692 354 1772 Lipsiae
382 1694 526 1771 extorsit‚
553 1695 621 1773 ipse
648 1695 764 1774 primus
791 1695 851 1754 hoo
877 1693 1047 1754 maledicae

88 1785 93 1791 '
123 1776 296 1854 smiptionis
330 1793 445 1856 genere
471 1778 537 1836 sine
565 1795 659 1836 eausa
687 1779 782 1855 rupim
810 1778 930 1836 interim
960 1776 1069 1835 dissi.

125 1857 264 1933 mulabo,
292 1867 472 1935 contentus,
506 1860 588 1938 quod
626 1859 795 1940 loedilmgo
837 1867 867 1918 et
895 1858 1047 1918 maledieo

124 1941 335 2002 calumniatori
358 1949 483 2003 coaetus
512 1962 576 2002 sum
606 1942 810 2022 respondere,
837 1943 1049 2022 gaudensque,

123 2024 204 2102 quod
227 2043 290 2084 uon
314 2025 403 2102 milri,
435 2025 488 2084 sed
513 2045 587 2084 suae
607 2026 770 2085 temeritati
792 2027 943 2104 imputare
966 2025 1048 2104 eogi-

124 2115 172 2166 tur
193 2109 274 2186 paoti
295 2108 381 2167 laesa
401 2110 477 2170 iura.
500 2109 608 2186 *Vela
633 2111 748 2188 optime
770 2107 889 2168 Lector.

392 2308 591 2393 Artleulus
623 2310 780 2389 primus.

205 2435 288 2495 Nihil
311 2442 396 2496 tenet
417 2437 456 2497 de
480 2423 618 2498 conciliis
646 2435 856 2517 generalibus,
889 2437 1045 2514 quianon

124 2526 358 2597 repraesentent
376 2522 581 2581 universalem
605 2520 776 2581 eeclesiam.

145 2634 149 2643 ·
205 2601 293 2662 Hune
316 2622 378 2662 non
403 2623 471 2663 esse
494 2623 605 2683 meum,
628 2602 720 2663 eredo
742 2601 895 2682 intelligit,
919 2602 1045 2679 quiouo·

124 2703 184 2763 que
206 2685 424 2746 Resolulioues
456 2706 541 2747 meas
563 2694 595 2746 et
622 2687 786 2765 Dialogum
821 2691 936 2744 eontra·
951 2684 1046 2744 Silve-

125 2774 220 2826 strum
242 2768 367 2848 legerit,
397 2770 573 2847 quandoid
607 2772 698 2828 uoiee
725 2767 854 2847 deploro
884 2784 921 2827 ao
943 2786 1045 2846 geme,

125 2869 182 2909 nos
204 2849 315 2929 dignos
337 2871 398 2912 non
433 2873 502 2912 esse
539 2852 644 2912 videre
677 2853 846 2932 legitimum
870 2849 1043 2910 oonoilium.

124 2933 165 2992 Ut
187 2939 315 3011 taceam,
339 2935 419 3012 quod
447 2937 515 3014 ipse
537 2934 709 2997 fraternalis
732 2935 884 3012 latinitas,
913 2953 932 2992 a
954 2940 1043 3012 tropo

126 3034 213 3076 meae
236 3016 401 3076 locutionis
424 3013 611 3091 abhorrens,
648 3018 722 3077 satis
744 3015 876 3094 indicat,
910 3016 1044 3075 invidiae

125 3106 332 3159 commentum
352 3119 429 3159 esse.
472 3096 533 3167 eeu
556 3101 681 3177 Eloeios,
709 3101 735 3159 ai
758 3098 830 3159 boni
853 3099 909 3158 viri
933 3099 1044 3158 voluis-

125 3191 173 3241 set
206 3180 309 3242 sffioio
338 3181 442 3262 lungi5
471 3184 579 3243 fratres
612 3200 809 3262 compescere
842 3179 960 3258 debuit,
994 3186 1046 3241 aut

124 3264 447 3343 fratum-Memmios,
470 3274 500 3325 et
522 3267 705 3326 sententiam
729 3282 828 3325 meam
855 3262 966 3348 (quam
989 3265 1045 3324 uti·

125 3365 185 3426 que
208 3351 355 3426 noverat)
380 3348 552 3411 ostendere.
596 3349 686 3409 Nune
711 3365 802 3426 vere,
835 3355 869 3408 ut
901 3345 1047 3408 ostendat

125 3448 161 3489 se
180 3429 317 3511 gaudere
338 3430 446 3491 alienia
468 3432 573 3509 malis,
594 3431 681 3491 addit
704 3449 797 3510 super
818 3430 956 3491 dolorem
981 3430 1044 3489 vul·

125 3531 252 3589 uiarum,¹
265 3519 296 3574 et
319 3515 469 3574 virulente
479 3515 640 3575 mendaoia
652 3515 778 3575 fratmm
792 3517 848 3589 **)
873 3512 1045 3590 confirmat,

123 3676 318 3699 ——hb—o—--v

198 3764 230 3833 ⁸¹)
251 3766 275 3820 1.
296 3762 394 3820 onon.
417 3767 444 3822 ῠ.
482 3767 512 3837 ·)
528 3769 725 3823 vlltnorlternm
744 3769 774 3823 ln
794 3761 954 3822 luterbock.
