2356 4200
192 280 258 348 156
447 286 643 343 Resolutionse
664 286 772 357 Disput.
791 287 871 358 Luth.
918 303 921 308 ·

196 475 237 517 ex
258 455 319 518 fide
341 456 480 520 habetur.
503 459 571 520 Non
598 477 672 538 ergo
685 459 769 538 prius
791 457 884 518 solvit
896 458 1003 518 Petrus
1027 476 1119 538 quem

198 539 354 618 Christus,
391 541 446 602 sed
470 542 606 602 declarat
629 549 660 602 et
681 541 817 602 ostendit
838 541 1042 619 solutionem,
1072 543 1120 602 cui

197 623 246 702 qui
270 623 432 685 crediderit
454 645 522 685 cum
544 624 676 701 fiducia,
705 644 777 685 vere
801 623 932 685 obtinuit
956 643 1067 704 pacem
1090 631 1121 684 et

191 707 408 768 ‚remissionem
432 708 513 788 apud
536 708 625 768 deum
652 707 780 788 (idest,
804 714 904 767 certus
926 706 970 785 fit,
993 726 1027 768 se
1050 726 1121 768 esse

190 788 389 874 absolutum)
414 811 475 852 non
499 793 566 869 rei,
596 791 650 850 sed
679 790 751 851 fidei
774 790 969 867 certitudine,
992 797 1122 871 propter

194 871 387 934 infallibilem
423 874 659 935 misericorditer
687 874 893 954 promittentis
920 892 1120 934 sermonem:

191 954 411 1036 Quodcunque
434 957 563 1018 solveris
588 963 646 1017 etc
665 957 724 1020 Sic.
736 958 794 1017 Ro.
817 959 850 1020 5:
873 955 1029 1016 luctificati
1053 976 1119 1037 gra-

194 1040 234 1100 tis
263 1060 318 1119 per
355 1041 484 1121 gratiam
515 1041 610 1120 ipsius
642 1059 749 1120 pacem
780 1037 928 1099 hebemus
958 1039 997 1099 ad
1019 1040 1118 1115 Deum

193 1141 251 1203 per
276 1121 377 1200 fidem
400 1142 462 1183 uon
485 1143 503 1181 ιι
506 1124 590 1202 tique
611 1142 667 1202 per
688 1142 751 1182 rem
775 1129 832 1182 etc.
915 1150 919 1157 >

278 1205 366 1301 Quae
394 1206 524 1266 sirecte
554 1213 585 1265 et
607 1225 678 1265 vere
700 1207 804 1284 sapio,
835 1223 899 1264 non
937 1211 985 1264 est
1006 1184 1119 1266 falsum

191 1306 295 1366 neque
317 1289 516 1368 improprium
538 1296 589 1361 (ιιι
578 1289 650 1348 rllr
663 1288 771 1348 volun
759 1296 786 1354 ι)
814 1286 916 1348 dicere
938 1288 1021 1384 quod
1035 1309 1118 1369 papa

192 1373 333 1431 remittat
355 1370 522 1450 culpam3
515 1391 577 1432 nno
600 1372 739 1431 remissio
760 1371 870 1450 culpae
892 1379 939 1430 est
960 1372 1119 1452 incompa-

188 1454 329 1515 rabiliter
341 1454 458 1531 meli0r‚
473 1473 564 1533 quam
576 1456 716 1515 remissio
730 1473 981 1534 quarumcunque
1002 1474 1121 1535 poena·

189 1557 270 1599 rum.
298 1537 390 1597 Licet
409 1538 489 1597 hanc
511 1539 553 1597 ita
575 1538 673 1597 solam
697 1537 885 1618 praedicent,
908 1543 942 1596 ut
962 1539 1119 1599 remissio-

189 1640 264 1680 ·uem
288 1620 397 1700 culpae
419 1621 547 1680 feceriut
568 1621 683 1680 nullam
714 1639 782 1680 esse
804 1621 834 1678 in
859 1620 1009 1696 ecclesia,
1049 1640 1118 1682 cum

190 1709 301 1763 contra
323 1704 426 1783 potius
449 1704 503 1781 sit,
533 1703 584 1764 ubi
607 1705 687 1764 enirn
710 1703 804 1763 homo
826 1722 882 1782 per
903 1703 1118 1764 remissionem

190 1785 303 1865 culpae
330 1794 438 1864 (quem
460 1785 596 1865 sibiipsi
618 1786 691 1846 dare
713 1787 832 1865 nequit,
856 1805 923 1845 cunr
946 1805 1039 1847 nemo
1061 1787 1118 1848 sibi

192 1868 251 1948 ipsi
283 1869 407 1928 credere
441 1868 568 1945 debeat,
598 1871 656 1927 nisi
680 1872 730 1948 qui
754 1869 840 1928 malit
869 1888 907 1928 ex
930 1888 991 1928 una
1019 1869 1119 1931 turba·

193 1953 278 2011 tione
302 1951 378 2012 duas
400 1950 521 2026 facere)
546 1971 601 2030 per
622 1951 715 2011 fidem
728 1951 933 2012 absolutionis
956 1959 1117 2031 acceptam

191 2040 321 2114 pacatus
352 2035 464 2112 fuerit,
496 2036 595 2094 omnis
622 2053 726 2113 poena
758 2036 786 2094 ei
810 2034 894 2095 nulla
924 2053 1028 2114 poena
1061 2044 1117 2098 est.

192 2116 411 2189 Conscientiae
433 2118 514 2177 enim
537 2118 677 2177 confusio
700 2117 774 2176 facit
796 2117 957 2176 molestam
971 2137 1117 2196 poenam,

189 2199 364 2260 iucunditas
380 2218 454 2260 vero
464 2201 671 2260 conscientiae
684 2199 850 2279 optabilem
873 2200 945 2259 facit
973 2219 1116 2280 poenam.

274 2282 315 2342 Et
338 2284 417 2343 hanc
438 2282 671 2363 intelligentiam
699 2285 730 2342 in
753 2283 870 2362 populo
901 2282 939 2341 de
961 2290 1117 2362 potestate

188 2365 322 2425 clavium
344 2365 484 2425 videmus
506 2365 680 2437 abundare,
714 2366 764 2445 qui
787 2366 917 2444 simplici
942 2364 1003 2426 fide
1026 2386 1116 2447 quae·

187 2455 260 2508 runt
293 2455 323 2509 et
359 2449 515 2526 accipiunt
548 2448 786 2508 absolutionem.
837 2449 1002 2508 Doctiores
1043 2471 1115 2510 vero
1157 2495 1164 2505 .

188 2530 316 2610 quidem
338 2532 399 2591 suis
423 2533 561 2591 nituntur
581 2551 650 2591 sese
667 2530 903 2591 contritionibus
927 2539 958 2590 et
971 2533 1115 2611 operibus

186 2623 284 2692 atque
308 2613 554 2674 confessionibus
583 2616 684 2674 facere
708 2615 847 2693 quietos,
876 2621 908 2672 et
930 2615 1003 2674 nihil
1033 2616 1115 2677 aliud

189 2704 297 2777 agunt,
320 2717 411 2775 quam
434 2695 519 2777 quod
541 2697 579 2757 de
599 2697 809 2776 inquietudine
830 2698 860 2756 in
873 2697 1114 2775 inquietudinem

191 2787 274 2858 eunt,
298 2781 368 2860 quie
389 2781 421 2839 in
444 2799 477 2840 se
501 2787 532 2840 et
554 2801 609 2840 sua
621 2779 793 2855 confidunt,
818 2782 944 2858 cum‚·si
968 2782 1116 2843 sentirent

156 2910 164 2934 ,
192 2865 401 2923 conscientiae
430 2863 559 2941 malum,
593 2863 742 2924 deberent
763 2863 884 2922 Christo
920 2863 1046 2925 credere
1075 2864 1115 2924 di·

192 2948 293 3007 centi:
317 2945 531 3024 Quodcunque
551 2909 755 3007 'solveriste
706 2953 764 3006 etc.

274 3028 322 3089 Ad
358 3029 419 3089 hoc
449 3039 552 3090 autem
585 3030 793 3089 conscientiae
825 3028 939 3087 malum
976 3029 1114 3116 theologi

191 3113 380 3172 recentiores
408 3113 497 3172 nimis
520 3111 649 3172 feliciter
671 3116 898 3254 cooperantur,
922 3110 994 3172 dum
1018 3132 1114 3173 secra·

192 3204 327 3255 mentum
352 3196 624 3275 poenitteniaesic
646 3201 816 3255 ttracante
800 3194 983 3268 etdocent,
1007 3203 1041 3256 ut
1063 3215 1113 3276 po-

190 3278 281 3358 pulus
304 3276 403 3337 discat
424 3297 479 3357 per
497 3297 567 3337 aues
600 3279 816 3338 contritiones
826 3283 857 3336 et
889 3285 936 3336 sat
925 3240 1113 3339 tisfirctiones

192 3359 348 3421 confidere
371 3379 404 3420 se
426 3371 555 3440 peccata
577 3381 632 3421 sna
653 3379 746 3440 posse
769 3358 881 3419 delere.
906 3358 994 3433 Quae
1018 3363 1113 3422 vanis·

191 3444 269 3503 sime
291 3444 500 3524 praesumptio
523 3443 598 3519 nihil
620 3444 700 3503 eliud
723 3448 828 3523 potest
850 3440 993 3520 efficere,
1025 3464 1112 3524 quam

191 3532 225 3585 ut
237 3545 306 3585 cum
321 3525 569 3586 haemorrhoissa
581 3526 762 3608 evangelice
772 3524 808 3602 ⁴²)
824 3544 860 3584 ac
876 3524 905 3606 ¹)
931 3534 1114 3614 consumpte

263 3712 294 3781 ¹¹)
316 3714 399 3768 Marc.
425 3715 450 3769 5.

263 3785 293 3853 1)
312 3785 344 3838 In
363 3786 406 3839 ed.
425 3786 484 3838 Jen.
505 3784 596 3842 deest:
615 3800 656 3852 ec.
708 3834 711 3841 ,
