2356 4200
197 298 262 368 40ss
426 297 701 381 rumor-rme„
718 297 803 352 amr.
822 297 909 353 erra.

108 525 110 528 .
199 474 338 548 restrae,
360 475 394 528 et
414 473 579 548 antequam
608 487 668 530 uos
690 466 804 544 adiret,
831 467 990 529 voluitne
1011 468 1122 528 munire

197 555 288 617 salvo
310 551 480 630 conductu,
502 570 592 631 quem
617 551 656 612 ab
678 551 739 611 illis
761 551 921 630 Dominis,
951 549 1142 612 onerarere·

195 636 366 703 Maiestatis
389 634 597 711 consiliariis,
631 641 752 695 vestrae
773 634 1004 695 illustrissimae
1023 635 1121 696 Domi·

197 720 332 798 uatr'onis
353 717 464 778 intuitu
493 725 524 778 et
553 718 661 779 favore
688 719 870 798 impetravit
921 718 994 778 Non
1024 723 1121 778 tamen

197 802 365 883 sinascitu
379 820 461 879 meo,
480 801 647 864 noluerunt
668 803 750 862 euim
769 801 800 862 hi
811 801 940 862 Domini
957 800 1121 880 quidquam

196 886 241 947 illi
271 883 460 963 concedere,
494 886 554 945 nisi
589 905 640 945 me
671 885 875 965 permittente.
932 883 1054 959 Quibus
1081 902 1121 943 rs·

197 967 328 1050 spondi,
360 967 512 1029 Facereut
541 968 685 1047 quidquid
708 969 752 1027 eis
773 967 927 1047 placeret,
957 966 1121 1027 dummodo

196 1069 312 1113 nomen
334 1069 436 1111 meum
460 1069 523 1112 uon
545 1052 731 1110 misceretur.
764 1049 805 1109 llt
825 1049 877 1110 lric
897 1052 992 1130 coepi
1015 1050 1122 1129 mirari,

197 1152 268 1194 nam
292 1133 318 1193 si
347 1133 532 1194 excellentia
561 1140 666 1194 vestre
693 1135 724 1192 iu
754 1151 805 1213 me
833 1131 1034 1211 confidebat,
1064 1151 1122 1194 nou

198 1223 264 1277 erat
288 1235 365 1296 opus
389 1216 477 1276 salvo
502 1215 675 1293 conductu,
705 1217 730 1275 si
753 1235 816 1275 non
838 1215 1039 1295 confidebam
1065 1235 1123 1277 non

198 1304 265 1360 erat
286 1298 454 1361 mittendus
476 1297 515 1358 ad
537 1317 587 1358 me
609 1306 793 1395 uhpatrem.

283 1380 368 1441 Adiit
390 1380 504 1441 deinde
526 1399 585 1442 nos
606 1383 711 1443 Frater
732 1382 895 1459 Martinus,
916 1382 1055 1462 primum
1075 1400 1122 1443 ex·

198 1482 309 1526 curans
332 1481 366 1524 se
389 1483 481 1544 super
502 1465 719 1544 impetratione
741 1463 818 1524 salvi
839 1463 1016 1543 conductus
1036 1478 1131 1546 prop·¹

196 1546 432 1608 terinimicitias
457 1553 515 1608 etc.
538 1546 649 1608 deinde
665 1547 780 1625 diceus,
804 1548 991 1624 sevenisse,
1012 1556 1050 1610 at
1069 1567 1123 1611 nos

197 1628 335 1707 audiret,
365 1636 397 1690 et
424 1631 584 1691 veritatem
609 1650 627 1690 a
650 1631 739 1692 uobis
759 1631 895 1711 agnitam
918 1629 1123 1710 profiteremr.

196 1711 263 1773 Noe
284 1712 442 1772 homiuem
464 1713 665 1775 libentissime
688 1733 726 1774 ac
751 1713 976 1774 humanissime
1006 1716 1123 1796 excepi·

197 1814 275 1874 mua,
298 1801 488 1876 paterneque
510 1797 665 1875 complexi
687 1791 900 1857 sumus.'Dixi
921 1805 999 1858 ante
1012 1800 1123 1875 omnir.

197 1877 281 1958 quod
303 1879 473 1940 secundum
501 1879 632 1941 aolidem
657 1879 841 1960 Scripturam
871 1896 995 1941 sacram
1028 1887 1061 1942 at
1081 1899 1122 1942 sa

197 1978 266 2022 cros
288 1960 433 2022 Oenones
456 1963 693 2043 interrogandus
721 1968 821 2042 esset,
851 1968 883 2022 et
921 1963 1008 2042 quod
1038 1965 1065 2025 ai
1091 1982 1122 2025 sc

198 2048 402 2124 cognesceret
423 2051 455 2105 et
482 2044 522 2105 de
543 2053 647 2107 cetero
674 2055 803 2109 careret
829 2063 1062 2127 possemusque
1082 2066 1123 2107 re

197 2145 269 2187 eure
291 2126 442 2206 dormire,
471 2147 512 2188 ne
533 2135 737 2189 reverteretur
758 2128 798 2188 ad
820 2130 992 2207 vomitum,
1013 2131 1123 2195 mutuis

197 2228 433 2290 componerem,
481 2213 667 2271 sanctissimi
710 2212 832 2273 Domini
878 2214 977 2273 nostri
1022 2213 1121 2294 Papae

196 2291 310 2353 lreouis
332 2293 371 2354 X.
394 2295 569 2355 autoritate.

279 2375 408 2436 Ostendi
422 2375 533 2437 deinde
553 2378 721 2456 monuique
735 2383 871 2457 paterne,
895 2376 1120 2456 disputationes

196 2465 228 2520 et
249 2478 407 2520 sermones
422 2461 486 2519 eius
505 2479 573 2519 esse
590 2469 697 2520 contra
716 2459 919 2539 apostolicam
938 2460 1119 2539 doctrinam,

196 2542 330 2602 maxime
352 2542 669 2624 superludulgentiis‚
694 2542 1119 2625 citaviqueExtravagantem

197 2625 363 2686 Clementis
392 2626 442 2685 Vl.
473 2634 580 2705 aperte
612 2632 720 2687 eontra
745 2627 844 2705 ipsum
875 2633 1031 2706 stantem,
1063 2635 1118 2688 tarn

197 2729 288 2788 super
310 2728 413 2785 causa,
429 2727 519 2787 quarn
543 2707 654 2768 effectu
682 2708 954 2788 indulgentiarum.
999 2710 1119 2771 Adduxi

195 2798 359 2872 praeterea
380 2792 534 2869 antiquam
559 2799 589 2851 et
611 2811 805 2852 communem
827 2793 991 2852 Romanae
1028 2794 1120 2854 ecole-

197 2875 261 2933 siae
283 2874 546 2948 consuetudinem,
569 2892 608 2937 ac
628 2876 912 2957 interpretationem
945 2895 1042 2956 super
1064 2877 1119 2936 alio

197 2957 288 3017 etiarn
311 2958 439 3018 articulo
471 2957 509 3017 de
540 2956 601 3018 lide
623 2957 889 3018 sacramentorum
918 2962 1047 3039 aperui,
1074 2959 1118 3020 ad·

86 3091 91 3111 ,
196 3040 361 3118 monuique
398 3040 574 3120 opinionem
613 3042 677 3102 eius
713 3059 776 3103 nan
806 3059 876 3103 esse
905 3058 1036 3122 seuam,
1072 3041 1119 3103 scd

196 3124 356 3183 manifeste
379 3121 540 3184 dissentire
568 3142 587 3183 a
616 3143 704 3185 saera
726 3124 882 3204 Scriptura
913 3130 1058 3186 attacta
1077 3145 1120 3186 ec·

197 3205 309 3266 clasiae
331 3206 481 3286 doctriua,
505 3225 584 3287 quae
604 3207 648 3268 illi
671 3209 798 3269 omuino
825 3213 989 3291 repugnat.
1035 3209 1065 3269 Is
1086 3207 1119 3269 ad

196 3288 458 3370 Extravagantem
481 3290 596 3351 claram
619 3297 650 3351 et
672 3297 810 3372 apertam
826 3289 903 3350 dixit
917 3291 1030 3352 nescio
1054 3290 1120 3372 quid

196 3372 346 3432 relatione
369 3371 538 3453 indignum.
561 3379 592 3434 et
611 3376 700 3454 petiit
718 3375 798 3434 diem
822 3373 860 3433 ad
877 3372 1120 3435 deliberandum.

195 3455 424 3537 rediturumque
446 3475 480 3519 se
502 3456 683 3536 affirmavit,
719 3476 778 3538 ego
799 3457 885 3519 illum
908 3456 1071 3538 hortatus,
1093 3464 1120 3517 ut

195 3556 229 3601 se
252 3545 467 3619 cognosceret,
492 3539 601 3600 dimisi.

277 3620 440 3702 Rediitque
467 3622 632 3702 postridie‚
671 3643 733 3682 una
769 3642 838 3682 cum
868 3621 961 3684 Patre
998 3625 1118 3687 Vicario

195 3706 333 3784 generali
353 3708 602 3786 congregationis
617 3705 864 3783 observantium,
888 3707 1061 3788 multisque
1073 3709 1117 3768 sti-

190 3793 296 3876 patus.
339 3787 383 3853 Et
404 3808 476 3852 cum
495 3796 717 3872 exspectarem,
739 3794 772 3850 ut
794 3808 828 3850 se
850 3808 924 3850 vere
947 3796 1117 3872 agosceret
