<?xml version="1.0" encoding="UTF-8"?>
<!DOCTYPE html PUBLIC "-//W3C//DTD XHTML 1.0 Transitional//EN"
    "http://www.w3.org/TR/xhtml1/DTD/xhtml1-transitional.dtd">
<html xmlns="http://www.w3.org/1999/xhtml" xml:lang="en" lang="en">
 <head>
  <title>
</title>
<meta http-equiv="Content-Type" content="text/html;charset=utf-8" />
  <meta name='ocr-system' content='tesseract 3.04.00' />
  <meta name='ocr-capabilities' content='ocr_page ocr_carea ocr_par ocr_line ocrx_word'/>
</head>
<body>
  <div class='ocr_page' id='page_1' title='image "./dmartinilutheri01luthgoog_0377.png"; bbox 0 0 2356 4200; ppageno 0'>
   <div class='ocr_carea' id='block_1_1' title="bbox 171 271 696 354">
    <p class='ocr_par' dir='ltr' id='par_1_1' title="bbox 171 271 696 354">
     <span class='ocr_line' id='line_1_1' title="bbox 171 271 696 354; baseline 0.002 -18"><span class='ocrx_word' id='word_1_1' title='bbox 171 280 237 350; x_wconf 78' lang='grc'>374</span> <span class='ocrx_word' id='word_1_2' title='bbox 548 271 696 354; x_wconf 76' lang='lat' dir='ltr'>llldlogns</span> 
     </span>
    </p>
   </div>
   <div class='ocr_carea' id='block_1_2' title="bbox 161 452 1103 1282">
    <p class='ocr_par' dir='ltr' id='par_1_2' title="bbox 161 452 1103 1282">
     <span class='ocr_line' id='line_1_2' title="bbox 161 452 1100 534; baseline -0.004 -16"><span class='ocrx_word' id='word_1_3' title='bbox 161 455 286 518; x_wconf 69' lang='lat' dir='ltr'>&#39;omnes</span> <span class='ocrx_word' id='word_1_4' title='bbox 308 454 417 533; x_wconf 84' lang='lat' dir='ltr'>saneti,</span> <span class='ocrx_word' id='word_1_5' title='bbox 441 473 509 514; x_wconf 89' lang='lat' dir='ltr'>oum</span> <span class='ocrx_word' id='word_1_6' title='bbox 532 453 681 534; x_wconf 82' lang='lat' dir='ltr'>theologi,</span> <span class='ocrx_word' id='word_1_7' title='bbox 704 459 766 513; x_wconf 91' lang='lat' dir='ltr'>tum</span> <span class='ocrx_word' id='word_1_8' title='bbox 788 452 979 526; x_wconf 74' lang='lat' dir='ltr'>canonistas,</span> <span class='ocrx_word' id='word_1_9' title='bbox 1001 453 1033 513; x_wconf 90' lang='lat' dir='ltr'>in</span> <span class='ocrx_word' id='word_1_10' title='bbox 1049 471 1100 514; x_wconf 84' lang='lat' dir='ltr'>ve-</span> 
     </span>
     <span class='ocr_line' id='line_1_3' title="bbox 176 536 1100 619; baseline 0 -21"><span class='ocrx_word' id='word_1_11' title='bbox 176 540 294 599; x_wconf 87' lang='lat' dir='ltr'>niarum</span> <span class='ocrx_word' id='word_1_12' title='bbox 316 537 479 619; x_wconf 84' lang='lat' dir='ltr'>largitione</span> <span class='ocrx_word' id='word_1_13' title='bbox 501 556 624 597; x_wconf 86' lang='lat' dir='ltr'>oausam</span> <span class='ocrx_word' id='word_1_14' title='bbox 647 536 782 615; x_wconf 76' lang='lat' dir='ltr'>aliquam</span> <span class='ocrx_word' id='word_1_15' title='bbox 805 542 949 615; x_wconf 82' lang='lat' dir='ltr'>oportere</span> <span class='ocrx_word' id='word_1_16' title='bbox 968 538 1100 598; x_wconf 81' lang='lat' dir='ltr'>interre-</span> 
     </span>
     <span class='ocr_line' id='line_1_4' title="bbox 177 618 1100 701; baseline -0.003 -18"><span class='ocrx_word' id='word_1_17' title='bbox 177 622 260 701; x_wconf 89' lang='lat' dir='ltr'>nire,</span> <span class='ocrx_word' id='word_1_18' title='bbox 284 639 363 701; x_wconf 83' lang='lat' dir='ltr'>quae</span> <span class='ocrx_word' id='word_1_19' title='bbox 385 640 479 694; x_wconf 79' lang='lat' dir='ltr'>eausa</span> <span class='ocrx_word' id='word_1_20' title='bbox 501 626 562 698; x_wconf 90' lang='lat' dir='ltr'>est,</span> <span class='ocrx_word' id='word_1_21' title='bbox 590 618 733 700; x_wconf 91' lang='lat' dir='ltr'>quioquid</span> <span class='ocrx_word' id='word_1_22' title='bbox 756 620 856 679; x_wconf 86' lang='lat' dir='ltr'>estin</span> <span class='ocrx_word' id='word_1_23' title='bbox 877 619 935 679; x_wconf 89' lang='lat' dir='ltr'>Dei</span> <span class='ocrx_word' id='word_1_24' title='bbox 957 619 1100 701; x_wconf 82' lang='lat' dir='ltr'>gloriam,</span> 
     </span>
     <span class='ocr_line' id='line_1_5' title="bbox 176 701 1101 784; baseline 0 -20"><span class='ocrx_word' id='word_1_25' title='bbox 176 703 228 766; x_wconf 70' lang='lat' dir='ltr'>vel</span> <span class='ocrx_word' id='word_1_26' title='bbox 265 705 496 784; x_wconf 87' lang='lat' dir='ltr'>promotionem</span> <span class='ocrx_word' id='word_1_27' title='bbox 528 703 602 764; x_wconf 93' lang='lat' dir='ltr'>boni</span> <span class='ocrx_word' id='word_1_28' title='bbox 638 704 824 781; x_wconf 85' lang='lat' dir='ltr'>eommunis,</span> <span class='ocrx_word' id='word_1_29' title='bbox 857 709 888 763; x_wconf 90' lang='lat' dir='ltr'>et</span> <span class='ocrx_word' id='word_1_30' title='bbox 915 701 1101 764; x_wconf 86' lang='lat' dir='ltr'>huiusmodi.</span> 
     </span>
     <span class='ocr_line' id='line_1_6' title="bbox 177 786 1102 867; baseline 0 -20"><span class='ocrx_word' id='word_1_31' title='bbox 177 787 312 848; x_wconf 87' lang='lat' dir='ltr'>Potuerit</span> <span class='ocrx_word' id='word_1_32' title='bbox 345 806 419 867; x_wconf 87' lang='lat' dir='ltr'>ergo</span> <span class='ocrx_word' id='word_1_33' title='bbox 453 806 506 847; x_wconf 90' lang='lat' dir='ltr'>our</span> <span class='ocrx_word' id='word_1_34' title='bbox 534 805 616 867; x_wconf 88' lang='lat' dir='ltr'>papa</span> <span class='ocrx_word' id='word_1_35' title='bbox 643 786 851 867; x_wconf 86' lang='lat' dir='ltr'>purgatorium</span> <span class='ocrx_word' id='word_1_36' title='bbox 875 804 938 846; x_wconf 90' lang='lat' dir='ltr'>non</span> <span class='ocrx_word' id='word_1_37' title='bbox 962 792 1102 865; x_wconf 80' lang='lat' dir='ltr'>evacuet,</span> 
     </span>
     <span class='ocr_line' id='line_1_7' title="bbox 177 868 1100 952; baseline 0 -22"><span class='ocrx_word' id='word_1_38' title='bbox 177 871 248 951; x_wconf 89' lang='lat' dir='ltr'>quia</span> <span class='ocrx_word' id='word_1_39' title='bbox 281 868 425 930; x_wconf 86' lang='lat' dir='ltr'>videlieet</span> <span class='ocrx_word' id='word_1_40' title='bbox 446 890 508 931; x_wconf 93' lang='lat' dir='ltr'>non</span> <span class='ocrx_word' id='word_1_41' title='bbox 532 869 637 930; x_wconf 87' lang='lat' dir='ltr'>subest</span> <span class='ocrx_word' id='word_1_42' title='bbox 658 868 851 929; x_wconf 87' lang='lat' dir='ltr'>rationabilis</span> <span class='ocrx_word' id='word_1_43' title='bbox 879 886 973 952; x_wconf 84' lang='lat' dir='ltr'>eausa</span> <span class='ocrx_word' id='word_1_44' title='bbox 1000 869 1100 930; x_wconf 86' lang='lat' dir='ltr'>relax·</span> 
     </span>
     <span class='ocr_line' id='line_1_8' title="bbox 177 950 1100 1032; baseline -0.001 -19"><span class='ocrx_word' id='word_1_45' title='bbox 177 952 248 1014; x_wconf 87' lang='lat' dir='ltr'>andi</span> <span class='ocrx_word' id='word_1_46' title='bbox 278 951 413 1032; x_wconf 89' lang='lat' dir='ltr'>rigorem</span> <span class='ocrx_word' id='word_1_47' title='bbox 445 954 580 1013; x_wconf 88' lang='lat' dir='ltr'>iustitiae</span> <span class='ocrx_word' id='word_1_48' title='bbox 608 952 731 1012; x_wconf 87' lang='lat' dir='ltr'>divinae</span> <span class='ocrx_word' id='word_1_49' title='bbox 759 952 790 1010; x_wconf 91' lang='lat' dir='ltr'>in</span> <span class='ocrx_word' id='word_1_50' title='bbox 818 950 961 1011; x_wconf 90' lang='lat' dir='ltr'>omnibus</span> <span class='ocrx_word' id='word_1_51' title='bbox 983 953 1100 1012; x_wconf 88' lang='lat' dir='ltr'>anima-</span> 
     </span>
     <span class='ocr_line' id='line_1_9' title="bbox 177 1034 1102 1117; baseline -0.002 -20"><span class='ocrx_word' id='word_1_52' title='bbox 177 1036 234 1097; x_wconf 88' lang='lat' dir='ltr'>bus</span> <span class='ocrx_word' id='word_1_53' title='bbox 267 1036 444 1117; x_wconf 88' lang='lat' dir='ltr'>purgatorii.</span> <span class='ocrx_word' id='word_1_54' title='bbox 499 1034 587 1110; x_wconf 77' lang='lat' dir='ltr'>Quae</span> <span class='ocrx_word' id='word_1_55' title='bbox 620 1037 645 1094; x_wconf 92' lang='lat' dir='ltr'>si</span> <span class='ocrx_word' id='word_1_56' title='bbox 676 1034 832 1113; x_wconf 83' lang='lat' dir='ltr'>subesset,</span> <span class='ocrx_word' id='word_1_57' title='bbox 860 1035 964 1113; x_wconf 91' lang='lat' dir='ltr'>utique</span> <span class='ocrx_word' id='word_1_58' title='bbox 992 1040 1102 1115; x_wconf 90' lang='lat' dir='ltr'>posset</span> 
     </span>
     <span class='ocr_line' id='line_1_10' title="bbox 175 1115 1103 1220; baseline 0.001 -42"><span class='ocrx_word' id='word_1_59' title='bbox 175 1116 251 1179; x_wconf 86' lang='lat' dir='ltr'>illud</span> <span class='ocrx_word' id='word_1_60' title='bbox 280 1137 446 1197; x_wconf 80' lang='lat' dir='ltr'>evacuare,</span> <span class='ocrx_word' id='word_1_61' title='bbox 477 1125 551 1199; x_wconf 91' lang='lat' dir='ltr'>puta</span> <span class='ocrx_word' id='word_1_62' title='bbox 580 1120 604 1177; x_wconf 91' lang='lat' dir='ltr'>si</span> <span class='ocrx_word' id='word_1_63' title='bbox 633 1118 756 1178; x_wconf 88' lang='lat' dir='ltr'>daretur</span> <span class='ocrx_word' id='word_1_64' title='bbox 781 1117 874 1196; x_wconf 87' lang='lat' dir='ltr'>plena</span> <span class='ocrx_word' id='word_1_65' title='bbox 899 1115 1103 1220; x_wconf 60' lang='lat' dir='ltr'>indulgentia,</span> 
     </span>
     <span class='ocr_line' id='line_1_11' title="bbox 176 1199 1102 1282; baseline -0.003 -20"><span class='ocrx_word' id='word_1_66' title='bbox 176 1201 269 1262; x_wconf 86' lang='lat' dir='ltr'>etiam</span> <span class='ocrx_word' id='word_1_67' title='bbox 298 1199 449 1262; x_wconf 80' lang='lat' dir='ltr'>defunctis</span> <span class='ocrx_word' id='word_1_68' title='bbox 476 1201 704 1282; x_wconf 86' lang='lat' dir='ltr'>porrigentibus</span> <span class='ocrx_word' id='word_1_69' title='bbox 733 1199 897 1260; x_wconf 87' lang='lat' dir='ltr'>adiutrioes</span> <span class='ocrx_word' id='word_1_70' title='bbox 931 1200 1102 1260; x_wconf 81' lang='lat' dir='ltr'>manased</span> 
     </span>
    </p>
   </div>
   <div class='ocr_carea' id='block_1_3' title="bbox 61 1282 1102 1380">
    <p class='ocr_par' dir='ltr' id='par_1_3' title="bbox 61 1282 1102 1380">
     <span class='ocr_line' id='line_1_12' title="bbox 61 1282 1102 1380; baseline 0.004 -38"><span class='ocrx_word' id='word_1_71' title='bbox 61 1288 63 1292; x_wconf 79' lang='grc'>’</span> <span class='ocrx_word' id='word_1_72' title='bbox 178 1282 408 1380; x_wconf 76' lang='lat' dir='ltr'>expeditionem</span> <span class='ocrx_word' id='word_1_73' title='bbox 430 1285 461 1343; x_wconf 94' lang='lat' dir='ltr'>in</span> <span class='ocrx_word' id='word_1_74' title='bbox 483 1285 613 1363; x_wconf 88' lang='lat' dir='ltr'>Turoas,</span> <span class='ocrx_word' id='word_1_75' title='bbox 637 1291 668 1344; x_wconf 91' lang='lat' dir='ltr'>et</span> <span class='ocrx_word' id='word_1_76' title='bbox 691 1282 846 1362; x_wconf 89' lang='lat' dir='ltr'>quaelibet</span> <span class='ocrx_word' id='word_1_77' title='bbox 867 1283 971 1344; x_wconf 87' lang='lat' dir='ltr'>anima</span> <span class='ocrx_word' id='word_1_78' title='bbox 991 1301 1102 1364; x_wconf 84' lang='lat' dir='ltr'>purgu-</span> 
     </span>
    </p>
   </div>
   <div class='ocr_carea' id='block_1_4' title="bbox 138 1365 1110 3851">
    <p class='ocr_par' dir='ltr' id='par_1_4' title="bbox 177 1365 1104 1943">
     <span class='ocr_line' id='line_1_13' title="bbox 177 1365 1102 1446; baseline -0.001 -19"><span class='ocrx_word' id='word_1_79' title='bbox 177 1374 247 1428; x_wconf 89' lang='lat' dir='ltr'>torn</span> <span class='ocrx_word' id='word_1_80' title='bbox 269 1367 402 1427; x_wconf 81' lang='lat' dir='ltr'>amioum</span> <span class='ocrx_word' id='word_1_81' title='bbox 423 1366 568 1443; x_wconf 87' lang='lat' dir='ltr'>haberet,</span> <span class='ocrx_word' id='word_1_82' title='bbox 597 1366 653 1428; x_wconf 92' lang='lat' dir='ltr'>sibi</span> <span class='ocrx_word' id='word_1_83' title='bbox 676 1365 779 1427; x_wconf 87' lang='lat' dir='ltr'>debite</span> <span class='ocrx_word' id='word_1_84' title='bbox 804 1372 835 1426; x_wconf 92' lang='lat' dir='ltr'>et</span> <span class='ocrx_word' id='word_1_85' title='bbox 856 1365 1012 1446; x_wconf 74' lang='lat' dir='ltr'>complete</span> <span class='ocrx_word' id='word_1_86' title='bbox 1041 1367 1102 1426; x_wconf 87' lang='lat' dir='ltr'>suf-</span> 
     </span>
     <span class='ocr_line' id='line_1_14' title="bbox 177 1448 1103 1531; baseline -0.001 -21"><span class='ocrx_word' id='word_1_87' title='bbox 177 1450 358 1531; x_wconf 76' lang='lat' dir='ltr'>fragantem.</span> <span class='ocrx_word' id='word_1_88' title='bbox 409 1449 527 1510; x_wconf 79' lang='lat' dir='ltr'>Caritas</span> <span class='ocrx_word' id='word_1_89' title='bbox 551 1457 654 1510; x_wconf 86' lang='lat' dir='ltr'>autem</span> <span class='ocrx_word' id='word_1_90' title='bbox 677 1448 831 1529; x_wconf 82' lang='lat' dir='ltr'>pontificis</span> <span class='ocrx_word' id='word_1_91' title='bbox 866 1455 898 1509; x_wconf 90' lang='lat' dir='ltr'>et</span> <span class='ocrx_word' id='word_1_92' title='bbox 931 1449 1103 1509; x_wconf 81' lang='lat' dir='ltr'>nenessitas</span> 
     </span>
     <span class='ocr_line' id='line_1_15' title="bbox 179 1531 1103 1594; baseline -0.002 -1"><span class='ocrx_word' id='word_1_93' title='bbox 179 1532 348 1593; x_wconf 90' lang='lat' dir='ltr'>animarum</span> <span class='ocrx_word' id='word_1_94' title='bbox 375 1551 438 1594; x_wconf 90' lang='lat' dir='ltr'>non</span> <span class='ocrx_word' id='word_1_95' title='bbox 469 1540 516 1593; x_wconf 88' lang='lat' dir='ltr'>est</span> <span class='ocrx_word' id='word_1_96' title='bbox 537 1534 615 1594; x_wconf 88' lang='lat' dir='ltr'>ratio</span> <span class='ocrx_word' id='word_1_97' title='bbox 638 1531 749 1593; x_wconf 83' lang='lat' dir='ltr'>efficax</span> <span class='ocrx_word' id='word_1_98' title='bbox 771 1533 816 1592; x_wconf 84' lang='lat' dir='ltr'>sie</span> <span class='ocrx_word' id='word_1_99' title='bbox 836 1531 997 1592; x_wconf 87' lang='lat' dir='ltr'>relaxandi</span> <span class='ocrx_word' id='word_1_100' title='bbox 1018 1531 1103 1592; x_wconf 87' lang='lat' dir='ltr'>insti-</span> 
     </span>
     <span class='ocr_line' id='line_1_16' title="bbox 179 1613 1104 1695; baseline -0.001 -19"><span class='ocrx_word' id='word_1_101' title='bbox 179 1615 250 1676; x_wconf 86' lang='lat' dir='ltr'>tiam</span> <span class='ocrx_word' id='word_1_102' title='bbox 274 1613 418 1695; x_wconf 86' lang='lat' dir='ltr'>divinam,</span> <span class='ocrx_word' id='word_1_103' title='bbox 442 1634 532 1694; x_wconf 89' lang='lat' dir='ltr'>quam</span> <span class='ocrx_word' id='word_1_104' title='bbox 550 1616 634 1676; x_wconf 90' lang='lat' dir='ltr'>Deus</span> <span class='ocrx_word' id='word_1_105' title='bbox 656 1615 725 1676; x_wconf 90' lang='lat' dir='ltr'>talis</span> <span class='ocrx_word' id='word_1_106' title='bbox 744 1615 936 1676; x_wconf 82' lang='lat' dir='ltr'>necessitatis</span> <span class='ocrx_word' id='word_1_107' title='bbox 958 1615 1104 1676; x_wconf 84' lang='lat' dir='ltr'>oonsoius</span> 
     </span>
     <span class='ocr_line' id='line_1_17' title="bbox 179 1697 1101 1759; baseline -0.001 -1"><span class='ocrx_word' id='word_1_108' title='bbox 179 1703 211 1758; x_wconf 89' lang='lat' dir='ltr'>et</span> <span class='ocrx_word' id='word_1_109' title='bbox 246 1697 384 1758; x_wconf 86' lang='lat' dir='ltr'>infinitae</span> <span class='ocrx_word' id='word_1_110' title='bbox 418 1699 553 1759; x_wconf 80' lang='lat' dir='ltr'>caritatis</span> <span class='ocrx_word' id='word_1_111' title='bbox 588 1716 626 1758; x_wconf 88' lang='lat' dir='ltr'>ao</span> <span class='ocrx_word' id='word_1_112' title='bbox 664 1697 893 1758; x_wconf 80' lang='lat' dir='ltr'>misericordiae</span> <span class='ocrx_word' id='word_1_113' title='bbox 921 1698 1101 1758; x_wconf 78' lang='lat' dir='ltr'>&#39;visceribus</span> 
     </span>
     <span class='ocr_line' id='line_1_18' title="bbox 178 1780 1103 1860; baseline -0.001 -19"><span class='ocrx_word' id='word_1_114' title='bbox 178 1781 288 1860; x_wconf 90' lang='lat' dir='ltr'>plenus</span> <span class='ocrx_word' id='word_1_115' title='bbox 317 1782 420 1841; x_wconf 82' lang='lat' dir='ltr'>sanxit</span> <span class='ocrx_word' id='word_1_116' title='bbox 451 1788 481 1841; x_wconf 90' lang='lat' dir='ltr'>et</span> <span class='ocrx_word' id='word_1_117' title='bbox 508 1781 726 1843; x_wconf 89' lang='lat' dir='ltr'>inviolabiliter</span> <span class='ocrx_word' id='word_1_118' title='bbox 753 1787 863 1841; x_wconf 89' lang='lat' dir='ltr'>servat.</span> <span class='ocrx_word' id='word_1_119' title='bbox 913 1780 982 1859; x_wconf 85' lang='lat' dir='ltr'>Age</span> <span class='ocrx_word' id='word_1_120' title='bbox 1011 1797 1103 1859; x_wconf 82' lang='lat' dir='ltr'>nuno,</span> 
     </span>
     <span class='ocr_line' id='line_1_19' title="bbox 179 1862 815 1943; baseline 0.003 -20"><span class='ocrx_word' id='word_1_121' title='bbox 179 1862 319 1942; x_wconf 79' lang='lat' dir='ltr'>Martine,</span> <span class='ocrx_word' id='word_1_122' title='bbox 342 1864 456 1924; x_wconf 86' lang='lat' dir='ltr'>etalio</span> <span class='ocrx_word' id='word_1_123' title='bbox 477 1865 616 1943; x_wconf 86' lang='lat' dir='ltr'>quaesita</span> <span class='ocrx_word' id='word_1_124' title='bbox 637 1863 815 1942; x_wconf 77' lang='lat' dir='ltr'>multiplica.</span> 
     </span>
    </p>

    <p class='ocr_par' dir='ltr' id='par_1_5' title="bbox 177 1944 1110 2275">
     <span class='ocr_line' id='line_1_20' title="bbox 199 1944 1103 2030; baseline -0.004 -20"><span class='ocrx_word' id='word_1_125' title='bbox 199 1960 203 1966; x_wconf 81' lang='grc'><em>“</em></span> <span class='ocrx_word' id='word_1_126' title='bbox 263 1944 321 2030; x_wconf 87' lang='grc'>83)</span> <span class='ocrx_word' id='word_1_127' title='bbox 345 1947 433 2006; x_wconf 81' lang='lat' dir='ltr'>Mart.</span> <span class='ocrx_word' id='word_1_128' title='bbox 456 1945 517 2006; x_wconf 84' lang='lat' dir='ltr'>Gur</span> <span class='ocrx_word' id='word_1_129' title='bbox 537 1953 720 2026; x_wconf 82' lang='lat' dir='ltr'>permanent</span> <span class='ocrx_word' id='word_1_130' title='bbox 733 1947 900 2025; x_wconf 86' lang='lat' dir='ltr'>exsequiae</span> <span class='ocrx_word' id='word_1_131' title='bbox 918 1952 948 2007; x_wconf 85' lang='lat' dir='ltr'>et</span> <span class='ocrx_word' id='word_1_132' title='bbox 962 1947 1103 2006; x_wconf 85' lang='lat' dir='ltr'>anniver-</span> 
     </span>
     <span class='ocr_line' id='line_1_21' title="bbox 180 2028 1105 2108; baseline 0 -19"><span class='ocrx_word' id='word_1_133' title='bbox 180 2029 262 2090; x_wconf 85' lang='lat' dir='ltr'>saria</span> <span class='ocrx_word' id='word_1_134' title='bbox 284 2028 507 2106; x_wconf 77' lang='lat' dir='ltr'>defunctorum,</span> <span class='ocrx_word' id='word_1_135' title='bbox 531 2036 562 2089; x_wconf 89' lang='lat' dir='ltr'>et</span> <span class='ocrx_word' id='word_1_136' title='bbox 583 2049 645 2089; x_wconf 93' lang='lat' dir='ltr'>non</span> <span class='ocrx_word' id='word_1_137' title='bbox 667 2029 769 2090; x_wconf 87' lang='lat' dir='ltr'>reddit</span> <span class='ocrx_word' id='word_1_138' title='bbox 784 2036 836 2089; x_wconf 86' lang='lat' dir='ltr'>aut</span> <span class='ocrx_word' id='word_1_139' title='bbox 847 2029 943 2108; x_wconf 81' lang='lat' dir='ltr'>recipi</span> <span class='ocrx_word' id='word_1_140' title='bbox 955 2029 1105 2108; x_wconf 87' lang='lat' dir='ltr'>permittit</span> 
     </span>
     <span class='ocr_line' id='line_1_22' title="bbox 177 2111 1110 2192; baseline 0 -19"><span class='ocrx_word' id='word_1_141' title='bbox 177 2111 329 2173; x_wconf 86' lang='lat' dir='ltr'>beneficia</span> <span class='ocrx_word' id='word_1_142' title='bbox 350 2130 409 2192; x_wconf 92' lang='lat' dir='ltr'>pro</span> <span class='ocrx_word' id='word_1_143' title='bbox 432 2112 490 2172; x_wconf 91' lang='lat' dir='ltr'>illis</span> <span class='ocrx_word' id='word_1_144' title='bbox 514 2113 663 2190; x_wconf 87' lang='lat' dir='ltr'>instituto,</span> <span class='ocrx_word' id='word_1_145' title='bbox 686 2131 753 2172; x_wconf 91' lang='lat' dir='ltr'>oum</span> <span class='ocrx_word' id='word_1_146' title='bbox 773 2113 834 2172; x_wconf 88' lang='lat' dir='ltr'>iam</span> <span class='ocrx_word' id='word_1_147' title='bbox 858 2113 897 2172; x_wconf 88' lang='lat' dir='ltr'>sit</span> <span class='ocrx_word' id='word_1_148' title='bbox 917 2112 1028 2172; x_wconf 87' lang='lat' dir='ltr'>iniuria</span> <span class='ocrx_word' id='word_1_149' title='bbox 1044 2123 1110 2191; x_wconf 74' lang='lat' dir='ltr'>pro·</span> 
     </span>
     <span class='ocr_line' id='line_1_23' title="bbox 177 2194 468 2275; baseline 0.007 -20"><span class='ocrx_word' id='word_1_150' title='bbox 177 2194 343 2275; x_wconf 90' lang='lat' dir='ltr'>redemptis</span> <span class='ocrx_word' id='word_1_151' title='bbox 372 2214 468 2257; x_wconf 87' lang='lat' dir='ltr'>orare.</span> 
     </span>
    </p>

    <p class='ocr_par' dir='ltr' id='par_1_6' title="bbox 138 2276 1105 3417">
     <span class='ocr_line' id='line_1_24' title="bbox 264 2276 1104 2356; baseline -0.001 -18"><span class='ocrx_word' id='word_1_152' title='bbox 264 2277 318 2339; x_wconf 82' lang='lat' dir='ltr'>Sil.</span> <span class='ocrx_word' id='word_1_153' title='bbox 345 2278 432 2338; x_wconf 88' lang='lat' dir='ltr'>Duae</span> <span class='ocrx_word' id='word_1_154' title='bbox 461 2278 549 2338; x_wconf 89' lang='lat' dir='ltr'>huius</span> <span class='ocrx_word' id='word_1_155' title='bbox 579 2297 691 2338; x_wconf 84' lang='lat' dir='ltr'>causae</span> <span class='ocrx_word' id='word_1_156' title='bbox 719 2283 798 2338; x_wconf 90' lang='lat' dir='ltr'>sunt.</span> <span class='ocrx_word' id='word_1_157' title='bbox 845 2277 947 2338; x_wconf 87' lang='lat' dir='ltr'>Prima</span> <span class='ocrx_word' id='word_1_158' title='bbox 969 2276 1104 2356; x_wconf 90' lang='lat' dir='ltr'>quidem,</span> 
     </span>
     <span class='ocr_line' id='line_1_25' title="bbox 182 2358 1104 2441; baseline 0 -21"><span class='ocrx_word' id='word_1_159' title='bbox 182 2359 264 2441; x_wconf 86' lang='lat' dir='ltr'>qnod</span> <span class='ocrx_word' id='word_1_160' title='bbox 286 2361 435 2421; x_wconf 82' lang='lat' dir='ltr'>incertum</span> <span class='ocrx_word' id='word_1_161' title='bbox 458 2361 512 2438; x_wconf 88' lang='lat' dir='ltr'>sit,</span> <span class='ocrx_word' id='word_1_162' title='bbox 535 2379 575 2420; x_wconf 86' lang='lat' dir='ltr'>an</span> <span class='ocrx_word' id='word_1_163' title='bbox 597 2362 638 2438; x_wconf 88' lang='lat' dir='ltr'>ia,</span> <span class='ocrx_word' id='word_1_164' title='bbox 669 2363 720 2440; x_wconf 91' lang='lat' dir='ltr'>qui</span> <span class='ocrx_word' id='word_1_165' title='bbox 741 2361 870 2441; x_wconf 91' lang='lat' dir='ltr'>porrigit</span> <span class='ocrx_word' id='word_1_166' title='bbox 892 2378 999 2420; x_wconf 89' lang='lat' dir='ltr'>manus</span> <span class='ocrx_word' id='word_1_167' title='bbox 1020 2358 1104 2420; x_wconf 87' lang='lat' dir='ltr'>odiu-</span> 
     </span>
     <span class='ocr_line' id='line_1_26' title="bbox 181 2441 1104 2524; baseline -0.001 -20"><span class='ocrx_word' id='word_1_168' title='bbox 181 2443 289 2520; x_wconf 84' lang='lat' dir='ltr'>trioes,</span> <span class='ocrx_word' id='word_1_169' title='bbox 311 2450 345 2506; x_wconf 92' lang='lat' dir='ltr'>ut</span> <span class='ocrx_word' id='word_1_170' title='bbox 366 2444 488 2503; x_wconf 86' lang='lat' dir='ltr'>animae</span> <span class='ocrx_word' id='word_1_171' title='bbox 509 2445 640 2524; x_wconf 89' lang='lat' dir='ltr'>enipiam</span> <span class='ocrx_word' id='word_1_172' title='bbox 663 2445 789 2523; x_wconf 86' lang='lat' dir='ltr'>plenam</span> <span class='ocrx_word' id='word_1_173' title='bbox 810 2443 930 2503; x_wconf 87' lang='lat' dir='ltr'>veniam</span> <span class='ocrx_word' id='word_1_174' title='bbox 955 2441 1104 2519; x_wconf 83' lang='lat' dir='ltr'>obtineat,</span> 
     </span>
     <span class='ocr_line' id='line_1_27' title="bbox 181 2524 1104 2606; baseline 0.001 -21"><span class='ocrx_word' id='word_1_175' title='bbox 181 2525 349 2586; x_wconf 85' lang='lat' dir='ltr'>seeundum</span> <span class='ocrx_word' id='word_1_176' title='bbox 371 2526 527 2606; x_wconf 89' lang='lat' dir='ltr'>propriam</span> <span class='ocrx_word' id='word_1_177' title='bbox 549 2527 725 2587; x_wconf 80' lang='lat' dir='ltr'>laenitatem</span> <span class='ocrx_word' id='word_1_178' title='bbox 747 2525 928 2606; x_wconf 81' lang='lat' dir='ltr'>porrexerit,</span> <span class='ocrx_word' id='word_1_179' title='bbox 951 2524 1033 2604; x_wconf 90' lang='lat' dir='ltr'>quod</span> <span class='ocrx_word' id='word_1_180' title='bbox 1052 2544 1104 2586; x_wconf 90' lang='lat' dir='ltr'>ne·</span> 
     </span>
     <span class='ocr_line' id='line_1_28' title="bbox 181 2608 1104 2689; baseline -0.002 -20"><span class='ocrx_word' id='word_1_181' title='bbox 181 2619 270 2670; x_wconf 82' lang='lat' dir='ltr'>e&#39;esse</span> <span class='ocrx_word' id='word_1_182' title='bbox 292 2616 355 2687; x_wconf 81' lang='lat' dir='ltr'>est3</span> <span class='ocrx_word' id='word_1_183' title='bbox 376 2615 480 2689; x_wconf 86' lang='lat' dir='ltr'>potest</span> <span class='ocrx_word' id='word_1_184' title='bbox 502 2611 583 2668; x_wconf 91' lang='lat' dir='ltr'>enim</span> <span class='ocrx_word' id='word_1_185' title='bbox 605 2610 772 2688; x_wconf 89' lang='lat' dir='ltr'>aliquando</span> <span class='ocrx_word' id='word_1_186' title='bbox 794 2609 955 2689; x_wconf 88' lang='lat' dir='ltr'>porrigere</span> <span class='ocrx_word' id='word_1_187' title='bbox 975 2608 1104 2668; x_wconf 90' lang='lat' dir='ltr'>nimium</span> 
     </span>
     <span class='ocr_line' id='line_1_29' title="bbox 180 2691 1103 2772; baseline -0.001 -20"><span class='ocrx_word' id='word_1_188' title='bbox 180 2710 284 2772; x_wconf 83' lang='lat' dir='ltr'>poree,</span> <span class='ocrx_word' id='word_1_189' title='bbox 307 2711 369 2771; x_wconf 90' lang='lat' dir='ltr'>quo</span> <span class='ocrx_word' id='word_1_190' title='bbox 392 2709 465 2751; x_wconf 88' lang='lat' dir='ltr'>oasu</span> <span class='ocrx_word' id='word_1_191' title='bbox 487 2693 593 2754; x_wconf 87' lang='lat' dir='ltr'>anima</span> <span class='ocrx_word' id='word_1_192' title='bbox 613 2712 676 2754; x_wconf 90' lang='lat' dir='ltr'>non</span> <span class='ocrx_word' id='word_1_193' title='bbox 690 2692 863 2770; x_wconf 85' lang='lat' dir='ltr'>assequitur</span> <span class='ocrx_word' id='word_1_194' title='bbox 878 2691 1103 2772; x_wconf 88' lang='lat' dir='ltr'>indulgentiam</span> 
     </span>
     <span class='ocr_line' id='line_1_30' title="bbox 180 2773 1104 2855; baseline -0.001 -20"><span class='ocrx_word' id='word_1_195' title='bbox 180 2774 316 2855; x_wconf 86' lang='lat' dir='ltr'>plenem,</span> <span class='ocrx_word' id='word_1_196' title='bbox 339 2774 394 2835; x_wconf 90' lang='lat' dir='ltr'>sed</span> <span class='ocrx_word' id='word_1_197' title='bbox 417 2773 584 2834; x_wconf 85' lang='lat' dir='ltr'>seeundum</span> <span class='ocrx_word' id='word_1_198' title='bbox 605 2777 837 2855; x_wconf 89' lang='lat' dir='ltr'>proportionem</span> <span class='ocrx_word' id='word_1_199' title='bbox 862 2774 989 2835; x_wconf 85' lang='lat' dir='ltr'>exhibiti</span> <span class='ocrx_word' id='word_1_200' title='bbox 1010 2773 1049 2835; x_wconf 88' lang='lat' dir='ltr'>ad</span> <span class='ocrx_word' id='word_1_201' title='bbox 1072 2773 1104 2834; x_wconf 92' lang='lat' dir='ltr'>id</span> 
     </span>
     <span class='ocr_line' id='line_1_31' title="bbox 181 2857 1105 2937; baseline 0 -21"><span class='ocrx_word' id='word_1_202' title='bbox 181 2863 296 2936; x_wconf 87' lang='lat' dir='ltr'>totum,</span> <span class='ocrx_word' id='word_1_203' title='bbox 325 2857 408 2937; x_wconf 92' lang='lat' dir='ltr'>quod</span> <span class='ocrx_word' id='word_1_204' title='bbox 436 2857 536 2918; x_wconf 85' lang='lat' dir='ltr'>iuerat</span> <span class='ocrx_word' id='word_1_205' title='bbox 563 2858 786 2937; x_wconf 89' lang='lat' dir='ltr'>exhibendum,</span> <span class='ocrx_word' id='word_1_206' title='bbox 823 2864 855 2917; x_wconf 89' lang='lat' dir='ltr'>ut</span> <span class='ocrx_word' id='word_1_207' title='bbox 883 2857 988 2918; x_wconf 90' lang='lat' dir='ltr'>doouit</span> <span class='ocrx_word' id='word_1_208' title='bbox 1015 2857 1105 2918; x_wconf 89' lang='lat' dir='ltr'>divus</span> 
     </span>
     <span class='ocr_line' id='line_1_32' title="bbox 180 2939 1105 3022; baseline 0.001 -23"><span class='ocrx_word' id='word_1_209' title='bbox 180 2939 325 3000; x_wconf 82' lang='lat' dir='ltr'>Thomas.</span> <span class='ocrx_word' id='word_1_210' title='bbox 369 2939 441 3000; x_wconf 84' lang='lat' dir='ltr'>Alia</span> <span class='ocrx_word' id='word_1_211' title='bbox 462 2960 535 3002; x_wconf 91' lang='lat' dir='ltr'>vero</span> <span class='ocrx_word' id='word_1_212' title='bbox 559 2948 736 3018; x_wconf 83' lang='lat' dir='ltr'>causaest,</span> <span class='ocrx_word' id='word_1_213' title='bbox 759 2941 850 3020; x_wconf 88' lang='lat' dir='ltr'>quia,</span> <span class='ocrx_word' id='word_1_214' title='bbox 878 2941 936 3001; x_wconf 90' lang='lat' dir='ltr'>etsi</span> <span class='ocrx_word' id='word_1_215' title='bbox 958 2939 1105 3022; x_wconf 83' lang='lat' dir='ltr'>suffragia</span> 
     </span>
     <span class='ocr_line' id='line_1_33' title="bbox 181 3022 1104 3104; baseline 0 -22"><span class='ocrx_word' id='word_1_216' title='bbox 181 3040 245 3083; x_wconf 89' lang='lat' dir='ltr'>nou</span> <span class='ocrx_word' id='word_1_217' title='bbox 266 3023 387 3104; x_wconf 88' lang='lat' dir='ltr'>prosint</span> <span class='ocrx_word' id='word_1_218' title='bbox 407 3025 468 3082; x_wconf 88' lang='lat' dir='ltr'>iam</span> <span class='ocrx_word' id='word_1_219' title='bbox 490 3022 672 3104; x_wconf 90' lang='lat' dir='ltr'>redemptis,</span> <span class='ocrx_word' id='word_1_220' title='bbox 690 3024 757 3084; x_wconf 91' lang='lat' dir='ltr'>aliis</span> <span class='ocrx_word' id='word_1_221' title='bbox 780 3030 882 3083; x_wconf 87' lang='lat' dir='ltr'>tanren</span> <span class='ocrx_word' id='word_1_222' title='bbox 905 3029 1050 3103; x_wconf 87' lang='lat' dir='ltr'>prosunt,</span> <span class='ocrx_word' id='word_1_223' title='bbox 1073 3029 1104 3082; x_wconf 92' lang='lat' dir='ltr'>et</span> 
     </span>
     <span class='ocr_line' id='line_1_34' title="bbox 179 3103 1105 3187; baseline 0.002 -23"><span class='ocrx_word' id='word_1_224' title='bbox 179 3103 243 3166; x_wconf 89' lang='lat' dir='ltr'>hoo</span> <span class='ocrx_word' id='word_1_225' title='bbox 264 3106 366 3186; x_wconf 90' lang='lat' dir='ltr'>ipsum</span> <span class='ocrx_word' id='word_1_226' title='bbox 388 3106 523 3166; x_wconf 90' lang='lat' dir='ltr'>morituri</span> <span class='ocrx_word' id='word_1_227' title='bbox 546 3106 755 3184; x_wconf 85' lang='lat' dir='ltr'>intendebant,</span> <span class='ocrx_word' id='word_1_228' title='bbox 777 3106 829 3187; x_wconf 90' lang='lat' dir='ltr'>qui</span> <span class='ocrx_word' id='word_1_229' title='bbox 850 3105 907 3166; x_wconf 90' lang='lat' dir='ltr'>sibi</span> <span class='ocrx_word' id='word_1_230' title='bbox 930 3107 1105 3166; x_wconf 85' lang='lat' dir='ltr'>anniversa·</span> 
     </span>
     <span class='ocr_line' id='line_1_35' title="bbox 179 3187 1103 3268; baseline 0.001 -21"><span class='ocrx_word' id='word_1_231' title='bbox 179 3187 225 3247; x_wconf 86' lang='lat' dir='ltr'>ria</span> <span class='ocrx_word' id='word_1_232' title='bbox 236 3195 387 3268; x_wconf 87' lang='lat' dir='ltr'>perpetua</span> <span class='ocrx_word' id='word_1_233' title='bbox 406 3188 594 3268; x_wconf 85' lang='lat' dir='ltr'>ordinarunt,</span> <span class='ocrx_word' id='word_1_234' title='bbox 612 3210 680 3250; x_wconf 91' lang='lat' dir='ltr'>eum</span> <span class='ocrx_word' id='word_1_235' title='bbox 698 3209 761 3251; x_wconf 90' lang='lat' dir='ltr'>non</span> <span class='ocrx_word' id='word_1_236' title='bbox 776 3189 815 3249; x_wconf 93' lang='lat' dir='ltr'>sit</span> <span class='ocrx_word' id='word_1_237' title='bbox 830 3188 1006 3268; x_wconf 89' lang='lat' dir='ltr'>verisimile,</span> <span class='ocrx_word' id='word_1_238' title='bbox 1020 3187 1103 3268; x_wconf 92' lang='lat' dir='ltr'>quod</span> 
     </span>
     <span class='ocr_line' id='line_1_36' title="bbox 138 3270 1104 3355; baseline 0 -25"><span class='ocrx_word' id='word_1_239' title='bbox 138 3284 142 3291; x_wconf 73' lang='grc'><em>“</em></span> <span class='ocrx_word' id='word_1_240' title='bbox 181 3270 343 3332; x_wconf 76' lang='lat' dir='ltr'>crederent</span> <span class='ocrx_word' id='word_1_241' title='bbox 364 3291 398 3332; x_wconf 89' lang='lat' dir='ltr'>se</span> <span class='ocrx_word' id='word_1_242' title='bbox 419 3273 450 3331; x_wconf 88' lang='lat' dir='ltr'>in</span> <span class='ocrx_word' id='word_1_243' title='bbox 472 3273 650 3355; x_wconf 86' lang='lat' dir='ltr'>purgatorio</span> <span class='ocrx_word' id='word_1_244' title='bbox 672 3278 823 3354; x_wconf 87' lang='lat' dir='ltr'>perpetuo</span> <span class='ocrx_word' id='word_1_245' title='bbox 845 3272 980 3349; x_wconf 80' lang='lat' dir='ltr'>futuros,</span> <span class='ocrx_word' id='word_1_246' title='bbox 1003 3271 1104 3333; x_wconf 87' lang='lat' dir='ltr'>donee</span> 
     </span>
     <span class='ocr_line' id='line_1_37' title="bbox 180 3352 752 3417; baseline 0.005 -5"><span class='ocrx_word' id='word_1_247' title='bbox 180 3352 259 3415; x_wconf 82' lang='lat' dir='ltr'>coeli</span> <span class='ocrx_word' id='word_1_248' title='bbox 283 3372 359 3414; x_wconf 17' lang='lat' dir='ltr'>oum,</span> <span class='ocrx_word' id='word_1_249' title='bbox 373 3360 455 3416; x_wconf 87' lang='lat' dir='ltr'>terra</span> <span class='ocrx_word' id='word_1_250' title='bbox 476 3356 619 3417; x_wconf 90' lang='lat' dir='ltr'>movendi</span> <span class='ocrx_word' id='word_1_251' title='bbox 642 3356 752 3417; x_wconf 85' lang='lat' dir='ltr'>forent.</span> 
     </span>
    </p>

    <p class='ocr_par' dir='ltr' id='par_1_7' title="bbox 180 3436 1105 3851">
     <span class='ocr_line' id='line_1_38' title="bbox 180 3436 1105 3519; baseline -0.004 -19"><span class='ocrx_word' id='word_1_252' title='bbox 180 3513 183 3519; x_wconf 13' lang='lat' dir='ltr'><em>ff</em></span> <span class='ocrx_word' id='word_1_253' title='bbox 264 3436 322 3517; x_wconf 86' lang='grc'>84)</span> <span class='ocrx_word' id='word_1_254' title='bbox 347 3437 434 3498; x_wconf 87' lang='lat' dir='ltr'>Mart.</span> <span class='ocrx_word' id='word_1_255' title='bbox 457 3437 550 3517; x_wconf 90' lang='lat' dir='ltr'>Item,</span> <span class='ocrx_word' id='word_1_256' title='bbox 580 3458 659 3519; x_wconf 86' lang='lat' dir='ltr'>quoe</span> <span class='ocrx_word' id='word_1_257' title='bbox 687 3457 769 3500; x_wconf 90' lang='lat' dir='ltr'>nova</span> <span class='ocrx_word' id='word_1_258' title='bbox 796 3437 850 3498; x_wconf 88' lang='lat' dir='ltr'>illa</span> <span class='ocrx_word' id='word_1_259' title='bbox 871 3438 970 3518; x_wconf 82' lang='lat' dir='ltr'>pietas</span> <span class='ocrx_word' id='word_1_260' title='bbox 993 3437 1051 3498; x_wconf 92' lang='lat' dir='ltr'>Dei</span> <span class='ocrx_word' id='word_1_261' title='bbox 1074 3443 1105 3497; x_wconf 87' lang='lat' dir='ltr'>et</span> 
     </span>
     <span class='ocr_line' id='line_1_39' title="bbox 180 3519 1101 3601; baseline 0.004 -25"><span class='ocrx_word' id='word_1_262' title='bbox 180 3537 297 3599; x_wconf 84' lang='lat' dir='ltr'>papae,</span> <span class='ocrx_word' id='word_1_263' title='bbox 332 3519 413 3599; x_wconf 90' lang='lat' dir='ltr'>quod</span> <span class='ocrx_word' id='word_1_264' title='bbox 442 3522 537 3601; x_wconf 92' lang='lat' dir='ltr'>impio</span> <span class='ocrx_word' id='word_1_265' title='bbox 573 3528 604 3582; x_wconf 89' lang='lat' dir='ltr'>et</span> <span class='ocrx_word' id='word_1_266' title='bbox 630 3522 754 3582; x_wconf 91' lang='lat' dir='ltr'>inimioo</span> <span class='ocrx_word' id='word_1_267' title='bbox 782 3524 910 3601; x_wconf 91' lang='lat' dir='ltr'>propter</span> <span class='ocrx_word' id='word_1_268' title='bbox 939 3521 1101 3600; x_wconf 80' lang='lat' dir='ltr'>pecuniam</span> 
     </span>
     <span class='ocr_line' id='line_1_40' title="bbox 181 3602 1103 3685; baseline 0.003 -25"><span class='ocrx_word' id='word_1_269' title='bbox 181 3602 356 3664; x_wconf 88' lang='lat' dir='ltr'>eoooedunt</span> <span class='ocrx_word' id='word_1_270' title='bbox 376 3605 508 3664; x_wconf 90' lang='lat' dir='ltr'>animam</span> <span class='ocrx_word' id='word_1_271' title='bbox 530 3605 613 3685; x_wconf 89' lang='lat' dir='ltr'>piam</span> <span class='ocrx_word' id='word_1_272' title='bbox 642 3612 674 3664; x_wconf 88' lang='lat' dir='ltr'>et</span> <span class='ocrx_word' id='word_1_273' title='bbox 700 3605 829 3665; x_wconf 78' lang='lat' dir='ltr'>amioum</span> <span class='ocrx_word' id='word_1_274' title='bbox 852 3603 910 3664; x_wconf 91' lang='lat' dir='ltr'>Dei</span> <span class='ocrx_word' id='word_1_275' title='bbox 942 3602 1103 3679; x_wconf 88' lang='lat' dir='ltr'>redimere,</span> 
     </span>
     <span class='ocr_line' id='line_1_41' title="bbox 180 3687 1104 3768; baseline 0.001 -24"><span class='ocrx_word' id='word_1_276' title='bbox 180 3691 212 3744; x_wconf 90' lang='lat' dir='ltr'>et</span> <span class='ocrx_word' id='word_1_277' title='bbox 240 3692 342 3745; x_wconf 88' lang='lat' dir='ltr'>tamen</span> <span class='ocrx_word' id='word_1_278' title='bbox 378 3693 503 3767; x_wconf 89' lang='lat' dir='ltr'>propter</span> <span class='ocrx_word' id='word_1_279' title='bbox 531 3688 746 3748; x_wconf 80' lang='lat' dir='ltr'>nenessitatem</span> <span class='ocrx_word' id='word_1_280' title='bbox 775 3687 936 3768; x_wconf 86' lang='lat' dir='ltr'>ipsiusmet</span> <span class='ocrx_word' id='word_1_281' title='bbox 968 3687 1040 3767; x_wconf 88' lang='lat' dir='ltr'>piae</span> <span class='ocrx_word' id='word_1_282' title='bbox 1074 3693 1104 3745; x_wconf 90' lang='lat' dir='ltr'>et</span> 
     </span>
     <span class='ocr_line' id='line_1_42' title="bbox 181 3766 1102 3851; baseline 0.004 -25"><span class='ocrx_word' id='word_1_283' title='bbox 181 3766 313 3830; x_wconf 82' lang='lat' dir='ltr'>dileotoe</span> <span class='ocrx_word' id='word_1_284' title='bbox 334 3770 457 3831; x_wconf 75' lang='lat' dir='ltr'>animae</span> <span class='ocrx_word' id='word_1_285' title='bbox 477 3789 541 3832; x_wconf 86' lang='lat' dir='ltr'>nou</span> <span class='ocrx_word' id='word_1_286' title='bbox 562 3766 717 3832; x_wconf 83' lang='lat' dir='ltr'>redimunt</span> <span class='ocrx_word' id='word_1_287' title='bbox 737 3789 806 3834; x_wconf 82' lang='lat' dir='ltr'>eam</span> <span class='ocrx_word' id='word_1_288' title='bbox 820 3769 954 3851; x_wconf 73' lang='lat' dir='ltr'>gratuilo</span> <span class='ocrx_word' id='word_1_289' title='bbox 964 3769 1102 3832; x_wconf 80' lang='lat' dir='ltr'>uanitate.</span> 
     </span>
    </p>
   </div>
   <div class='ocr_carea' id='block_1_5' title="bbox 0 0 1186 4200">
    <p class='ocr_par' dir='ltr' id='par_1_8' title="bbox 0 0 1186 4200">
     <span class='ocr_line' id='line_1_43' title="bbox 0 0 1186 4200; baseline 0 0"><span class='ocrx_word' id='word_1_290' title='bbox 0 0 1186 4200; x_wconf 95' lang='lat' dir='ltr'> </span> 
     </span>
    </p>
   </div>
  </div>
 </body>
</html>
