2356 4200
31 332 36 339 ⁵
116 253 188 321 ,394
420 258 603 313 Probationes
623 259 752 314 Onustus.

128 425 217 488 Haee
237 432 339 488 autem
361 432 428 489 tete
450 434 498 493 est
517 429 719 508 perversitas,
747 428 894 506 scilieet,¹
907 428 965 491 sibi
987 428 1051 509 pla-

129 529 209 587 eere,
231 509 350 589 fruique
371 529 405 571 se
418 512 498 591 ipso,
520 513 550 571 in
565 510 708 592 operibus
727 513 800 588 suis,
822 531 917 592 seque
933 511 1051 574 idolum

128 593 267 654 adorare.
312 593 428 655 Taliter
450 600 553 655 autem
577 596 703 661 omniun
732 595 819 673 facit,
847 597 897 674 qui
926 614 1051 656 seeurus

129 682 160 738 et
179 677 246 736 sine
269 677 378 737 timere
401 677 459 737 Dei
482 685 545 756 est,
569 679 698 738 sienim
721 679 856 756 timeret,
883 697 946 739 uon
969 687 1052 739 esset

127 778 264 837 securus,
285 760 420 840 ideoque
440 779 499 822 nee
522 760 580 822 eibi
601 761 749 841 plaeeret,
772 760 879 822 sedin
903 762 972 823 Deo
994 762 1050 822 sibi

160 850 274 909 aeeret.
626 890 630 907 t
809 886 812 890 -

126 843 161 987 ll.
212 925 371 1004 Secundo,
392 926 441 987 Ex
462 926 517 988 illu
540 926 655 987 Psalmi
678 925 823 996 dietum:
864 925 934 988 Non
956 928 1051 987 intres

126 1009 159 1070 in
170 1008 315 1070 iudicium
333 1027 401 1069 eum
415 1026 506 1071 servo
519 1015 583 1084 tuo,
596 1017 627 1069 et
636 1009 714 1070 Psal.
740 1013 798 1073 32:
821 1010 902 1084 Dixi,
926 1009 1050 1071 eonfite-

127 1091 185 1153 bor
210 1091 372 1153 adversum
407 1111 457 1152 me
487 1093 664 1154 iniustitiam
694 1112 795 1153 meam
825 1093 961 1153 Domino
992 1101 1051 1153 ete.

128 1174 219 1249 Quod
242 1180 345 1235 autem
367 1175 445 1235 haee
466 1194 530 1239 non
552 1177 613 1235 sint
633 1175 776 1252 venialia,
798 1182 893 1256 patet,
915 1176 989 1254 quia
1008 1175 1051 1238 illi

128 1258 243 1335 dieunt,
259 1276 316 1337 pro
331 1257 503 1318 venialibus
521 1277 582 1319 non
599 1260 806 1320 neeessariam
823 1259 1050 1320 contessionem

129 1349 161 1400 et
182 1341 416 1420 poeniteutiam.
461 1340 491 1401 Si
516 1361 589 1422 ergo
613 1349 684 1401 suut
705 1341 861 1417 mortalia,
889 1348 922 1403 et
942 1360 1051 1402 omues

130 1421 235 1485 Sancti
258 1442 313 1502 pro
337 1425 381 1483 eis
405 1432 508 1501 orant,
531 1430 564 1484 ut
586 1424 698 1485 ibidem
722 1423 804 1502 dicit,
828 1443 902 1505 ergo
926 1424 1050 1484 Sanetu-

128 1526 193 1565 rum
229 1525 325 1584 0pera
358 1512 429 1566 sunt
460 1510 589 1586 peecata
626 1507 784 1585 mortalia,
828 1506 882 1567 sed
923 1506 1052 1568 Sanetu-

128 1608 194 1651 rum
226 1608 323 1668 opera
353 1596 425 1648 sunt
446 1589 530 1651 bona
552 1604 662 1670 opera,
698 1608 792 1669 quare
821 1609 884 1650 nou
914 1591 974 1651 nisi
998 1609 1052 1669 per

130 1673 273 1733 timerem
296 1672 418 1732 humilis
440 1674 644 1733 confessionis
666 1681 737 1733 sunt
757 1674 802 1733 eis
824 1673 991 1734 meritoria.

212 1755 335 1831 Tertio,
356 1754 404 1814 Ex
427 1757 569 1816 oratione
591 1757 770 1816 Dominiea:
813 1756 941 1816 Dimitte
963 1754 1052 1817 uubis

130 1835 236 1898 debita
264 1844 379 1900 nostra.
429 1837 515 1898 Haee
544 1845 591 1899 est
618 1839 716 1899 oratio
744 1839 945 1917 Sanctorum,
976 1857 1050 1918 ergo

129 1919 234 1981 debita
255 1921 310 1980 illa
332 1927 403 1980 sunt
424 1920 507 1982 bona
529 1941 633 2002 opera,
656 1941 712 2002 pru
733 1921 841 2001 quibus
870 1927 970 1982 urant.
1010 1919 1052 1981 m

130 2003 213 2082 quod
236 2003 291 2064 illa
312 2004 373 2063 siut
394 2004 555 2082 mortalia,
582 2011 669 2084 patet
697 2023 737 2064 ex
764 2004 978 2083 sequentibus:
1020 2002 1050 2064 Si

127 2102 191 2149 non
215 2087 393 2148 remiseritis
417 2093 547 2165 pennata
569 2087 761 2165 huminibus,
777 2107 836 2151 nee
853 2094 940 2168 pater
951 2093 1052 2148 vester

118 2169 276 2231 eoelestis
308 2168 498 2250 remittetll‘
523 2170 611 2231 vobis
652 2177 782 2250 peecata
809 2178 920 2232 vestra.
972 2171 1051 2230 lilaea

130 2253 206 2312 talia
226 2261 315 2330 sunt,
337 2271 417 2331 quae
439 2252 620 2313 damnarent
643 2272 705 2313 non
727 2255 873 2332 remIssa,
907 2253 964 2314 uisi
987 2272 1051 2314 ora

129 2341 198 2396 rent
219 2355 292 2395 vere
314 2335 394 2396 hane
416 2337 588 2396 orationem
612 2343 642 2395 et
661 2337 853 2397 remitterent
873 2337 952 2396 aliis.

213 2418 346 2492 Quarta,
375 2417 475 2498 Apoa.
505 2422 560 2482 at:
604 2419 686 2479 Nihil
714 2420 905 2498 inquinatum
929 2417 1053 2480 intrabit

129 2502 311 2581 in'reguum
334 2500 511 2577 eoelnrum,
544 2501 598 2562 sed
629 2521 721 2561 omne
751 2501 929 2582 impediens.
950 2502 1052 2562 introi-

133 2591 196 2643 tum
230 2584 316 2663 regni
346 2589 394 2644 est
422 2585 552 2644 nrurtale
576 2583 647 2666 (sut
668 2584 757 2645 aliter
778 2583 986 2646 deliniendum
1009 2591 1054 2644 est

126 2665 295 2745 mortale),
317 2671 477 2746 peceatum
500 2675 601 2728 autem
626 2668 746 2728 veniale
768 2667 906 2747 impedit,
929 2669 1052 2745 quitin-

117 2750 239 2828 ·quinat
271 2749 423 2828 animam,
457 2760 583 2811 elnon
621 2757 682 2809 stat
713 2752 743 2809 in
765 2770 862 2831 reguo
886 2749 1054 2827 coelorum,

131 2852 207 2912 ergo
231 2838 290 2893 ete.

552 2960 632 3021 VIII.

216 3077 313 3138 Multo
345 3079 444 3158 magis
471 3077 629 3139 huminum
664 3097 760 3157 opera
794 3086 866 3138 sunt
895 3075 1053 3152 mortalia,

134 3179 202 3220 eum
226 3167 258 3220 et
281 3161 346 3221 sine
369 3161 479 3220 timore
502 3159 586 3238 fiant,
601 3163 630 3220 in
645 3180 729 3221 mera
744 3169 774 3220 et
788 3162 869 3221 mala
882 3162 1053 3221 securitate.

217 3243 307 3303 Patet
336 3244 511 3302 necessaria
533 3245 756 3323 consequentis
778 3263 818 3303 ex
839 3242 1054 3324 praecedente,

134 3345 206 3386 nam
235 3325 285 3386 ubi
313 3344 373 3386 nou
408 3332 455 3385 est
483 3327 588 3398 timor,
621 3327 661 3387 ibi
691 3327 774 3386 nulla
803 3326 975 3401 humilitas,
1007 3325 1054 3384 ubi

117 3407 221 3470 vnulla
241 3408 413 3487 humilitas,
445 3408 485 3468 ibi
504 3409 668 3489 superbia,
703 3409 745 3470 ibi
779 3411 824 3470 ira
860 3418 891 3470 et
912 3410 1053 3471 iudicium

191 3697 222 3766 ¹⁸)
242 3695 342 3750 Psalm.
367 3696 423 3751 143.

189 3769 224 3836 1)
243 3768 376 3824 Instent
396 3769 518 3821 remittit.
