2356 4200
393 280 428 336 o.
447 281 526 334 sus.
546 280 658 335 mom
675 281 780 335 meso.
889 256 900 263 ’
986 275 1047 342 333

126 465 197 508 osse
221 447 281 508 sibi
301 449 392 531 iusto,
411 449 467 509 sed
488 449 583 510 hobst
603 467 690 509 suom
704 448 862 525 iustitiam,
882 446 1046 523 Christum,

126 532 246 610 quoon't
271 551 345 612 ergo
374 532 502 592 oliorum
530 532 660 594 sulutem
694 529 915 591 antummodo.
957 528 1046 593 Unde

126 632 183 694 per
201 614 385 695 prophetam
407 616 538 675 minatur
559 606 709 675 Dominus
737 630 933 694 synogogae,
963 611 1047 692 quod

126 697 282 758 sufesetur
301 698 341 759 ob
363 717 401 758 so
422 716 484 758 vox
507 698 655 775 laetitios,
685 713 748 757 vox
775 697 897 777 sponsi,
927 701 958 756 st
984 712 1048 756 vox

165 799 270 845 onsoe.

125 800 162 863 'P
208 863 278 925 Hoo
298 869 354 942 sot,
377 862 459 942 quod
477 863 580 925 thsmo
603 862 795 943 propositum
818 860 956 939 dioit*):
978 860 1048 921 Hoo

126 947 239 1008 sentito
271 948 304 1006 in
336 945 425 1008 vobis
453 955 511 1009 eto.
533 945 564 1006 id
594 952 658 1024 est,
691 945 737 1005 sio
767 945 832 1004 sitis
869 944 995 1026 onimsti
1016 951 1048 1005 st

127 1027 238 1091 nffooo
253 1048 329 1110 orgo
347 1030 490 1107 invicem,
512 1031 591 1090 siout
605 1029 716 1090 videtis
730 1026 881 1088 Christum
904 1026 1046 1087 offsotum

127 1131 205 1192 orgo
223 1131 280 1172 vos
302 1112 405 1175 foisse.
448 1111 637 1187 Quomodo?
664 1111 748 1189 Qui,-
769 1110 901 1188 seilicet,
923 1127 993 1169 oum
1015 1109 1047 1170 is

127 1195 228 1256 forms
248 1196 307 1256 Dsi
329 1203 427 1275 osset,
459 1213 522 1256 non
544 1195 682 1276 rapinam
705 1193 866 1254 arbitratus
889 1198 951 1271 est,
979 1209 1047 1254 soso

128 1297 163 1338 se
184 1278 345 1359 oequolsm
363 1278 441 1354 Deo,
462 1278 517 1338 sod
540 1278 709 1338 exinanivit
729 1295 764 1336 ss
785 1277 896 1356 ipsum,
917 1275 1046 1336 formam

129 1362 212 1421 servi
233 1362 389 1440 oooipions
412 1367 471 1422 sto.
757 1422 760 1428 ,

212 1444 324 1505 Formo
336 1443 392 1503 Dei
416 1443 466 1504 hio
486 1462 549 1504 non
571 1442 681 1503 dioitur
701 1439 871 1503 substantio
886 1441 954 1519 Dei,
976 1442 1049 1523 quis

128 1525 338 1586 hooGhristus
360 1543 514 1604 nonquam
538 1544 573 1586 so
584 1525 767 1602 exinanivit,
789 1523 937 1584 sioutnoo
950 1523 1048 1584 formo

128 1610 211 1670 servi
232 1608 292 1685 dioi
314 1615 417 1689 potest
438 1607 608 1668 substantia
630 1608 773 1684 humano,
795 1605 849 1666 seo
871 1607 968 1667 formo
989 1607 1048 1669 Dei

129 1699 178 1752 est
197 1692 365 1772 sapientis,
387 1692 498 1768 virius,
515 1693 645 1770 iustitio,
668 1691 804 1766 bonitas,
827 1687 939 1750 dsinds
960 1689 1048 1750 libor·

129 1782 187 1836 tos.
228 1773 278 1836 Ito
308 1773 392 1854 quod
414 1773 553 1835 Christus
582 1775 676 1836 homo
704 1774 775 1849 fuit,
809 1770 902 1850 liber,
926 1779 1048 1853 potens,

128 1858 271 1936 sopiens,
303 1856 379 1917 nulli
415 1857 586 1934 subiectus,
624 1874 683 1917 nso
716 1856 790 1917 vitio
824 1872 884 1914 ooo
908 1862 1048 1935 pemmo,

127 1941 212 2001 siout
230 1945 301 2001 sunt
321 1940 462 2001 homines
483 1943 594 2001 ounoti.
623 1938 756 2000 Talibus.
770 1937 852 1997 enim
873 1936 1050 2016 praestabat

129 2022 247 2102 formis,
268 2041 347 2102 quse
369 2023 503 2083 maxims
526 2023 591 2083 Deo
614 2024 817 2098 conveniunt,
839 2027 871 2080 ot
891 2026 994 2081 tomen
1016 2022 1048 2083 in

130 2107 191 2166 hoo
218 2105 317 2166 formo
344 2123 407 2166 non
429 2105 614 2185 superbivit,
648 2124 711 2165 non
743 2102 801 2165 sibi
829 2101 961 2182 ploouii,
994 2122 1052 2164 noo

127 2188 211 2250 olios
230 2187 378 2249 fastidivit
398 2194 491 2267 atquo
513 2190 706 2268 oontempsit,
729 2187 883 2266 quierant
904 2187 1000 2267 servi,
1021 2194 1053 2247 st

131 2272 224 2332 variis
247 2271 335 2332 molis
353 2269 491 2349 subiooti,
513 2272 592 2331 siout
612 2271 666 2332 ille
680 2270 870 2347 Pharisaeus,
893 2269 944 2348 qui
960 2269 1053 2330 dixit:

131 2353 257 2416 ersom
279 2353 333 2413 tibi
356 2372 433 2434 ogo,
463 2355 534 2433 quio
565 2372 717 2414 sonsum
740 2354 819 2414 siout
841 2354 935 2413 ostori
957 2353 1053 2415 homi-

130 2455 207 2516 uss‚·
222 2455 314 2516 quom
335 2435 523 2515 delectabat«,
550 2435 633 2516 quod
654 2436 705 2497 olii
727 2442 832 2497 essent
853 2435 969 2515 miseri,
998 2436 1053 2498 uti·

132 2538 194 2599 quo
216 2518 343 2596 nolens,
371 2518 454 2600 quod
483 2514 588 2581 essent
608 2520 638 2580 ei
659 2519 783 2580 similes.
832 2517 872 2579 Et
902 2518 980 2580 boso
1006 2525 1053 2580 ost

129 2603 243 2682 sop'ins
263 2603 332 2680 illo,
365 2620 456 2682 quom
489 2602 584 2664 homo
606 2601 664 2663 sibi
686 2609 825 2684 arrogat,
857 2603 919 2661 imo
941 2610 1053 2680 servat,

134 2704 215 2766 quoe
235 2684 337 2764 habet,
359 2692 391 2745 ot
411 2703 473 2745 non
495 2685 675 2767 refempurs
694 2687 725 2746 in
738 2685 847 2762 Deum,
869 2685 955 2746 ouius
976 2685 1054 2746 hooo

134 2777 222 2846 suot3
243 2786 302 2828 nso
323 2786 379 2848 per
399 2769 497 2847 ipsam
520 2768 588 2828 aliis
610 2770 716 2848 servit,
750 2775 783 2828 ot
802 2788 838 2829 ss
858 2767 989 2829 similem
1009 2768 1053 2830 fs·

133 2857 220 2912 oorst
252 2852 377 2927 oetsris,
411 2857 443 2911 ei
474 2852 517 2911 ito
544 2851 653 2913 volunt
681 2871 750 2912 osso
782 2853 862 2912 siout
888 2851 989 2931 Deus,
1019 2852 1052 2912 in

134 2934 264 3014 seipsis
286 2932 481 3014 suifloientss‚
503 2932 560 2994 sibi
576 2934 744 3014 phoeniss,
767 2935 846 2995 inse
867 2935 940 3015 ipsis
962 2935 1054 3016 glori·

135 3024 233 3094 onies,
255 3016 331 3076 nulli
351 3015 500 3077 dsbeotos
522 3021 582 3077 sto.

218 3099 355 3160 Christus
373 3108 474 3159 sutem
497 3117 560 3159 non
582 3100 626 3159 ito
646 3097 808 3161 arbitratus
830 3108 893 3178 est,
926 3119 989 3162 non
1010 3101 1054 3161 ito

135 3184 252 3263 sapuit,
280 3181 336 3243 sed
356 3183 440 3243 illam
462 3183 592 3243 formam
621 3183 725 3243 retulit
750 3184 782 3243 in
803 3185 903 3245 Deum
924 3192 1054 3266 patrem,

135 3285 175 3327 oo
194 3266 371 3346 exinanivit,
393 3265 504 3327 nolens
523 3265 586 3327 'illis
608 3268 650 3325 oti
671 3267 766 3327 titulis
780 3272 889 3328 eontra
909 3282 977 3343 nos,
998 3285 1053 3327 no

135 3350 206 3411 lons
226 3349 380 3409 dissimilis
402 3349 492 3410 nobis
513 3369 597 3430 osse,
629 3351 702 3428 quin
715 3352 822 3431 -msgis
843 3350 933 3412 nobis
955 3350 1053 3410 isotus

137 3441 199 3508 est,
227 3434 306 3493 siout
328 3452 404 3492 unus
427 3452 467 3494 ex
487 3434 594 3512 nobis,
626 3445 656 3496 ot
682 3435 811 3498 formam
833 3435 914 3495 servi
935 3434 1054 3514 oooopit

137 3517 266 3598 (idest,
288 3515 428 3577 omnibus
451 3516 539 3578 molis
560 3536 630 3585 sess
649 3516 810 3603 subiecit),
832 3524 864 3578 ei
886 3524 1055 3578 comesset

136 3601 215 3662 libor
238 3602 289 3679 (ut
309 3599 468 3681 spostolus
490 3606 613 3680 quoqo's
634 3601 695 3681 aii)
719 3603 855 3664 omnium
876 3618 911 3663 so
931 3618 1052 3662 servom

165 3767 170 3774 ’
210 3772 242 3842 ⁸)
261 3773 360 3844 Philip,
378 3771 405 3827 2.
