2356 4200
410 261 520 332 al’cpa
538 259 573 314 ad
593 258 758 317 Concilium·
795 281 799 289 ’
977 256 1038 322 441

119 429 220 490 atico
226 428 327 491 iudice
358 432 504 527 imposita
535 429 617 493 aliod
650 431 790 505 nonsit,
828 448 918 510 quam
946 447 1042 509 opera

125 512 239 588 ieiunii,
253 519 321 574 orat
321 514 411 591 ionis,
434 514 653 610 eleemosynae
675 520 733 577 etc
754 512 889 591 ideoque
905 512 1041 574 clavibus

126 595 278 656 ecclesiae
300 599 411 657 remitti
434 618 497 658 non
518 598 627 678 possit,
645 595 731 675 quod
745 595 860 656 eisdem
873 615 935 656 non
952 596 1043 656 fuerit

124 678 313 758 impositum.
336 680 362 740 lt
350 688 411 740 tarn
425 680 507 760 quod
520 687 634 741 certum
658 685 705 740 est
717 698 755 739 ex
767 678 869 740 distin.
880 679 1001 741 XXXV
1014 697 1042 739 o

127 761 243 840 Qualis,
266 762 376 841 quod
368 783 399 823 ιιι
421 764 598 845 purgatorio
627 782 688 823 non
711 762 810 822 solum
832 781 950 842 poena,
987 760 1042 823 sed

92 869 98 880 ·
126 852 159 905 et
178 844 268 925 culpa
289 847 459 909 remittitur
504 847 629 927 Culpam
658 853 761 906 autem
788 845 920 906 ecclesia
943 845 1043 905 remit·

125 933 190 988 tere
210 946 275 991 non
297 937 409 1009 potest,
431 931 510 991 sicut
530 949 589 991 nea
609 935 678 1010 grat
678 931 739 990 iem
762 928 910 990 conferre.

209 1009 277 1070 lstis
299 1011 510 1073 autoritatibus
532 1015 639 1091 nixus,
670 1031 738 1072 cum
761 1011 935 1090 disputandi
957 1029 1043 1072 more

124 1091 247 1153 fuissem
270 1094 435 1155 reluctatus
458 1097 583 1176 impuris
614 1059 646 1156 ab
633 1095 789 1156 tinsulsis
822 1094 943 1155 illorum
966 1093 1040 1174 dog·

126 1175 265 1250 motibus,
290 1179 524 1258 coeperuntilli,
546 1180 621 1239 lucri
634 1174 735 1241 studio
750 1178 895 1254 furantes,
914 1178 1041 1256 primurn

125 1256 254 1338 publicis
275 1260 552 1323 declamationibus
583 1262 622 1323 ad
644 1253 790 1342 populum
813 1260 971 1321 declarare
992 1278 1042 1320 me

124 1341 345 1403 haereticumt
332 1345 504 1405 temeritate
525 1345 805 1425 impudentissima,
828 1343 939 1404 deinde
961 1342 1042 1422 apud

125 1425 350 1485 sanctissimum
388 1425 544 1487 dominum
579 1434 717 1489 nostrum
749 1427 885 1488 Leonem
910 1426 949 1494 X
987 1445 1043 1506 per

124 1505 278 1586 quendam
307 1507 463 1570 dominum
484 1511 609 1571 Marium
645 1509 684 1571 de
714 1511 863 1588 Perusiie,
898 1510 1043 1570 Procura·
1129 1580 1132 1587 Ι

124 1597 221 1651 torem
234 1589 381 1666 fiscalem,
404 1611 550 1655 accusare
561 1599 706 1672 tanquam
723 1593 842 1653 haeresi
854 1557 1043 1672 buspectum.
1129 1592 1132 1601 '

124 1672 166 1734 Et
153 1679 242 1753 pter
264 1673 395 1746 eundem
419 1674 575 1736 dominum
598 1675 746 1736 tandem
738 1695 821 1755 impe
823 1681 937 1736 trentes
961 1693 1042 1735 oom-

125 1756 304 1826 missionem
337 1757 450 1818 cit-andi
485 1760 546 1820 mei
576 1760 607 1819 ιιι
645 1777 794 1838 personae
829 1757 1043 1818 reverendissi-

125 1857 244 1899 morum
268 1838 461 1901 dominorum
489 1850 520 1902 et
551 1861 588 1920 pa
592 1849 685 1920 t,ru1n
719 1841 901 1921 Hieronymi
923 1840 962 1901 de
985 1840 1044 1902 Ge·

125 1922 217 1982 nutiis
240 1923 380 2003 episcopi
401 1924 564 2003 Asculani,
598 1944 757 1985 causarum
782 1924 930 1985 Gamerae
960 1922 1044 1983 andi·

125 2005 250 2082 torie,e
253 2004 427 2087 tSylvestr'i
441 2007 584 2069 Prieratis
602 2008 708 2067 Palat'
677 2015 710 2067 ιιι
732 2008 880 2087 Magistri,
901 2025 957 2085 per
978 2025 1045 2067 eos·

126 2086 198 2147 dam
222 2108 270 2149 me
293 2089 379 2149 citari
399 2099 542 2151 curarunt
563 2089 602 2150 ad
624 2090 754 2166 Urbem,
782 2089 821 2149 ad
843 2089 1047 2169 personaliter

126 2171 378 2250 comparendum.

136 2299 148 2308 .
210 2253 347 2333 Cumque
369 2274 428 2350 ego
451 2274 510 2316 nec
531 2254 782 2335 Vnittembergae
817 2258 898 2315 tutus
930 2254 1009 2315 ab
1001 2273 1044 2315 in-

126 2334 218 2396 sidiis
233 2341 349 2397 tantum
371 2339 430 2399 iter
449 2337 597 2419 perticere
617 2357 680 2398 non
693 2357 828 2419 possem,
851 2357 909 2398 nec
927 2335 1045 2399 Romae

127 2425 192 2479 tuto
216 2421 395 2500 consistere,
417 2428 448 2482 et
464 2422 713 2502 pauperculuset
700 2419 890 2482 timbecillis
905 2439 1045 2500 corpore,

126 2500 238 2562 deinde
259 2502 375 2563 iudices
397 2505 526 2584 praelati
558 2504 631 2564 mihi
659 2504 746 2564 mult'
723 2510 764 2565 tis
795 2504 896 2565 causis
916 2501 1046 2566 tuissent

126 2592 252 2665 suspect
251 2587 271 2662 i,
293 2588 471 2666 praesertim
487 2586 569 2666 qood
586 2586 772 2648 reverendus
782 2596 870 2667 pater
885 2585 1045 2680 Sylvestar

125 2666 320 2728 adversarius
342 2669 415 2729 mihi
437 2669 589 2746 fuerit,t
558 2676 589 2731 et
611 2669 768 2766 dialogum
784 2677 892 2730 contra
912 2669 1044 2729 maiam

127 2749 316 2830 ediderate,
298 2753 381 2813 etin
403 2754 497 2813 sacris
519 2753 614 2814 literis
643 2754 743 2813 minus
765 2752 865 2812 erudit
853 2759 917 2828 tus,
952 2769 1043 2831 quam

126 2834 186 2894 ista
207 2852 300 2894 causa
321 2835 401 2896 ferre
417 2837 529 2916 possit,
552 2835 694 2896 dominus
716 2842 818 2896 autem
838 2834 1044 2914 Hieronymus

125 2917 158 2977 in
179 2916 293 2978 iuribus
316 2937 438 2998 quoque
460 2919 539 3019 plus,
562 2938 654 2998 qnam
671 2917 914 2998 theologiadoct
901 2923 959 2996 tus,
982 2936 1043 2978 me

125 2999 185 3061 rito
208 2999 370 3061 timebatur
392 2980 537 3099 Sylvest''
516 3019 599 3061 mnae
630 3001 805 3081 theologiae
831 3018 1044 3078 concessurus,

127 3089 267 3144 etextm
287 3082 412 3144 modum
436 3102 509 3143 suae
533 3083 753 3180 professionis
747 3083 828 3144 hanc
841 3102 905 3144 ram
920 3083 1044 3160 habere,

127 3165 290 3263 soiliqitavi
311 3185 367 3246 per
400 3165 507 3227 illust'
472 3168 636 3240 trissinprm
658 3167 843 3246 prinoipem,
877 3165 1044 3232 Dominum

126 3227 322 3326 Fridericum,
344 3248 462 3309 Ducam
485 3248 649 3325 saxoniae,
673 3249 752 3310 sacri
773 3211 917 3311 Romani
923 3248 1045 3331 Imperii

118 3330 478 3475 utrchimarschqlcum,t
489 3331 692 3413 Langrevium
724 3322 934 3475 Thuringiae,
967 3331 1045 3392 Mar·

127 3414 270 3475 ahionem
284 3413 478 3492 Mieniae,ut
499 3433 592 3476 causa
614 3413 653 3475 ad
667 3434 723 3494 par
724 3420 770 3477 tas
792 3414 1043 3492 committeretur,

127 3517 190 3558 non
212 3498 373 3577 suspectis,
395 3498 449 3558 sad
470 3499 608 3560 honestis
631 3503 664 3558 et
651 3496 774 3558 tbonis
796 3497 877 3558 viris.

209 3579 296 3640 'func
318 3579 363 3640 illi
386 3599 491 3642 crassa
524 3581 655 3662 quadam
678 3587 710 3641 et
729 3579 846 3641 insulsa
866 3579 1007 3641 astutia
998 3598 1044 3640 ιιι-

79 3708 83 3714 .
127 3664 233 3724 structi
267 3662 349 3742 apud
377 3665 603 3725 sanctissimum
632 3662 789 3726 dominum
818 3662 955 3724 Leonem
987 3667 1045 3723 etc

128 3752 265 3825 egerunt,
287 3752 321 3805 ut
342 3764 436 3837 causa
450 3747 481 3808 in
494 3766 528 3808 se
549 3748 644 3828 ipsos,
665 3746 727 3810 hoc
747 3747 834 3828 est,
825 3752 857 3807 ιιι
878 3726 1044 3828 persona'm
