2356 4200
368 272 411 335 cu
432 273 505 339 orn.
524 275 555 333 u.
573 273 800 349 straraaaa.
1011 272 1055 351 aa

127 464 218 526 quam
242 445 325 525 quod
346 447 526 529 ligationem
562 452 594 508 et
627 446 813 509 solutionem
832 444 917 513 Petri
944 447 1052 511 fideles

126 549 191 592 non
214 548 303 591 secus
330 530 481 609 habeant,
515 548 553 590 ac
580 531 606 592 si
631 529 767 591 Christus
799 531 867 610 ipse
890 530 1000 611 ligaret
1022 537 1054 593 et

127 612 274 689 solveret,
297 613 358 674 hoc
369 621 426 691 est,
448 613 611 676 ratificavit
621 613 803 693 ligationem
817 620 848 676 et
864 613 1052 676 solutionem

127 696 193 757 eiua
215 696 248 757 in
271 702 360 759 terra.
403 696 472 772 Quo
490 716 554 757 uon
575 695 619 774 fit,
640 701 675 756 ut
693 695 808 775 aliquid
819 695 928 757 Petrus
950 696 1054 759 solvat

128 778 161 841 iu
183 777 274 840 coelo
297 779 347 841 vel
369 786 458 840 extra
480 786 601 840 terram.

208 862 274 922 Aut
295 881 348 923 cur
370 881 432 924 non
455 863 564 923 astruis
587 861 681 922 etiam
702 861 800 942 ligare
821 879 914 941 posse
925 860 1049 922 Petrum

125 949 158 1004 et
179 963 298 1024 poenas
321 945 419 1007 aDeo
443 943 574 1005 inflictas
595 943 745 1024 infligere,
767 963 837 1005 cum
859 945 899 1005 sit
920 950 1051 1025 utraque

125 1031 266 1107 potestas
300 1048 362 1090 una
396 1034 427 1088 et
459 1026 618 1106 aequalis?
654 1025 782 1107 Corrige
815 1046 889 1108 ergo
925 1025 1052 1090 verbum

125 1108 251 1189 Christi,
274 1116 306 1171 et
326 1112 371 1172 ita
392 1110 487 1171 doce:
521 1109 735 1189 Quodcunque
767 1129 828 1190 ego
860 1109 997 1190 ligavero
1019 1111 1052 1171 in
1082 1103 1097 1128 ⁶

125 1191 237 1272 coelis,
266 1199 298 1253 tu
333 1193 423 1254 solve
456 1212 550 1274 super
580 1199 703 1254 terram.
754 1192 842 1253 Hanc
863 1193 944 1255 enim
967 1198 1050 1255 tuam

124 1292 196 1336 ease
217 1275 453 1357 intelligentiam
485 1277 516 1335 in
547 1275 648 1336 verbis
671 1274 802 1353 Christi,
834 1273 960 1335 evidens
993 1279 1050 1337 eat.

123 1357 189 1419 aad
211 1377 304 1437 qnam
324 1358 458 1421 absurda
478 1365 510 1420 et
530 1358 626 1437 impia
654 1357 763 1418 eadem
785 1359 842 1436 sit,
878 1356 971 1418 eredo
1001 1357 1051 1421 vel

124 1440 253 1521 palpare
273 1443 385 1520 possis.
428 1441 524 1521 Igitur
552 1441 648 1500 facias
677 1440 760 1519 quod
787 1439 872 1501 fecis.
914 1438 964 1501 Ex
983 1438 1050 1501 istis

125 1523 230 1584 verbis
252 1522 364 1585 Christi
385 1543 540 1603 nunquam
564 1521 647 1584 eliud
669 1521 831 1606 probabis,
854 1542 946 1601 quam
969 1523 1050 1601 quic

125 1605 199 1686 quid
220 1606 327 1668 Petrus
348 1626 412 1668 non
433 1614 538 1687 potest
559 1605 670 1686 ligare,
703 1603 734 1664 id
766 1624 825 1665 nec
854 1605 977 1667 solvere
997 1613 1051 1686 po·

123 1694 196 1768 test,
218 1691 358 1769 quamvis
380 1688 524 1770 quicquid
538 1688 679 1769 ligaverit
701 1694 734 1750 et
745 1687 881 1767 solverit,
904 1694 1049 1767 tanquam

123 1772 194 1834 Deo
217 1772 337 1854 ligante
360 1778 392 1833 et
412 1773 552 1833 solvente
575 1770 701 1832 obedire
715 1776 883 1848 teneamur,
908 1777 941 1831 ut
964 1771 1051 1833 salva

124 1856 166 1915 ait
185 1855 287 1917 unitas
309 1857 460 1916 eeclesiae
481 1873 566 1930 suae,
588 1872 680 1934 quem
700 1854 738 1914 iis
759 1851 862 1914 verbis
882 1854 1050 1915 constituit.

82 1959 91 1972 ¹
160 1959 163 1965 ·
209 1937 345 2016 Octavo,
372 1938 492 1999 inducis
515 1936 545 2000 S.
568 1935 737 2016 Thomem,
775 1935 858 2016 quod
881 1935 1050 1999 secundum

123 2039 227 2082 meam
249 2022 428 2101 opinionem
452 2020 584 2082 ecclesia
605 2017 780 2080 huiusmodi
806 2017 924 2081 faciens
953 2017 1051 2080 indul·

123 2105 247 2185 gentias
269 2106 367 2184 magis
391 2102 601 2164 damnificaret
623 2102 784 2180 homines,
808 2120 899 2180 quarn
921 2103 1049 2179 iuvaret,

124 2187 198 2265 quia
219 2186 410 2247 absolvendo
433 2187 471 2246 ab
495 2185 639 2244 iniunctis
661 2184 861 2264 poenitentiis
882 2185 1051 2247 remitteret

123 2269 163 2330 ad
181 2271 350 2350 graviores,
372 2269 403 2330 id
426 2274 482 2346 est,
504 2268 706 2348 purgatorias.
748 2267 835 2327 Haec
856 2265 886 2329 S.
901 2267 1047 2329 Thomas.

205 2352 411 2431 Respondeo,
446 2353 513 2412 sive
534 2350 613 2410 haec
635 2349 664 2410 S.
690 2348 843 2425 Thomas,
875 2351 940 2411 eive
972 2350 1050 2410 alins

123 2433 217 2509 dicat,
240 2435 317 2495 nihil
338 2435 377 2496 ad
399 2454 449 2494 me
471 2454 526 2514 per
541 2432 772 2493 tundamentum
788 2452 889 2493 meum
909 2433 1054 2513 primum,

123 2516 293 2579 secundum
317 2525 348 2579 et
369 2519 501 2578 tertium.
545 2515 658 2595 Opinio
682 2522 729 2575 est
750 2521 884 2594 tantum,
912 2515 1050 2579 nondum

123 2599 250 2661 decreta
270 2602 402 2679 veritas,
425 2600 485 2660 ‘cui
519 2600 544 2659 si
578 2599 699 2658 interim
722 2597 957 2676 contradixero,
985 2617 1049 2659 non

124 2699 180 2744 ero
201 2682 385 2745 haereticus.
891 2678 897 2691 “

208 2765 350 2828 Secundo
374 2764 487 2825 vellem
508 2784 527 2824 a
548 2764 582 2823 B.
603 2763 724 2825 Thoma
754 2762 874 2841 doceri,
906 2781 966 2843 qua
987 2761 1050 2823 dia·

123 2849 236 2910 lectica
257 2856 318 2910 stet
337 2850 397 2909 ista
418 2847 655 2925 consequentia:
683 2846 827 2906 Ecclesia
853 2847 981 2931 remittit
1002 2864 1049 2907 so·

122 2931 187 2992 lum
210 2933 362 2993 iniunctas
390 2930 615 3011 poenitentias,
651 2947 725 3008 ergo
752 2928 879 2988 remittit
910 2927 949 2989 ad
980 2947 1048 3009 gra

124 3015 238 3091 viores,
261 3013 292 3075 id
315 3021 372 3092 est,
394 3013 598 3108 purgatorias.
629 3010 694 3070 Vos
709 3010 895 3072 .Thomistae
916 3012 1050 3090 graviter
1091 3046 1101 3063 ·

124 3097 200 3157 estis
222 3095 476 3176 reprehendendi,
498 3095 548 3173 qui
572 3094 670 3153 saneti
687 3092 775 3152 huius
797 3093 852 3153 viri
875 3094 1049 3172 opiniones,

124 3186 157 3240 et
183 3181 306 3259 saepius
334 3180 426 3240 salsas
461 3176 677 3238 meditationes
705 3174 794 3237 nobis
822 3195 879 3256 pro
914 3176 1049 3236 articulis

123 3261 198 3323 fidei
219 3262 338 3323 audetis
371 3259 557 3334 statuere1).
600 3259 641 3320 Et
672 3258 705 3319 id
735 3260 825 3320 unice
851 3259 980 3337 curetis,
1017 3265 1051 3318 ut

123 3347 204 3406 sicut
217 3345 291 3406 nihil
306 3352 428 3425 praeter
439 3343 590 3403 Thomem
607 3342 776 3422 dignamini
788 3349 892 3402 vestra
903 3341 1048 3419 lectione,
1153 3418 1156 3425 Ι

123 3429 169 3489 ite
190 3428 267 3487 nihil
288 3428 379 3488 vultis
401 3428 433 3487 in
456 3445 493 3486 eo
520 3425 629 3485 salsum
642 3424 750 3503 videri,
771 3426 802 3484 in
817 3444 876 3503 qua
897 3424 1050 3487 sententia

123 3512 187 3571 iam
222 3510 273 3571 diu
307 3516 416 3572 contra
450 3527 558 3570 omnes
595 3507 770 3568 academias
801 3514 832 3568 et
858 3513 956 3568 toturn
985 3505 1050 3567 tere

125 3593 274 3654 mundum
297 3592 491 3654 contenditis.

201 3781 231 3853 1)
252 3782 284 3836 In
303 3783 346 3838 ed.
368 3784 443 3842 len:
463 3788 620 3843 obtrudere.
