2356 4200
326 289 424 340 coneo
440 282 502 339 blei.
518 282 639 338 labana:
658 276 733 337 lleeli
751 279 840 337 Jodio.
984 277 1044 347 505

87 504 91 509 .
124 453 207 515 Eeee
221 454 259 514 in
280 455 379 536 'gretia
403 423 564 534 dpostolus
580 442 745 534 'captivum
774 472 809 512 se
830 451 905 513 dio-it
924 455 955 513 iu
973 453 1044 534 lege

145 538 253 614 eoosti,
276 543 360 598 et'tu
381 536 497 597 homini
520 538 675 617 peccatori
710 535 818 596 tribuis
847 536 976 596 libemm
997 554 1044 623 ar·

124 556 267 680 bitriumi
295 619 357 680 Sed
378 621 505 699 iterum,
529 619 559 679 Si
581 619 709 681 libemm
731 625 784 678 e'st·
799 618 1046 696 arbitrium,-our

125 714 265 763 oramus:
301 702 514 764 sanetifieetur
535 720 647 763 nomen
671 701 780 762 tuum?
809 701 881 762 uis-t
902 702 1045 764 voluntas

125 786 200 846 tna?
234 787 300 862 An,
321 792 356 847 ut
376 785 494 847 faoilius
515 788 669 866 possimus
701 786 780 846 siout
800 785 958 866 Pel'agiani
980 785 1045 845 dix·

126 867 235 929 arunt?
273 868 305 930 si
337 887 475 948 oramus,
509 868 701 949 impossible
727 876 775 928 est
803 868 885 947 quod
914 872 1046 947 oramus,

124 970 238 1031 asper
281 970 320 1013 oo
340 952 426 1013 nullo
447 958 540 1032 paeto
572 953 602 1013 in
636 951 776 1013 libertate
807 958 922 1013 nostra.
965 951 1046 1026 Quid

125 1051 230 1095 moror
276 1033 464 1116 Augustinus
480 1035 553 1095 dieit
564 1035 808 1115 contemnendos
830 1053 908 1113 esse,
933 1037 983 1114 qui
1005 1038 1046 1095 ei

125 1117 242 1178 malitie
262 1119 408 1178 resistunt
431 1120 568 1197 veritati,
602 1118 785 1196 doeendus,'
810 1119 932 1197 quiex
959 1119 1046 1199 igite-

125 1201 234 1261 rantia.
271 1201 386 1264 Eeuius
409 1207 512 1263 autem
533 1201 611 1262 haeo
644 1218 707 1261 non
740 1201 879 1281 ignorat,
912 1207 946 1260 ut
972 1200 1046 1263 dixi.

127 1282 259 1358 Quando
284 1300 358 1365 ergo
375 1283 406 1345 S.
418 1284 525 1344 Patres
547 1284 676 1345 liberum
691 1284 847 1345 arbitrium
869 1283 1046 1362 defendunt,

126 1364 330 1446 eapaoitatem
351 1366 501 1427 libertatis
523 1367 589 1426 eius
610 1367 803 1448 praedicant,
826 1366 907 1448 quod
929 1367 1049 1427 'seilicet

127 1449 205 1509 verti
224 1453 334 1530 palest-
350 1446 388 1509 ed
410 1447 528 1510 bonum
546 1469 602 1531 per
622 1452 750 1530 gratiam
774 1451 841 1525 Del,
866 1455 896 1510 et
917 1449 984 1510 lieri·
1001 1464 1047 1510 ιε’-

127 1550 200 1591 vera
222 1531 361 1610 liberum,
383 1531 423 1592 ad
444 1531 526 1612 quod
549 1541 685 1593 creatum
707 1541 761 1593 est.
990 1542 994 1549 '
1034 1530 1037 1559 ³

258 1808 261 1815 Ι
377 1731 583 1809 Articulus
605 1722 794 1795 desimus.
857 1802 860 1811 ¹

125 1896 128 1905 ·
208 1859 322 1921 Multos
355 1878 491 1922 oenones
524 1863 694 1923 contrarios
729 1879 836 1922 saoroe
858 1861 1045 1942 Scripturae,

129 1958 259 2022 eamque
280 1949 403 2005 extorte
424 1952 627 2026 exponentes.
712 1998 715 2009 .
979 1966 984 1985 ’

137 2040 140 2045 ·
210 2024 299 2086 Huno
325 2027 504 2088 iniuriosum
538 2029 570 2088 in
604 2045 740 2089 summos
778 2024 940 2111 pontifices
973 2025 1048 2086 dioit

127 2107 238 2168 Eeeius
272 2115 303 2169 et
332 2128 493 2171 erroneum
523 2118 554 2171 st
576 2111 701 2172 nomine
723 2128 793 2170 meo
814 2111 982 2169 interserto
999 2122 1044 2169 re·

127 2190 291 2270 prehendit
321 2211 387 2270 me,
425 2193 507 2275 quod
536 2195 566 2254 in
595 2194 672 2254 actis
693 2190 1046 2273 lingonensibus-idem

126 2274 316 2354 aeripuerim,
349 2282 381 2336 et
410 2277 600 2356 iniquissime
631 2277 674 2338 ibi
702 2275 871 2337 iudicarim.
925 2273 1046 2335 Deinde

127 2356 337 2417 mutuamus
351 2359 432 2420 Aeta
455 2379 524 2420 mea
545 2366 576 2420 et
596 2359 775 2420 deterremus
797 2358 941 2419 Oenones
964 2357 1046 2437 dioit,

128 2438 162 2499 B.
184 2437 372 2519 cyprianum
406 2443 589 2523 exposuisse¹
608 2443 698 2503 illud:
732 2442 778 2502 Tu
801 2460 835 2502 es
857 2441 964 2502 Petrus
986 2448 1045 2502 ete.

128 2522 286 2601 quomodo
315 2524 457 2605 Pelagius
488 2527 617 2605 exponit
647 2525 749 2586 distin.
778 2524 857 2586 XXl.
900 2523 1046 2584 Similiter

127 2610 160 2664 et
180 2605 214 2666 B.
237 2608 453 2687 Augustinum,
477 2608 715 2689 Hieronymum,
738 2607 952 2684 Ambrosium,
974 2606 1044 2668 Ber-

121 2686 274 2766 nardum,
302 2689 433 2770 Bedam,
457 2688 601 2753 Glossam
624 2690 825 2769 ordinariam,
858 2705 967 2750 ornnes
988 2698 1045 2770 pet

127 2769 250 2833 Petrum
273 2775 455 2852 exposuisse
475 2781 604 2855 petram.
637 2775 684 2834 De
704 2772 751 2833 his
764 2771 886 2852 quidem
904 2773 1043 2869 superius

128 2853 202 2913 satis
230 2860 277 2914 est
298 2855 427 2935 dietum,
459 2858 526 2917 arti.
548 2857 576 2917 ll
604 2863 635 2917 et
654 2855 719 2933 lll,
752 2855 837 2935 qnod
856 2856 955 2916 maior
975 2874 1045 2936 pars

128 2934 309 2997 Sanctorum
337 2939 459 2999 Petrum
489 2942 623 3020 gessisse
645 2958 809 3020 personam
832 2936 1044 3019 apostolorum

128 3025 159 3080 et
181 3020 332 3081 eeclesiae
366 3021 454 3100 dieit,
489 3029 520 3082 et
540 3023 666 3083 abusive
687 3022 809 3082 Petrum
837 3021 967 3101 intelligi
990 3040 1045 3100 per

128 3109 255 3181 petram.
287 3103 354 3165 Nea
373 3104 473 3167 verba
490 3104 642 3186 evangelii
661 3123 758 3186 posse
778 3123 833 3184 per
856 3122 1044 3183 consequen·

128 3185 200 3244 tiom
222 3187 286 3265 pati
318 3187 398 3247 hane
429 3188 673 3267 expositionem,
706 3185 788 3267 quod
811 3185 974 3249 absurdum
997 3187 1045 3264 sit,

127 3266 249 3328 Petrum
269 3269 423 3332 aedificari
445 3280 592 3352 superse
613 3271 730 3351 ipsum,
752 3269 832 3330 ideo·
846 3274 901 3330 eos
924 3269 1045 3348 potissi·

129 3358 210 3410 mum
239 3351 345 3413 Patres
378 3372 447 3415 esse
477 3352 669 3433 sequendos,
704 3352 754 3432 qui
785 3351 985 3433 principalem
1014 3358 1046 3412 et
1104 3355 1107 3360 '

128 3435 283 3517 proprium
307 3454 430 3497 sensum
452 3436 606 3519 evangelii
634 3441 821 3517 sequuntur-,¹
848 3438 883 3495 nt
904 3434 1045 3514 Augusti·

128 3534 212 3597 aum,
235 3516 468 3598 Hieronymum,
488 3520 616 3599 Bedam,
638 3519 813 3600 On'genem.

210 3600 306 3662 Recte
328 3621 402 3682 ergo
425 3602 506 3683 dixi,
536 3603 693 3684 Pelagium
716 3602 868 3663 violenter
889 3619 1046 3679 exponere
1145 3625 1159 3653 ο

129 3682 335 3763 evangelium,
357 3703 421 3746 non
443 3688 515 3766 quia
536 3705 592 3766 per
609 3686 731 3746 Petrum
752 3692 872 3766 petram
892 3682 1046 3764 intelligit,

129 3765 212 3843 quod
236 3766 286 3828 hio
307 3767 419 3830 Eoeius
449 3770 613 3850 peregrina
640 3775 773 3830 sectatus
796 3770 954 3848 oaurotur,
990 3765 1046 3828 sed
