2356 4200
125 246 167 324 26
379 255 536 327 Responsio
555 257 586 309 b.
604 256 682 313 Mart.
698 256 808 317 Lntbsri

125 427 229 507 vides,
260 413 346 508 quod
374 433 524 509 perpetuo
554 428 616 489 hoc
637 427 762 509 dialogo
785 427 860 496 nihil
881 446 960 510 ago,
988 428 1047 498 nisi

126 510 209 591 quod
230 512 341 573 resisto
356 519 388 573 et
402 511 554 592 redarguo
569 511 785 575 scholasticam
797 511 1047 593 theologiam*),

125 594 240 671 idest,
271 594 574 674 salsamscripturae
601 603 632 655 et
653 601 914 657 sacramentorum
937 593 1048 657 intelli·

149 679 273 738 entiam.

124 698 148 760 g
207 759 369 836 Secundo,
398 767 430 822 tu
452 761 519 841 ipse
541 762 661 841 cogeris
684 760 803 840 dicere,
833 759 916 840 quod
939 778 1047 821 omncs

126 844 260 904 omnium
282 843 460 905 facultatum
483 843 601 922 dicunt,
630 844 748 905 scilicet
775 863 794 904 a
821 844 889 905 solo
912 843 981 905 Deo
1002 862 1047 905 re·

125 927 203 989 mitti
225 926 355 1007 culpam.
391 926 555 1002 Quomodo
578 946 651 1007 ergo
675 929 786 988 virtute
809 927 942 988 clavium
963 926 1048 986 venit

126 1010 285 1085 contritio,
318 1028 397 1088 quae
429 1009 497 1070 sola
517 1011 628 1070 virtute
650 1011 768 1091 gratim
789 1010 847 1070 Dei
883 1008 989 1069 venire
1010 1007 1047 1070 ab

75 1111 79 1115 ·
126 1092 266 1155 omnibus
290 1091 419 1153 dicitur?
441 1092 535 1171 Vide,
561 1112 601 1152 ne
624 1100 675 1153 tua
696 1093 865 1154 confutatio
888 1111 918 1151 m
963 1093 988 1152 ’s
1011 1092 1048 1151 sit

125 1175 297 1254 haeretica,
329 1194 422 1254 guam
459 1195 530 1235 mea
550 1177 739 1255 propositio,
773 1175 846 1255 licet
874 1193 934 1236 con
968 1181 1048 1237 tator

124 1258 204 1321 forte
225 1277 287 1320 nou
310 1259 350 1320 sit
370 1257 553 1322 haereticus.
597 1257 629 1318 Si
656 1264 757 1320 autem
787 1258 855 1340 sola
875 1258 976 1339 gratia
998 1255 1048 1323 del

123 1341 357 1419 contritionem,
383 1341 456 1420 quid
480 1341 596 1402 faciunt
619 1341 771 1402 ecclesiae
792 1341 914 1419 claves,
936 1341 963 1402 si
986 1359 1047 1401 nou

125 1422 284 1484 declarant
297 1424 348 1484 vel
360 1425 533 1504 approbant
550 1425 689 1505 gratiam,
711 1442 790 1504 quas
813 1442 865 1485 eas
883 1424 943 1484 iam
961 1441 1047 1504 prac-

124 1506 229 1568 venit?
247 1505 312 1566 lmo
325 1507 426 1567 uultus
441 1508 525 1567 venit
538 1506 578 1569 ad
591 1512 816 1567 sacramentum
831 1507 897 1569 sine
913 1505 1048 1584 fictione,

124 1589 183 1650 nisi
205 1590 304 1669 gratia
326 1608 395 1649 eum
419 1596 564 1651 movente
584 1590 624 1649 ad
646 1596 882 1650 sacramentum.

208 1673 270 1733 Aut
290 1671 455 1752 responde,
478 1672 758 1752 reverendePater,
780 1677 921 1735 curante
943 1678 1047 1737 etnon

124 1761 198 1835 post
218 1753 402 1834 baptismum
427 1758 581 1835 quaeritur
602 1754 822 1836 baptizandus,
850 1773 890 1815 au
923 1754 1048 1819 credat?

125 1837 186 1898 Cur
207 1837 414 1898 absolvendus
437 1840 600 1917 quaeritur,
622 1858 661 1899 an
685 1837 791 1901 doleat
813 1838 905 1918 digne
921 1837 961 1898 de
979 1857 1048 1919 pec·

125 1921 212 1997 cotia,
234 1925 400 1998 antequam
421 1921 621 1983 absolvatur?
649 1921 699 1980 An
729 1940 812 1982 nova
831 1922 942 1981 iterum
964 1921 1048 1983 theo·

125 2002 209 2083 logia
231 2004 391 2063 materiam
425 2004 609 2064 sacramenti
643 2005 856 2083 poenitentiae
883 2023 947 2065 non
978 2023 1048 2066 con·

124 2087 237 2163 tritum,
260 2086 315 2146 sed
337 2087 471 2147 attritum
493 2087 613 2166 pones?
643 2086 725 2167 Ergo
749 2087 893 2148 conuitio
915 2105 982 2148 non
1004 2092 1050 2148 est

124 2169 224 2248 prima
245 2188 315 2248 pars
338 2171 563 2249 poenitentiae,
591 2169 645 2229 sed
668 2171 821 2249 posterior
842 2170 1048 2248 confessione,

126 2256 159 2311 et
185 2255 288 2312 tamen
311 2271 418 2312 omnes
441 2252 561 2330 dicunt,
595 2253 678 2331 quod
712 2252 865 2314 confessio
888 2253 956 2313 sine
979 2271 1048 2315 cou-

125 2334 250 2393 tritione
272 2333 356 2394 nulla
378 2335 426 2395 sit.
469 2335 517 2395 An
546 2336 624 2396 torte
656 2343 825 2415 postquam,
850 2336 941 2397 fuerit
961 2336 1048 2397 abso·

126 2415 226 2493 lutus,
248 2416 280 2476 id
302 2425 368 2494 est,
390 2425 616 2479 sacramentum
638 2426 861 2498 consequutus,
885 2425 917 2479 et
938 2420 1048 2479 virtute

126 2498 258 2558 clavium
280 2501 438 2580 contritus,
461 2508 523 2561 tum
546 2500 669 2561 demum
683 2502 810 2580 incipiat
821 2508 963 2581 repetere
978 2519 1048 2565 ccu-

124 2579 304 2651 tessionem,
835 2584 836 2597 ¹

142 2670 145 2675 ’
210 2663 300 2739 Quod
323 2666 349 2725 si
370 2666 448 2726 haec
470 2666 629 2747 theologia
651 2686 725 2727 vera
747 2672 808 2743 est,
838 2685 940 2726 meum
963 2666 1050 2728 fucrit

125 2747 306 2824 consilium,
343 2755 375 2810 ut
403 2748 531 2828 quilibet
565 2759 711 2829 peccator
744 2750 828 2829 prius
863 2749 1049 2826 absolvatur,

45 2907 48 2912 .
128 2848 221 2908 quam
244 2829 386 2895 confiteri
409 2834 610 2912 permittatur.
652 2832 693 2892 Et
714 2833 757 2892 ita
779 2833 883 2893 omnia
903 2851 1047 2912 perverso

127 2913 239 2975 ordine
264 2912 325 2987 (ita
344 2914 409 2975 vult
431 2915 617 2976 scholastica
636 2913 815 2995 theologia)
841 2935 979 2996 agamus,
1001 2914 1049 2977 ab·

48 3064 50 3073 ¹
129 2996 281 3057 solvendo
302 2998 394 3057 etiam
419 2997 501 3076 quod
524 2999 687 3058 nescimus.
729 2998 796 3058 Deo
826 2999 958 3077 gratias,
989 3000 1048 3059 imo

128 3099 187 3140 vae
210 3079 299 3141 nobis
323 3079 451 3159 miseris,
475 3082 524 3159 qui
538 3088 653 3141 tantam
669 3079 811 3140 fiduciam
827 3082 859 3139 in
882 3089 1048 3143 creaturam

126 3163 287 3242 ponimus,
324 3168 355 3222 et
388 3163 524 3222 clavibus
560 3170 675 3224 tantam
705 3165 846 3223 virtutem
882 3163 1049 3225 tribuimus.

129 3244 191 3306 ssd
219 3264 282 3305 non
308 3246 467 3324 ,permittit
499 3245 588 3307 dolor
623 3253 654 3306 at
682 3247 838 3327 negotium
866 3265 975 3308 omues
1009 3266 1049 3317 er·

128 3347 213 3389 rores
225 3326 279 3402 **)
312 3328 343 3389 in
371 3329 433 3389 hcc
459 3336 683 3391 sacramentum
711 3331 851 3389 invectos
878 3349 935 3410 per
964 3329 1050 3393 tradi·

129 3411 230 3472 tiones
263 3410 421 3470 hominum
456 3431 655 3491 percensere,
699 3413 894 3472 occasionem
931 3412 1050 3474 dedisse

201 3695 226 3757 ⁶)
248 3692 421 3746 Scholastica
431 3692 579 3762 theologie.
603 3692 652 3756 **)
665 3692 782 3746 Errores
801 3694 830 3745 in
849 3705 1050 3754 sacramentum

52 3788 62 3799 =
129 3765 317 3834 poenitent-iae
334 3766 436 3819 invecti
454 3779 504 3834 per
522 3765 685 3823 traditiones
702 3765 860 3827 bominum.
