2356 4200
445 283 594 360 Sermones
615 279 726 357 liutheri

423 531 706 627 -Sermo

130 779 134 787 .
236 734 268 793 in
290 732 342 796 die
362 725 576 813 conceptionis
598 683 723 812 Mariae,
739 690 937 813 annot1516,

127 946 130 953 .
160 924 162 929 ·
192 946 194 951 .
237 948 239 953 ,
357 898 403 959 ds
429 898 811 974 nomine·Mariae.*)

206 1064 328 1138 Nomen
355 1065 490 1146 Virginis
521 1064 636 1124 Mariae
663 1063 714 1123 alii
752 1070 823 1125 sunt
855 1064 1048 1145 interpretati

125 1167 260 1209 amaram
283 1148 385 1224 maris,
408 1148 459 1207 alii
483 1146 604 1220 stellam
627 1147 719 1207 maris
736 1153 768 1206 et
785 1148 904 1228 utrique
916 1147 1049 1228 probant

125 1250 164 1291 eo
187 1230 269 1310 ipso,
292 1231 375 1309 quod
395 1232 427 1290 in
449 1229 590 1291 Hebraeo
613 1229 731 1289 Miriam
754 1231 929 1291 sit‘vooata
949 1232 1049 1311 virgo,

126 1314 173 1373 sio
196 1320 229 1373 st
255 1313 354 1374 Luoas
379 1333 453 1374 eam
484 1312 644 1392 appellat,
678 1312 750 1391 quia
781 1313 867 1374 Maro
897 1312 1050 1394 siguiflost

125 1415 263 1457 amarum
284 1402 317 1457 et
335 1396 407 1457 Jarn
428 1415 521 1458 mare.
565 1395 624 1470 Qui
646 1414 720 1456 vero
742 1396 862 1456 stellam
891 1397 985 1456 maris
1006 1395 1048 1457 di-

126 1487 217 1556 oum,
240 1479 272 1538 hi
294 1486 510 1574 eorruperunt,
533 1478 645 1558 quod
637 1485 837 1557 invenerunt3
808 1479 1050 1540 tinvener-unt

129 1567 233 1622 autern
256 1561 377 1622 stillam
392 1563 502 1640 maris,
520 1581 595 1621 uam
616 1561 735 1621 Mart
704 1562 795 1622 etiam
817 1562 932 1622 stillam
960 1563 1050 1643 signi

130 1643 245 1705 tinet
222 1663 289 1704 srva
311 1651 445 1724 guttam,
477 1644 614 1704 undat
582 1651 614 1704 et
634 1643 757 1724 Myrrha
778 1642 943 1724 aliquando
965 1652 1053 1725 gutta

128 1733 267 1787 vocatur.
310 1727 510 1788 somniarunt
497 1728 656 1805 tsoilioet,
679 1727 761 1806 quod
783 1727 874 1788 stella
894 1729 987 1788 maris
1000 1746 1051 1808 ap-

129 1810 213 1873 tius
219 1829 310 1889 quam
347 1810 430 1870 stilla
462 1816 598 1871 voest.u1·
650 1809 720 1870 Non
753 1817 856 1870 autem
883 1810 944 1871 hoo
971 1808 1050 1889 dieo,

128 1891 211 1970 quod
240 1911 323 1952 nuno
354 1893 447 1952 velim
478 1900 596 1953 tantam
624 1884 775 1953 ecelesias
797 1891 1049 1957 consuetudinem
1079 1896 1082 1903 ’

126 1973 266 2054 despici,
299 1978 386 2054 quasi
413 1996 475 2036 non
505 1977 546 2036 sit
571 1977 642 2036 ideo
665 1974 827 2035 dicendum
854 1976 965 2054 Maria,
997 1976 1052 2036 sad

129 2057 250 2119 Miriam
272 2066 326 2119 aut
346 2078 409 2119 uon
433 2058 523 2119 stella
545 2059 646 2136 maris,
670 2058 725 2118 sed
747 2058 829 2118 stilla
841 2078 944 2120 maris.
988 2057 1052 2120 Ori-

128 2141 234 2220 gisem
250 2141 462 2202 tantummodo
482 2143 614 2202 nominis
628 2142 843 2238 quaesivimus,
859 2160 921 2203 non
939 2142 1051 2202 aaluoi-

128 2224 210 2283 niom
241 2225 373 2304 pietatis.
430 2225 522 2305 Igitur
549 2224 678 2305 insignis
704 2224 770 2284 laus
791 2225 917 2306 virginis
939 2224 971 2285 iu
991 2225 1051 2285 ista

128 2307 253 2366 nomine
275 2307 412 2388 traditur,
436 2307 519 2386 quod
542 2309 660 2368 soiliost
648 2308 720 2367 tait
740 2326 779 2366 ex
801 2309 884 2367 omni
907 2307 984 2367 mari
1005 2313 1050 2368 to

129 2390 188 2448 tius
210 2408 332 2450 massae
353 2393 475 2486 generis
495 2391 620 2451 humani
637 2390 727 2450 unios
740 2397 938 2486 praeservata
958 2380 1048 2453 stilla.

55 2477 59 2491 '
126 2471 187 2533 Est
207 2472 288 2532 euim
311 2472 350 2533 de
372 2474 457 2549 mari,
481 2475 552 2553 quia
574 2473 656 2534 stilla
677 2473 769 2533 maris
789 2473 957 2533 seeundum
980 2492 1050 2534 san·

130 2553 201 2613 dem
232 2565 372 2615 naturam
409 2575 534 2636 prorsus
567 2562 670 2617 tamen
703 2574 766 2628 uon
803 2561 851 2616 est
882 2555 1049 2617 seeundum

128 2656 225 2713 mare,
248 2637 302 2697 sed
325 2637 366 2699 de
387 2639 472 2713 mari,
495 2640 582 2718 quasi
608 2639 741 2716 diaetas,
773 2639 803 2698 in
828 2657 896 2699 esse
920 2639 1051 2700 naturali

129 2719 272 2781 omnibus
295 2721 480 2800 estsimilis,
502 2721 557 2783 sed
579 2724 610 2782 in
633 2740 703 2783 esse
724 2722 841 2801 gratim
863 2721 1051 2783 estdissimi·

129 2802 181 2880 lis,
221 2804 366 2863 convenit
393 2824 461 2863 oum
492 2805 632 2865 omuibus
667 2804 750 2883 quod
779 2806 938 2865 estimatis
958 2803 1050 2881 stitia,

129 2885 184 2946 sed
206 2893 365 2965 separatur
385 2885 425 2946 ab
456 2888 616 2966 omnibm,
648 2889 719 2966 quia
747 2895 795 2946 est
823 2886 913 2948 stilla
963 2886 1052 2949 sulla

128 2966 277 3029 disseruit
289 2987 367 3045 aem,
390 2989 475 3030 mara
494 2972 661 3050 coniungit,
676 2976 785 3030 natura
801 2971 962 3049 assimilat,
983 2990 1050 3052 gra·-

130 3052 173 3110 tia
194 3050 362 3132 distinguit.
407 3051 505 3127 Quam
528 3052 779 3134 grandisraque
790 3051 900 3132 gloria
913 3059 1049 3113 extento

131 3134 207 3193 mari
230 3134 352 3195 unioam
374 3135 489 3196 hanes
493 3135 589 3196 tiliam
612 3136 737 3195 servari.

211 3215 267 3275 Est
290 3224 321 3277 et
342 3217 403 3278 alia
425 3218 558 3278 nominis
579 3217 790 3297 interpretatio
806 3217 844 3277 nd
858 3216 1050 3298 dignitatem,

129 3297 212 3376 quod
235 3300 445 3360 eststillaseu
460 3308 514 3380 gut
515 3308 555 3377 ta,
578 3320 656 3381 quae
670 3319 782 3442 gtrasos
804 3306 936 3360 stante
959 3318 1050 3361 vona·

129 3390 192 3455 tur,
224 3381 255 3441 h.
278 3402 304 3442 e.
327 3383 450 3463 Myrrha
471 3383 524 3443 illa
553 3403 630 3463 pura
661 3389 693 3442 et
722 3383 836 3460 electa,
866 3391 1050 3481 spontanea,

129 3482 208 3542 quae
241 3484 279 3524 ex
309 3465 419 3526 arbore
449 3466 576 3545 Myriha'
598 3470 703 3545 (quae
725 3465 764 3526 ab
782 3466 985 3528 amaritudine
1006 3468 1051 3527 sio

129 3565 168 3606 ex
190 3547 322 3609 Arabica
335 3548 440 3628 lingua
453 3550 645 3630 nominatur)
663 3550 759 3609 ineisa
772 3550 850 3629 pluit
864 3558 896 3610 et
908 3551 1049 3631 erumpit.

131 3710 321 3717 .---..---.
338 3710 422 3716 -—
427 3711 548 3718 ..-—-..-.

180 3777 210 3845 Ἰ
228 3778 377 3835 Loeseiiar.
396 3779 417 3849 Ι,
440 3780 509 3851 764..
538 3779 636 3865 Welph
655 3777 883 3850 X112229Q⁸Q
