2356 4200
186 267 247 334 138
432 239 628 326 hainnoum
646 271 753 339 Disput.
772 272 853 327 Luto.

185 437 251 498 eius
273 446 344 498 sunt
367 440 430 500 vita
444 446 484 501 et
504 441 646 521 spiritus,
666 439 738 501 ideo
761 459 890 520 necesse
911 447 968 519 est,
989 448 1023 501 nt
1040 461 1108 502 eam

185 520 297 582 doceat
322 522 570 602 poenitentiam,
604 543 683 603 quiae
711 523 743 601 in
776 520 884 604 spiritu
921 530 955 585 et
980 524 1109 585 veritate

184 605 284 689 agitur
297 603 350 688 ³⁸²),
379 613 673 685 cenomanicam,
698 625 789 686 quam
817 606 892 668 forie
923 626 1017 687 agere
1038 626 1108 689 pos:

184 688 256 748 sunt
277 686 485 784 superbissimi
507 688 705 773 hypocritae,
733 689 763 750 in
786 689 906 752 ieiuniis
929 689 992 750 suis
1013 688 1108 763 iacies

185 774 442 849 disterminantes,
475 773 505 832 iu
533 773 653 852 augulis
684 779 825 850 orantes,
860 778 891 832 et
923 791 990 837 cum
1028 760 1107 835 tubis

184 853 415 934 eleemosynam
433 856 588 916 iacientes.
633 854 721 933 llam,
739 856 878 935 inquam,
900 854 1012 916 doceat
1025 855 1108 917 cun·

184 944 247 996 stus
261 945 393 1017 oportet,
407 938 484 1018 quae
498 938 529 997 in
543 939 627 998 omni
647 937 728 998 vitae
741 957 855 1018 genere
866 940 916 1020 agi
929 939 1076 1037 potest*
1086 949 1106 1017 l,

184 1039 276 1098 quam
298 1041 352 1080 rex
374 1022 404 1080 in
428 1039 577 1101 purpura,
607 1019 752 1082 sacerdos
779 1021 997 1100 inmunditia,
1028 1022 1106 1102 prin-

184 1104 267 1184 cipes
289 1104 319 1163 in
343 1104 491 1184 dignitate
514 1123 576 1165 non
600 1105 697 1164 minus
720 1110 851 1183 possunt
872 1124 982 1186 agere,
1016 1123 1106 1184 quam

184 1187 352 1256 monachus
380 1194 432 1247 aut
461 1187 617 1248 mendicus
646 1188 676 1246 in
706 1185 903 1264 suisritibus
926 1195 957 1249 et
977 1207 1106 1269 pauper·

184 1275 256 1343 tate,
279 1271 357 1331 sicut
369 1275 498 1355 egerunt
510 1269 619 1330 Daniel
642 1279 673 1329 et
695 1269 772 1350 socii
790 1268 837 1329 'sui
852 1268 925 1350 ***)
951 1270 981 1331 in
1006 1270 1107 1332 media

182 1348 369 1432 Babylona
397 1351 546 1414 Omnibus
569 1353 650 1434 enim
677 1350 871 1431 homiuibus,
904 1352 935 1413 id
960 1361 1021 1430 est,
1044 1371 1106 1415 om·

184 1437 266 1495 nium
291 1436 462 1497 conditioni
483 1435 577 1498 debet
599 1436 766 1496 convenire
790 1434 931 1497 doctrina
953 1430 1075 1497 Christi.

265 1519 386 1600 Tertio,
415 1517 475 1600 'per
503 1525 600 1581 totam
627 1516 720 1578 vitam
752 1536 875 1579 oramus
904 1526 935 1579 et
957 1519 1105 1583 orandum

183 1607 245 1663 est:
284 1602 411 1664 Dimitte
433 1600 521 1664 nobis
550 1600 654 1664 debita
686 1607 808 1679 nostra,
843 1621 917 1662 erc
951 1609 1018 1663 tota
1045 1603 1108 1664 vita

182 1685 416 1767 poenitentiam
428 1676 556 1768 agimus,
579 1690 611 1745 et
623 1681 820 1765 displicemus
835 1621 935 1762 nolis,
958 1686 1017 1746 nisi
1040 1685 1106 1768 quis

183 1769 222 1829 sit
244 1769 287 1830 ita
308 1767 432 1846 stultus,
461 1774 494 1828 ut
522 1767 594 1828 ficte
621 1774 709 1850 putet
730 1764 879 1828 orandum
902 1767 960 1829 sibi
981 1787 1039 1851 pro
1062 1789 1106 1829 re·

183 1846 339 1914 mittendis
358 1850 484 1915 debitis.
526 1847 610 1911 Vera
631 1850 712 1911 euim
735 1859 815 1928 sunt,
838 1856 869 1910 et
890 1869 953 1911 non
971 1858 1106 1914 contem·

183 1934 286 1997 nenda
308 1933 426 2014 debita,
461 1953 518 2016 pro
548 1932 658 2013 quibus
687 1951 776 1994 crare
801 1931 955 2013 iubemur,
987 1934 1107 1995 etiamsi

183 2012 244 2079 silit
278 2016 425 2096 venialla,
455 2036 517 2083 non
546 2021 648 2077 tamen
671 2017 729 2076 nisi
758 2015 803 2076 eis
831 2016 967 2077 remissis
996 2018 1107 2080 salvari

180 2099 397 2184 possumus1).

501 2252 720 2314 Conclusio
743 2251 785 2312 11.

185 2427 189 2454 2
265 2382 354 2459 Quod
377 2382 502 2444 verbum
525 2380 565 2441 de
579 2381 999 2463 sacramentalifpoenitcntia
1017 2390 1105 2458 (con-

180 2467 323 2538 fessionis
341 2473 373 2526 et
386 2465 614 2539 satisfactionis,
630 2482 709 2543 quae
726 2463 920 2524 sacerdotum
935 2466 1104 2528 ministerio

182 2549 369 2629 celebratur)
395 2569 457 2611 non
480 2554 585 2628 potest
605 2546 743 2627 intelligi.

386 2632 475 2692 Hauc
496 2631 588 2692 etiarn
611 2648 716 2690 assero
739 2635 770 2690 ct
791 2628 901 2709 probo.

183 2780 187 2788 ,
264 2716 376 2793 Primo,
399 2716 473 2795 quia
495 2714 686 2794 poenitentia
707 2712 939 2774 sacramentalis
964 2720 1013 2774 est
1035 2721 1104 2776 tern-

182 2799 313 2881 poralis,
337 2818 395 2859 nec
415 2804 519 2878 potest
539 2797 622 2857 omni
646 2802 803 2855 momento
826 2796 893 2875 agi,
922 2795 1037 2876 alioqui
1061 2817 1105 2858 as·

183 2883 270 2945 sidua
304 2902 371 2943 cunr
405 2878 566 2941 sacerdote
601 2877 788 2957 loquendum
819 2887 902 2940 esset
935 2898 992 2940 nec
1024 2878 1104 2942 aliud

184 2967 347 3046 quicquam
380 2963 549 3045 agendum,
580 2963 638 3022 nisi
671 2968 800 3042 peccata
845 2961 1105 3043 confitendum2),

182 3057 275 3128 atque
286 3047 527 3109 satisfactionem
538 3046 713 3124 impositam
727 3044 1010 3122 exsequenduml).
1033 3045 1104 3106 ldeo

183 3151 246 3196 non
268 3138 373 3211 potest
394 3149 463 3192 esse
484 3148 558 3189 crux
586 3128 655 3205 illa,
684 3147 773 3206 quarn
799 3126 936 3188 Christus
959 3130 1106 3210 praecipit

183 3216 302 3290 tollere,
325 3233 383 3274 nec
406 3219 454 3274 cst
475 3210 668 3272 mortificatio
691 3211 869 3290 passionum
892 3211 1001 3273 carnis.

267 3297 421 3371 Secundo,
443 3293 676 3356 sacramentalis
698 3303 745 3354 est
767 3303 895 3355 externa
917 3301 1056 3373 tanturn,
1078 3303 1106 3356 et

183 3382 384 3463 praerequirit
409 3381 577 3454 internam,
612 3378 679 3438 sine
710 3396 770 3455 qua
799 3376 875 3436 nihil
904 3377 995 3438 valet.
1046 3377 1104 3440 Sed

182 3467 261 3528 haec
281 3466 403 3524 iuterna
423 3471 479 3536 est,
502 3470 534 3521 et
555 3462 622 3521 sine
644 3458 859 3520 sacramentali
882 3479 951 3519 esse
973 3467 1086 3541 potest

188 3598 190 3603 ,
255 3547 390 3626 Tertio,
422 3543 653 3608 sacramentalis
686 3549 790 3622 potest
819 3562 889 3603 esse
911 3543 998 3621 licta,
1030 3544 1106 3605 haec

259 3713 288 3777 l)
308 3713 338 3763 ln
358 3711 400 3763 ed.
418 3710 491 3761 len:
512 3711 662 3778 possimus.
707 3709 736 3772 2)
757 3709 840 3761 ibid:
870 3708 1106 3762 confitendi-exsc-

183 3783 331 3864 quondam.
368 3782 535 3846 ‘llolrsnm
556 3780 597 3835 6.
624 3781 781 3845 “lllattlr.
802 3780 826 3835 6.
866 3781 930 3844 ⁰⁸)
952 3782 1018 3834 Dan.
1039 3782 1064 3837 3.
