2356 4200
467 316 585 377 murs
603 314 727 376 uaora,·
946 300 948 305 ’
1007 313 1050 383 o3

133 507 198 552 sese
219 487 415 570 multiplicat.
458 487 527 550 Hoo
548 494 604 569 est,
629 486 711 568 quod
724 488 858 553 essentia
880 507 939 550 nee
958 507 1049 569 gepa

128 579 193 651 rat,
216 576 475 654 neegeneratur.
516 570 618 648 Quare
639 572 791 652 sequitur,
822 570 906 650 quod
931 571 967 633 Β.
989 568 1049 632 Au-
1116 601 1121 610 =

127 656 269 738 guntinus
292 655 412 736 optime
433 653 516 733 diois,
530 653 623 735 :quod
645 674 742 732 mena,
764 654 921 734 memoria,
943 655 1062 716 volun--

129 746 189 819 tas,
219 756 277 800 seu
299 756 404 816 mens,
425 738 552 817 notitia,
572 757 660 801 amor
681 745 752 799 sunt
772 756 833 799 uua
851 737 918 798 'vita
938 743 969 798 et
989 744 1051 798 tres
1107 772 1111 784 =

127 823 217 884 vitae.
242 821 296 883 Sie
308 821 333 883 si
348 821 380 883 in
391 839 426 881 re
436 820 606 883 inanimata
616 821 741 898 diceret,
758 839 817 900 res,
832 826 942 898 motus,
964 821 1051 899 quies

118 911 195 966 'sunt
211 923 309 971 unum
319 909 353 967 el
372 904 440 981 trio,
462 904 544 983 quia,
557 903 688 966 dumres
700 911 757 983 eet,
771 905 836 964 inm.
846 909 919 984 apta
929 910 976 963 est
987 922 1050 965 mo·

126 989 201 1067 veri,
224 993 259 1051 et
279 988 325 1053 sie
340 1005 381 1049 ex
398 1005 468 1047 esse
488 984 676 1065 lluitmotus,
698 1005 762 1047 non
783 987 822 1047 in·
836 991 1051 1067 quantumeat,

126 1070 278 1152 sedquia,
301 1069 374 1133 dum
395 1088 445 1131 res
456 1076 512 1152 est,
534 1076 582 1131 est
601 1069 734 1148 mobilis,
757 1089 869 1151 eaque
880 1068 1052 1132 mobilitate

125 1153 195 1217 fluit
214 1159 335 1234 mutua,
359 1172 399 1234 aa
420 1155 550 1232 utroque
571 1160 690 1232 autenm
712 1158 797 1216 motu
814 1159 851 1214 et
871 1151 1051 1231 mobilitate,

124 1239 223 1301 oritur
246 1237 389 1317 quieset
409 1233 481 1297 finis
495 1242 606 1297 motus.
624 1278 628 1283 -
648 1235 683 1297 ln
706 1237 789 1299 omni
807 1237 888 1297 enirn
910 1241 996 1298 motu
1008 1236 1052 1297 sio

70 1392 74 1407 ἱ
123 1320 173 1399 fit,
194 1325 231 1380 ut
251 1337 324 1399 pars
346 1318 497 1399 eequisita
518 1324 620 1379 cesset
633 1319 766 1398 ¹oequiri‚
788 1325 820 1380 et
835 1320 880 1380 sit
899 1319 943 1381 ibi
963 1320 1051 1399 quies

124 1402 266 1482 mobilis,
299 1402 396 1465 etita
417 1401 527 1463 eadem
557 1420 607 1464 res
627 1408 775 1482 respectu.
791 1403 930 1481 termini,
960 1421 1051 1483 quem

126 1485 264 1566 quaerit,
287 1484 517 1562 movetur‚.sed
535 1491 681 1565 respeotu
702 1486 900 1565 eiue3'quem
922 1486 1051 1565 aequis's

124 1570 178 1649 vit,
201 1568 350 1649 quiescit:
373 1584 470 1647 quare
493 1566 551 1629 sibi
572 1575 605 1629 et
618 1574 811 1631 movetur-et
832 1568 973 1649 quiesoim
994 1568 1052 1630 sibi

124 1651 235 1733 ineipit
263 1668 388 1731 semper
408 1655 438 1711 et
461 1649 588 1728 desinit,
620 1650 679 1713 sibi
696 1651 829 1714 'ost-‹iu
846 1653 1053 1732 prinoipio=et

123 1733 187 1797 line
209 1751 351 1814 semper·
386 1732 434 1795 lta
464 1733 496 1792 in
525 1732 636 1796 divinis
663 1731 715 1814 fit,
747 1733 798 1796 ubi
826 1752 948 1815 semper
967 1735 1052 1796 Deus

120 1822 270 1879 movetur
280 1822 313 1877 et
324 1815 454 1895 quiescit
476 1821 588 1896 (peroe
600 1816 699 1881 testor
720 1816 822 1879 verbis
837 1818 971 1899 indignis
986 1824 1051 1879 ton-

126 1906 175 1963 tae
208 1899 256 1961 rei
290 1899 511 1979 expressione)
545 1897 699 1960 movendo
732 1897 830 1977 fliius,
863 1900 1050 1980 quiesoondo

125 1982 258 2064 Spiritus
282 1986 408 2045 sanetus
427 1978 595 2063 propedit*
602 1989 647 2056 t·
671 1979 751 2056 Quia
774 1981 903 2062 Spiritus
926 1989 1051 2045 sanotus

124 2064 195 2127 linis
218 2069 267 2131 est
288 2063 583 2143 emanationis-Dei,
605 2064 667 2126 imo
682 2064 889 2145 dum-semper
911 2085 950 2127 ex
961 2067 1052 2127 Patre

124 2146 252 2229 profluit
273 2153 391 2227 motus,
412 2147 432 2207 i.
456 2166 484 2208 o.
506 2144 602 2225 iilius,
625 2165 746 2228 semper
769 2167 808 2208 ex
829 2154 960 2229 utroque
981 2168 1051 2229 pro·

124 2232 212 2292 venit
233 2231 331 2310 quies,
353 2230 385 2290 in
400 2244 461 2308 qua
483 2236 515 2290 et
536 2229 650 2290 mobile
666 2237 697 2290 et
718 2237 819 2291 motus
833 2229 944 2293 finitur.
989 2231 1051 2293 Sed

125 2320 228 2375 motus
238 2313 294 2374 ille
305 2318 447 2374 aeternus
463 2317 510 2373 est
522 2313 574 2390 ibi,
595 2313 683 2373 itaet
699 2315 784 2392 quies
798 2321 935 2376 aeterna.
958 2314 1048 2394 Vide,

126 2415 219 2476 quam
241 2406 315 2476 apte
347 2396 461 2456 serviat
489 2395 671 2457 Aristoteles
703 2397 734 2456 in
766 2397 965 2477 philosophia
994 2417 1050 2458 sua

127 2478 318 2559 theologiae,
341 2479 366 2538 si
388 2497 462 2555 non,
484 2483 518 2538 ul
537 2480 603 2558 ipse
623 2479 732 2557 uoluit,
755 2479 810 2540 sed
832 2480 940 2541 melius
961 2480 1049 2541 intel-

128 2563 233 2643 ligitur
261 2567 294 2622 et
318 2561 498 2642 applicetur.
541 2562 620 2621 Nam
647 2580 695 2622 res
725 2582 797 2623 vere
826 2570 873 2624 est
900 2564 1051 2643 elocutus,

127 2652 160 2707 et
181 2643 289 2722 ereda,
312 2642 397 2723 quod
407 2643 533 2704 aliunde
545 2644 662 2704 furatus
675 2646 723 2723 sit,
747 2664 826 2725 quae
838 2652 923 2706 tanta
936 2665 1052 2726 pompa

129 2727 249 2808 profert
273 2728 429 2789 et-iaetat
472 2725 534 2788 Sed
555 2734 659 2788 tamen
681 2729 802 2788 veniam
818 2735 901 2809 peto,
925 2730 1051 2805 oDeue,

130 2809 213 2889 quod
235 2809 277 2870 de
290 2816 344 2869 tua
355 2810 675 2889 penitissimanatura,
696 2810 769 2871 lieet
779 2812 810 2871 in
821 2811 965 2892 gradibus
988 2831 1008 2871 a
1021 2817 1053 2871 te

130 2893 309 2954 constitutis
331 2891 518 2970 ascendens,
542 2899 604 2953 tam
632 2892 760 2973 indigna
781 2895 892 2972 loquor
914 2901 945 2954 et
967 2913 1051 2955 exer-

130 2976 204 3038 oito.
247 2974 338 3035 Nune
359 2974 399 3035 ad
420 2994 523 3036 mores
538 2975 724 3036 veniendum
746 2982 802 3048 est,
825 2983 857 3037 et
873 2976 1053 3037 discendnm

129 3058 302 3138 inprimisp
319 3057 403 3136 quod
424 3059 503 3119 sieut
524 3058 651 3119 verbum
670 3060 729 3120 Dei
759 3078 830 3119 earo
862 3059 1054 3136 factumest,

132 3143 175 3202 ita
197 3147 283 3200 eerte
306 3141 445 3220 op'ortet,
468 3147 501 3201 et
523 3141 606 3220 quod
627 3160 699 3202 earo
722 3141 776 3202 fiat
796 3141 933 3203 verbum.
975 3141 1054 3202 Nam

132 3223 206 3284 ideo
228 3222 355 3284 verbum
381 3221 416 3284 fit
443 3243 532 3302 earo,
561 3231 595 3284 ut
619 3243 691 3284 earo
719 3223 774 3284 fiat
800 3223 936 3286 verbum.
979 3224 1054 3285 Ideo

132 3307 219 3367 Deus
240 3304 276 3365 fit
295 3305 402 3384 homo,
424 3312 457 3366 ut
477 3306 571 3367 homo
588 3306 642 3367 fiat
660 3307 743 3367 Deus
756 3306 821 3385 ”t
866 3306 939 3369 Ideo
960 3309 1056 3366 virtus
1146 3358 1152 3373 ,

132 3388 167 3450 flt
188 3387 320 3466 infirma,
343 3388 547 3450 utinfirmitas
571 3389 786 3467 liatvirtuosa3
807 3389 907 3450 induit
927 3389 1057 3450 formam

133 3479 164 3533 et
186 3471 317 3552 figuram
339 3478 493 3549 nostram,
521 3480 552 3533 et
573 3473 740 3553 imaginem
762 3480 794 3533 et
816 3471 1058 3546 similitudinem,

134 3562 248 3616 utnon
270 3553 379 3615 induat
392 3556 537 3636 imagine,
557 3555 664 3635 forma,
686 3554 888 3615 similitudine
899 3574 964 3632 sua,
986 3553 1057 3614 ideo

192 3747 224 3817 ⁸)
246 3747 322 3800 Haeo
341 3749 466 3803 scholam
480 3738 600 3818 sapiunt,
619 3753 646 3801 et
657 3748 776 3801 Luthero
790 3746 975 3800 condonanda
988 3751 1060 3800 sunt.

135 3822 188 3889 ⁸0)
210 3819 274 3874 llos
288 3820 362 3874 liene
381 3822 455 3874 infra
474 3822 640 3891 expllootur:
656 3836 710 3876 nos
729 3830 786 3876 non
805 3819 884 3876 Deus
902 3820 1050 3877 ellioinmr.
1091 3863 1095 3874 .
