2356 4200
429 277 534 334 Contra
551 277 628 335 Obal.
648 280 731 334 Ecoii.
979 274 1042 340 415
1126 318 1130 329 .

128 467 186 508 neo
208 447 247 510 ab
269 450 419 510 universis
441 451 503 510 suis
520 447 738 528 theologastris
750 445 959 524 scholasticis,
981 447 1043 507 imo

127 532 210 591 Deus
232 533 391 593 remittens
412 539 572 612 peccatum
601 530 691 591 simul
713 531 834 609 culpam
857 537 888 589 et
909 548 1045 609 poenam

126 615 266 692 remittit,
294 617 395 675 sciens
424 626 472 676 sat
506 633 674 694 poenarum
704 633 772 673 esse
808 613 983 692 peccatori,
1019 614 1045 672 si

127 697 206 758 bene
227 699 321 777 vivat,
343 717 458 758 acaum
471 701 551 759 vitiis
566 699 728 778 pravisque
741 695 885 772 moribus,
908 714 1044 775 praeser-
1127 738 1129 745 ι

126 782 181 841 tim
202 781 329 859 inolitis,
351 789 475 861 pugnet.
519 779 818 842 lindemacus&
854 777 886 838 Si
918 796 1044 839 conver-

126 883 178 923 sus
200 863 289 923 luerit
310 866 422 944 impius
446 867 484 923 alt
508 864 665 948 impietate
687 881 759 939 sua,
790 871 821 921 et
841 861 947 921 fecerit
969 860 1044 921 iudi-

125 948 206 1006 cium
229 954 261 1007 et
280 949 436 1024 iustitiam,
459 949 522 1006 vita
543 947 635 1023 vivet,
659 952 692 1005 et
712 964 774 1005 non
796 945 951 1023 morietur,
974 962 1044 1024 peo-

126 1035 265 1089 catorum
299 1031 364 1089 eius
394 1048 456 1089 non
486 1027 681 1090 recordabor.
729 1027 788 1087 Hic
817 1026 900 1086 nulla
932 1045 1044 1106 poena,

124 1113 185 1172 nisi
208 1125 287 1192 opus
309 1112 412 1172 iudicii
435 1120 467 1172 et
487 1113 621 1172 iustitiae
642 1112 818 1190 requiritur,
846 1110 972 1188 impium
994 1129 1044 1169 au-

125 1201 189 1255 tem
211 1201 259 1254 est
281 1195 350 1275 plus
371 1196 546 1275 impositum
569 1193 701 1274 fingere,
732 1212 823 1272 quam
844 1193 928 1252 Deus
949 1193 1045 1271 impo-
1139 1247 1142 1250 ,

123 1279 180 1338 nit.
224 1280 288 1339 lmo
317 1280 348 1338 in
377 1278 512 1353 Joeler)
547 1278 634 1338 dicit:
663 1276 799 1337 Scindite
820 1273 1045 1354 cordavestra,

125 1367 158 1420 et
178 1379 241 1420 non
262 1363 447 1421 vestimenta
468 1367 579 1421 vestra.
622 1359 662 1419 Et
688 1359 764 1420 illud
783 1359 863 1420 Psal.
885 1361 945 1422 51:
973 1353 1045 1419 Pec-

125 1450 228 1504 catum
252 1463 354 1502 meum
376 1451 554 1504 contremo
576 1450 624 1503 est
640 1461 770 1521 semper.
804 1440 921 1516 Quibus
944 1441 1045 1502 verbis

124 1527 289 1607 probatur,
322 1528 422 1587 Deum
450 1547 520 1587 esse
550 1532 729 1586 contentum
761 1523 834 1586 odio
864 1525 984 1604 peccati
1015 1532 1046 1584 et

126 1616 234 1669 amore
255 1610 437 1684 iustitiae.1)
483 1610 524 1670 Et
545 1609 615 1670 talis
636 1629 692 1689 per
713 1605 1047 1669 omnemvitamdebet

126 1711 196 1753 esse
219 1691 329 1756 fidelis.
374 1693 476 1767 Quare
497 1692 554 1753 sibi
577 1711 664 1752 suum
687 1691 903 1751 scholasticum
920 1689 1046 1750 sitillud

126 1783 345 1854 commentum,
368 1775 450 1854 quod
470 1795 606 1836 oenones
625 1775 910 1853 declarentpoenaa
924 1772 1046 1833 divinae

125 1860 309 1938 sententiae,
331 1859 404 1920 nolo
427 1858 505 1918 illud
526 1865 696 1937 acceptare,
719 1857 821 1918 donec
841 1875 905 1917 non
928 1855 1046 1917 schola-

126 1943 214 2020 stice,
238 1942 292 2002 aed
314 1942 524 2002 ecclesiastice
548 1943 644 2010 (siout
664 1940 820 2020 promisit)
846 1938 994 1999 docuerit.

209 2023 300 2099 Quod
329 2044 404 2086 vero
428 2043 563 2084 canones
585 2024 647 2082 sint
669 2023 783 2100 laquei,
810 2028 842 2081 et
868 2041 931 2081 non
954 2021 1046 2100 selus,

126 2109 153 2167 si
174 2107 383 2168 accumulatas
408 2112 459 2182 (ut
480 2111 588 2182 vocat)
614 2125 732 2185 poenas
743 2106 914 2182 imponunt,
935 2105 1045 2164 iterum

123 2192 231 2251 nescio
255 2190 327 2268 quid
349 2190 446 2269 dicat,
468 2191 567 2269 ipsum
590 2208 714 2268 quoque
734 2188 852 2247 nescire
873 2187 946 2266 quid
964 2186 1046 2248 dicat
1107 2246 1112 2257 ,

125 2272 229 2333 credo.
272 2273 351 2332 Nam
380 2275 405 2332 si
438 2274 528 2335 etiarn
560 2272 639 2331 ultra
671 2291 762 2350 quam
797 2271 880 2330 Deus
911 2273 1044 2350 requirit,

124 2357 266 2434 imponat
287 2355 448 2433 sacerdos,
471 2363 554 2415 certe
576 2355 732 2415 ferendum
762 2360 826 2433 est,
856 2359 887 2413 et
912 2354 1045 2414 salutare

124 2439 244 2514 ferenti,
266 2444 393 2518 propter
413 2440 616 2499 reverentiam
629 2445 661 2498 et
673 2437 879 2498 obedientiam
903 2437 1044 2499 clavium.

124 2521 157 2581 Si
178 2529 281 2581 autem
302 2523 346 2581 ita
366 2521 441 2597 vult,
462 2522 544 2600 quod
566 2523 722 2582 remittens
745 2536 862 2600 poenas
879 2523 1044 2581 canonicas

125 2604 204 2664 fallit
225 2596 409 2682 absoluturi,
432 2606 457 2663 si
479 2624 541 2664 non
564 2605 654 2664 simul
675 2606 866 2664 remittantur
887 2622 1008 2683 poenae
1026 2624 1046 2665 a

124 2687 192 2748 Deo
214 2689 388 2767 impositae,
410 2694 441 2747 et
462 2687 817 2766 siciliaqueeturpoenis
831 2686 951 2765 divinis,
973 2687 1045 2747 dum

125 2770 255 2829 solvitur
276 2771 314 2830 ab
339 2771 495 2830 humanis:
525 2770 585 2830 hoo
607 2777 690 2831 certe
713 2778 839 2831 eatenus
862 2776 909 2829 est
930 2789 1045 2846 verum,

126 2860 276 2930 quatenus
298 2873 403 2913 verum
426 2861 482 2930 est,
505 2872 622 2932 poenas
646 2874 664 2913 a
685 2854 752 2913 Deo
775 2853 907 2932 imponi,
934 2852 964 2911 id
987 2860 1043 2931 est,

124 2935 331 2995 falsissimum.
357 2935 449 2996 ’Ideo
472 2954 534 2996 non
554 2955 689 2997 canones
709 2943 778 2995 sunt
791 2935 902 3015 laquei,
925 2934 980 2995 sed
1000 2937 1044 2995 in·

125 3017 210 3079 dooti
232 3025 264 3078 et
284 3019 391 3078 insulsi
414 3019 561 3097 theologi,
583 3021 634 3097 qui
647 3020 931 3097 somniantpoonas
944 3038 962 3078 a
976 3018 1043 3079 Deo

124 3102 252 3180 imponi,
275 3107 327 3161 aut
347 3121 403 3180 per
424 3120 559 3162 canones
582 3101 729 3162 declarari
749 3120 768 3160 a
787 3101 855 3161 Deo
875 3102 1043 3181 impositas.
1078 3097 1081 3103 ’

209 3183 299 3257 Quod
324 3186 348 3244 si
372 3184 651 3263 obelisoophrastns
663 3192 768 3245 noster
783 3189 845 3244 tam
864 3190 947 3244 esset
959 3184 1043 3246 theo·

124 3266 225 3347 logus,
235 3286 325 3345 quarn
335 3274 382 3327 ast
394 3267 613 3347 (philosophus
625 3287 705 3348 pene
717 3264 881 3348 dixissem)
896 3267 1044 3346 sophista,

125 3369 188 3410 non
218 3349 324 3410 debuit
351 3352 467 3426 mirari,
501 3369 637 3411 canones
664 3371 734 3411 esse
765 3351 894 3428 laqueos
928 3352 1044 3426 mortis,

128 3432 253 3511 quando
276 3435 366 3493 etiam
391 3433 443 3493 lex
462 3434 520 3495 Dei
542 3440 590 3493 est
610 3436 732 3513 mortis,
754 3435 833 3511 irae,
864 3435 1045 3513 peccatique

125 3517 274 3594 ministra,
297 3524 328 3576 et
348 3516 441 3595 plane
462 3523 528 3576 rete
549 3516 634 3595 illud,
657 3536 717 3596 qun
740 3518 823 3577 Deus
847 3518 951 3578 omnia
972 3536 1043 3577 oon·

181 3651 193 3680 a

173 3650 211 3846 ll
227 3651 476 3847 Eieldlwittenb,
495 3730 523 3777 et
541 3721 615 3791 apud
633 3722 748 3777 Loesch.
772 3722 896 3777 additum
925 3727 984 3780 est:
1014 3724 1044 3777 in

125 3809 171 3847 cre
192 3809 226 3846 en
239 3810 262 3847 e.
