2356 4200
476 293 503 335 e.
521 277 592 335 utto
609 278 706 333 habiti.
1012 273 1054 343 97

142 450 182 507 est
200 464 247 525 os,
271 445 412 507 foramen
432 451 465 506 et
484 452 595 527 porte,
619 466 676 527 per
696 464 787 527 quom
809 446 942 591 possulus
965 465 1050 529 assu·

140 531 223 589 mitm
249 536 283 589 et
314 530 538 610 incorporatur.
587 529 638 593 sio
663 530 755 594 Prov.
789 531 819 594 3.
871 548 951 591 oves
982 549 1052 610 pro·

136 611 223 672 fundo
244 631 283 672 os
298 611 431 690 ahenos,
451 611 534 673 unde
547 619 580 673 et
592 613 795 693 Evangelium
813 619 861 673 est
880 632 916 673 os
929 611 1052 692 Christi,

136 702 162 755 et
188 694 251 755 duo
282 696 348 756 eius
379 696 463 757 lebie
488 702 640 757 vetaret
666 715 782 757 novum
807 695 1051 775 Testamentum,

134 777 238 838 dentes
259 784 365 839 eutem
387 784 460 839 sunt
478 779 690 859 eorreptiones
712 780 743 840 in
765 779 837 839 iilis.
879 778 938 839 Per
949 778 1052 849 Even-

132 860 242 940 getium
270 862 371 940 enim,
406 880 486 941 quoe
517 868 567 923 est
600 868 733 942 anguste
764 867 855 943 ports
882 868 914 923 et
941 869 1051 942 puteus

132 962 279 1023 equorum
296 945 479 1024 ¹viventium,
506 963 563 1005 nos
580 946 739 1023 intramus,
761 964 841 1025 quoe
858 951 930 1005 sunt
941 951 1050 1024 portos

130 1026 215 1106 Zion,
235 1045 366 1106 quorum
387 1046 473 1088 seros
492 1027 693 1089 oonoordnvit
712 1029 873 1107 Dominus,
899 1028 944 1089 sio
970 1028 1052 1089 enim

131 1115 159 1170 et
178 1111 292 1171 oiritus
315 1117 364 1171 est
384 1111 535 1191 seriptum
553 1116 671 1171 saneto.
713 1112 827 1173 Verum
855 1129 919 1171 non
943 1110 1052 1171 fuisset

130 1191 215 1254 forus
238 1193 341 1253 meilis
362 1194 394 1254 in
408 1212 462 1254 ore
475 1194 704 1271 eiusinuentus,
726 1195 784 1255 nisi
807 1195 927 1256 oooisus
944 1193 1052 1255 fuisset

130 1274 177 1337 leo
199 1276 218 1337 i.
242 1295 272 1337 e.
293 1276 430 1357 populus
454 1275 659 1357 synagogae,
695 1279 725 1338 in
753 1277 851 1338 litem.
900 1275 1052 1353 Quamdiu

130 1359 209 1419 enim
231 1358 286 1420 lex
307 1359 439 1438 vivebat,
462 1358 497 1421 os
515 1360 616 1420 leonis
629 1365 661 1420 et
682 1359 733 1421 leo
752 1361 819 1440 ipse
840 1359 974 1439 vivebat,
997 1358 1052 1419 sed

129 1441 256 1522 impleto
284 1443 356 1523 lege
383 1448 415 1503 et
445 1441 534 1504 litere
561 1444 666 1503 oooiso
686 1443 821 1522 populus
843 1460 967 1522 quoque
988 1443 1050 1504 ium

129 1543 189 1585 uon
219 1526 312 1604 vivit,
345 1526 450 1604 quiin
471 1525 526 1586 illo
552 1525 686 1587 vivebat.
728 1525 849 1586 Eodem
882 1524 978 1587 modo
1010 1544 1052 1585 ex

129 1607 203 1669 duro
227 1616 262 1669 et
280 1608 352 1669 forti
374 1608 517 1687 duloedo,
539 1609 611 1689 quio
623 1608 675 1668 lex
695 1607 771 1669 dure
784 1615 816 1669 et
828 1609 943 1689 gravis,
965 1614 1050 1689 post·

129 1709 219 1769 quom
249 1692 355 1753 oooisn
379 1698 442 1768 est,
473 1691 562 1753 litere
585 1692 651 1754 eius
670 1691 767 1751 duleis
788 1692 871 1753 iaots
891 1698 949 1753 est.
971 1689 1052 1765 Quin

128 1772 178 1834 lex
205 1793 246 1835 en
272 1774 481 1855 oppretiobot,
508 1794 588 1853 quoe
610 1774 713 1835 fooere
735 1793 798 1835 non
820 1775 921 1856 potuit
941 1773 1048 1851 bomo,

129 1862 159 1917 et
179 1875 219 1919 eo
239 1856 344 1938 debet,
366 1876 445 1937 quoe
458 1858 590 1938 emplius
605 1856 795 1938 impediebat
806 1855 882 1937 fieri,
899 1876 942 1918 so.
968 1856 1052 1917 bonu

128 1940 329 2020 temporalia,
363 1959 443 2020 qnee
469 1947 614 2002 evertunt
645 1960 700 2001 oor
727 1960 747 2001 n
767 1938 846 2003 Deo.
888 1938 941 2002 δίο
968 1940 1053 1999 venit

128 2023 187 2084 mel
208 2023 250 2085 de
270 2030 376 2104 petro,
407 2024 511 2085 oleum
532 2023 572 2085 de
595 2043 672 2085 saxo
693 2023 872 2101 durissimo,
906 2040 988 2103 uque
1009 2021 1051 2083 de

127 2113 230 2186 petre,
263 2109 308 2167 sio
341 2106 520 2169 mandibula
553 2108 633 2168 esini
671 2115 718 2168 est
754 2105 863 2167 eedem
899 2106 1049 2186 seriptum

126 2191 203 2270 pigri
225 2191 333 2270 populi
354 2198 386 2251 et
406 2190 485 2251 tordi
508 2191 620 2268 sorde,
640 2190 696 2251 sed
719 2190 867 2251 molerem
890 2190 954 2251 eius
976 2189 1048 2249 den·

126 2279 187 2333 tem
210 2274 332 2353 operuit
352 2274 436 2334 Deus
458 2281 490 2334 et
511 2274 710 2354 egrediuntur
731 2292 840 2352 oquae.
885 2272 936 2333 Sio
956 2273 1049 2333 mittit

126 2356 305 2435 orystsllum
327 2376 431 2434 suum,
459 2359 538 2417 siout
561 2357 732 2434 buecellas,
762 2363 793 2417 et
815 2377 835 2416 o
864 2356 943 2417 faeie
973 2356 1048 2417 tenti

98 2477 101 2484 -
125 2438 257 2519 frigoris,
278 2440 368 2500 huius
390 2443 502 2519 oneris,
524 2441 613 2501 huius
632 2441 761 2501 duritiae
778 2440 846 2519 quis
867 2438 1048 2500 sustinebit?

126 2521 180 2582 sed
208 2523 310 2583 mittet
336 2522 464 2583 verbum
494 2544 581 2584 suum
613 2531 645 2584 et
673 2523 848 2603 liqueieoiet
876 2543 928 2602 eo,
964 2521 1050 2583 flabit

127 2606 249 2684 spiritus
271 2613 302 2666 et
323 2605 420 2667 fluent
440 2626 555 2686 oquae,
585 2614 616 2668 et
637 2607 698 2667 hoo
720 2613 817 2667 totum
839 2625 895 2685 per
917 2612 1048 2666 mortem

127 2686 248 2752 Christi.
291 2688 342 2750 sie
364 2690 469 2751 omnio
491 2690 667 2770 supradicto
687 2696 804 2770 potent,
826 2688 985 2768 quomodo
1009 2687 1049 2749 de

126 2771 230 2832 onlore
260 2772 354 2852 frigus
386 2780 418 2833 et
443 2773 483 2833 de
515 2774 628 2854 frigore
659 2774 762 2853 color,
796 2779 827 2832 et
859 2772 1045 2833 eontrarium

127 2852 164 2914 de
186 2857 342 2915 oootrerio
366 2857 460 2917 venit.

206 2937 297 2998 Nune
318 2940 473 3018 mysterio.
502 2939 636 2999 Primum
658 2940 697 2999 de
719 2938 851 3015 Christo,
874 2937 924 3014 qui
946 2955 1047 3015 egres-

125 3038 175 3079 sus
198 3026 247 3080 est
268 3020 307 3080 de
336 3041 390 3082 ore
418 3022 551 3101 dioboli,
591 3023 641 3101 qui
669 3042 738 3082 eum
767 3021 946 3097 devoravit,
981 3020 1049 3101 ipse

125 3104 206 3163 enim
229 3110 277 3164 est
298 3104 383 3165 oibus
405 3111 521 3184 noster,
543 3105 659 3186 paseha
671 3111 820 3184 nostrum,
834 3105 922 3183 ponis
944 3109 1050 3162 noster

125 3183 164 3245 de
186 3187 277 3247 ooelo
302 3186 503 3252 descendens.
549 3188 692 3249 Gomedit
720 3189 800 3248 enim
828 3188 894 3263 leo,
930 3194 961 3246 et
990 3187 1048 3245 nisi

125 3287 194 3328 eum
224 3270 428 3351 comedisset,
465 3271 554 3332 nobis
584 3291 646 3333 non
669 3273 777 3331 inisset
799 3289 941 3350 egressus
962 3269 1048 3330 oibus

125 3353 246 3413 animae
271 3361 406 3416 nostroe.
449 3354 510 3418 Sed
543 3373 602 3416 neo
635 3357 767 3431 exisset,
804 3353 862 3412 nisi
884 3351 1050 3413 oooidisset

125 3432 260 3514 leonem,
282 3439 387 3500 oooiso
409 3444 512 3499 autem
535 3458 573 3499 eo
600 3438 698 3498 foetus
722 3439 820 3498 estin
843 3455 897 3496 ore
920 3436 984 3496 eius
1006 3435 1048 3496 fo-

124 3537 179 3578 vus
202 3519 313 3600 mellis,
336 3522 407 3600 quia
428 3523 474 3581 sio
487 3523 623 3602 oportuit
644 3522 708 3602 pati
721 3520 885 3597 Christum,
911 3525 942 3578 et
964 3521 1048 3579 exire

124 3599 163 3662 de
187 3621 243 3664 ore
263 3603 364 3664 leonis
379 3624 434 3684 per
453 3606 720 3683 resurrectionem,
742 3623 780 3664 oo
802 3605 847 3663 sie
867 3603 898 3660 in
921 3603 1047 3662 nomine

124 3684 187 3744 eius
210 3684 384 3768 praedicari
404 3689 628 3768 poenitentiam
650 3696 682 3748 et
702 3689 917 3748 remissionem
939 3704 1048 3764 peoos·

123 3771 234 3850 torum,
255 3769 318 3833 hoo
338 3779 387 3831 est
406 3771 617 3852 Evangeliom.
661 3771 709 3833 De
730 3772 799 3855 ipso
828 3769 915 3831 forus
936 3768 1049 3855 meliis,

132 3897 228 3938 mom
236 3908 289 3947 opp.
306 3899 328 3940 r.
354 3900 381 3939 A·
395 3903 428 3943 au
437 3905 480 3944 ιη’.
493 3906 545 3947 uns
559 3908 576 3949 r.
589 3920 613 3962 ρ.
630 3911 673 3955 vu
687 3913 706 3954 r.
820 3886 838 3956 7
