2356 4200
175 286 239 352 470
446 281 591 352 -llpistola
610 282 688 335 biart.
707 280 820 334 botheri

315 362 320 395 l

178 454 380 518 lumniatores
404 453 494 529 estis,
528 452 599 530 quin
620 450 695 509 nihil
717 449 819 529 legitis
842 466 902 508 nec
924 446 1099 528 intelligitis.

154 576 158 584 ·
179 536 334 616 Quidquid
357 541 460 596 autem
475 534 626 614 allegatis,
649 540 746 592 totum
762 532 933 591 secundum
946 530 1100 592 cerebrum

178 629 312 682 vestrum
336 619 474 697 accipitis
508 624 540 676 et
568 635 674 676 securo
708 617 927 695 pronunciatis.
974 613 1102 689 Quando

179 703 376 765 satisfacietis
397 701 442 760 illi
465 706 496 760 et
517 699 608 759 nobis
629 718 685 778 pro
708 706 769 758 tarn
792 697 1103 778 gravidatractioue‘l

264 786 419 865 Septimo,
441 785 551 842 iterum
573 802 629 842 vos
652 781 798 862 proditis,
832 782 903 841 dum
926 781 1102 861 Magistrum

180 870 377 930 Franciseum
399 867 570 943 accusatis,
599 865 681 944 quod
709 864 750 926 de
771 865 868 924 literis
888 864 1104 924 Confessiona·

181 954 254 1014 lium
277 951 416 1010 docuerit
445 956 574 1029 stuppae
605 948 782 1008 retiaculum
812 949 916 1007 iacere
945 953 978 1006 et
1003 947 1102 1026 prohi-

182 1035 281 1096 buerit
301 1033 385 1094 bonu
407 1050 519 1111 opera,
551 1033 777 1090 confessionem
810 1037 841 1090 et
872 1032 999 1091 ieiunia.
1042 1028 1104 1089 Nec

181 1117 349 1198 pudescitis
371 1117 430 1194 ipsi
453 1135 511 1175 vos
534 1114 637 1189 fateri,
666 1113 748 1193 quod
778 1113 852 1173 talia
881 1115 951 1192 ipse
982 1113 1104 1195 negavit

181 1199 280 1261 vobis.
323 1199 388 1258 Vos
409 1203 510 1258 autem
533 1197 573 1257 ad
596 1197 816 1257 detrahendum
844 1196 985 1274 accensi,
1019 1214 1104 1255 accu-

183 1284 257 1343 satis
280 1302 349 1342 eum
372 1281 410 1339 dc
432 1282 483 1356 iis,
514 1299 593 1358 quae
614 1281 779 1360 ignoratis,
811 1298 891 1358 quoe
912 1281 981 1358 ipse
1003 1285 1103 1360 negat,

183 1385 263 1445 quae
291 1365 419 1424 aliorum
453 1363 550 1423 relatu
585 1363 733 1423 audistis:
765 1362 792 1422 Ο
820 1361 1049 1423 intolerabilem
1076 1367 1105 1422 et

183 1448 378 1528 pestilentem
419 1447 633 1506 temeritatem.
677 1447 738 1506 (lor
785 1465 848 1505 non
892 1447 1104 1525 exspectastis,

184 1531 285 1591 donec
312 1529 449 1589 auratis?
485 1529 546 1588 Gur
575 1548 636 1588 non
668 1548 703 1589 os
732 1527 916 1590 virulentum
946 1528 1104 1605 cohibetis,

184 1631 243 1674 uec
264 1614 292 1672 ei
314 1613 438 1691 neganti
469 1613 567 1690 magis
596 1611 718 1672 creditis
747 1606 884 1690 publice,
914 1630 1007 1689 quam
1036 1611 1101 1671 aliis

185 1695 401 1755 narrantibus?
416 1695 480 1754 'Est
500 1696 559 1754 ista
580 1696 690 1754 caritas
712 1695 835 1755 vestra?
865 1694 1025 1754 Didicistis
1048 1695 1105 1754 hoc

185 1798 225 1838 ex
237 1778 358 1857 Regula
380 1777 507 1836 vestra?
529 1777 607 1851 Quid
630 1778 782 1857 faceretis,
804 1779 830 1837 si
852 1787 883 1837 et
904 1797 963 1838 uos
985 1778 1106 1857 publiea

186 1879 242 1921 vos
264 1879 479 1920 acclinaremns
502 1860 541 1919 de
562 1862 682 1940 magnis
703 1860 925 1939 horrendisque
949 1862 1103 1937 monstris,

185 1962 264 2023 quae
286 1943 378 2024 vulgo
402 1941 440 2002 de
462 1943 550 2005 vobis
576 1944 750 2004 iactantur?
782 1943 889 2004 Novus
918 1963 988 2004 mos
1020 1962 1104 2005 acco·

186 2026 273 2087 sandi
296 2045 335 2085 ex
358 2026 488 2086 aliorum
510 2025 617 2104 relatu,
641 2046 681 2085 ex
702 2027 828 2106 propria
849 2029 1045 2106 suspicione,
1068 2046 1104 2086 ex

186 2110 348 2170 temerario
371 2109 483 2169 iudicio
505 2109 642 2170 Fratrem
664 2112 828 2190 negantem
850 2128 909 2169 nec
929 2111 1103 2171 convictum

185 2209 340 2252 accusare.
696 2220 705 2231 r

270 2274 302 2334 Si
322 2273 393 2333 laici
416 2281 565 2352 quaeruut
586 2274 625 2334 de
646 2275 760 2335 ieiunio
779 2281 833 2335 aut
847 2275 1048 2336 confessione
1069 2295 1105 2334 cx

187 2356 360 2435 evangelio,
382 2365 467 2416 recte
497 2357 619 2417 faciunt.
662 2358 703 2416 ut.
730 2377 786 2418 vos
817 2360 964 2418 tenemini
993 2358 1033 2417 ad
1064 2377 1105 2418 re-

188 2440 399 2519 sponsionem,
422 2439 539 2500 debetis
563 2442 642 2500 enim
667 2442 745 2499 scire
761 2442 966 2518 evangelium.
990 2441 1105 2502 Sinon

186 2523 315 2604 potestis
336 2521 540 2601 respondere,
573 2523 704 2583 desinite
726 2525 778 2601 iis,
813 2527 862 2603 qui
887 2534 1037 2606 possunt,
1059 2526 1106 2586 de·

186 2606 316 2666 trahere.

270 2687 395 2763 Ultimo,
418 2687 499 2765 quod
512 2687 624 2749 Lector
644 2708 726 2748 nunc
739 2692 864 2770 negavit
876 2691 993 2771 Papam
1008 2694 1106 2753 solum

187 2791 256 2831 esse
289 2772 444 2831 Viearium
472 2771 598 2848 Christi,
635 2780 666 2830 et
693 2773 814 2833 Petrum
842 2793 911 2834 esse
936 2777 1107 2856 principem

187 2853 400 2931 apostolorum
426 2856 457 2912 in
485 2861 655 2933 potestate,
694 2862 726 2915 et
759 2857 875 2917 nullum
904 2877 975 2919 esse
1003 2878 1106 2920 casum

186 2941 373 2994 reservatum
396 2937 461 2996 iur'e
483 2936 601 3014 divino,
625 2943 708 2998 reete
731 2938 843 2999 dictum
867 2949 923 3001 est.
968 2938 1050 3021 Sed,
1078 2949 1109 3002 ut

188 3015 294 3092 video,
318 3020 461 3090 nescitis,
484 3019 554 3098 quid
579 3021 616 3078 sit
638 3022 684 3079 ius
707 3021 840 3082 divinum
862 3024 912 3083 vel
935 3026 980 3083 ius
1004 3025 1109 3085 huma·

187 3116 276 3175 uum,
300 3106 331 3157 et
352 3101 424 3160 estis
446 3103 477 3160 in
500 3111 629 3181 utroque
651 3102 768 3164 iudices
794 3123 862 3165 cum
885 3105 1015 3184 fiducia,
1046 3110 1108 3168 iure

108 3224 110 3229 .
187 3180 291 3241 divino
318 3183 369 3257 (ut
382 3183 419 3242 D.
429 3183 639 3263 'Hieronymus
655 3187 757 3247 multis
780 3187 856 3248 locis
878 3189 1011 3271 probat)
1036 3210 1108 3271 apo·

187 3263 259 3323 stoli
288 3282 396 3323 omnes
424 3274 495 3325 suut
522 3267 682 3346 aequales,
717 3271 855 3350 episcopi
892 3291 1003 3332 ornnes
1040 3278 1111 3333 sunt

186 3346 342 3424 aequales.
385 3348 450 3408 lmo
473 3349 559 3410 addit
579 3351 661 3411 idem
677 3350 892 3433 Hieronymus,
916 3356 1000 3434 quod
1025 3358 1109 3417 Pres-

187 3427 275 3507 byter
302 3436 332 3488 et
361 3432 525 3510 episcopus
551 3434 617 3494 iure
652 3434 757 3497 divino
785 3443 856 3496 sunt
880 3437 973 3500 idam.
1028 3439 1109 3515 Quid

185 3509 235 3569 hio
275 3511 414 3571 facietis?
461 3515 509 3575 An
550 3516 769 3597 Hieronymum
810 3521 1018 3583 comburetis?
1061 3524 1109 3583 An

186 3594 252 3672 ipse
278 3612 401 3675 quoque
428 3599 560 3659 tunicam
589 3600 805 3663 inconsutilem
842 3603 963 3664 scindet
996 3605 1110 3666 vobis?

141 3752 150 3758 -
184 3674 292 3756 Legite
320 3697 389 3737 eum
416 3680 448 3739 in
471 3679 614 3761 Epistola
642 3684 681 3743 ad
703 3686 870 3767 Evagrium
896 3695 929 3748 et
957 3689 990 3747 in
1026 3706 1110 3752 com·

184 3761 341 3820 mentariis
366 3761 406 3822 ad
434 3763 534 3824 'litum
565 3773 597 3826 et
622 3766 792 3849 Ephesios,
824 3775 857 3830 et
883 3769 1032 3833 videbitis
1061 3790 1112 3834 ve
