2356 4200
128 254 131 259 Δ
169 288 232 356 222
480 293 628 349 Sermones
646 293 760 351 Lnthari

170 467 228 524 est
272 461 323 524 Sic
345 482 460 542 sponsa
480 464 511 524 in
535 465 677 543 canticis,
706 466 752 525 sic
764 461 869 540 Joab,
896 481 1037 525 camarae
1058 465 1090 524 in

169 545 364 606 fanestrist
333 554 364 606 et
385 548 510 628 sanguis
531 549 604 628 agni
624 549 656 607 in
678 547 817 628 postibus
836 545 969 614 filiorum
984 547 1090 625 Israel,

168 627 252 689 labia
271 631 409 708 comica,
431 649 531 710 genae
552 629 738 711 fragrantiae
760 629 848 710 mali,
881 649 989 694 comae
1012 631 1090 691 sicut

168 730 303 792 purpura
324 714 415 792 regis,
438 712 628 793 signaculum
650 733 743 794 super
764 732 827 777 cor.
871 712 963 787 Quod
981 719 1013 774 et
1029 732 1089 794 ego

169 793 300 855 obsecro
323 815 379 856 vos
401 802 435 856 ιιι
454 796 602 857 hodieet
623 796 684 860 hoc
705 815 787 858 anno
809 796 871 857 hoc
892 795 991 861 solum
1005 804 1088 863 tere-

168 879 227 937 atis
249 897 289 938 ex
310 880 370 939 ista
390 879 557 959 praedicat
549 899 643 959 rone,
671 887 704 940 ut
726 899 848 959 semper
869 878 971 941 Christ
959 885 1023 939 tum
1045 881 1088 939 in-

166 962 287 1040 spicere
314 962 504 1024 adsuescatis
535 969 567 1023 et
594 964 703 1024 caritot
691 971 752 1024 tem
774 962 888 1024 ibidem
911 963 976 1022 eius
998 963 1088 1031 acati-

168 1063 269 1122 mare,
298 1046 358 1106 salt
347 1054 407 1105 tem
441 1045 537 1106 semel
568 1046 696 1126 singulis
725 1045 893 1107 diebust
861 1051 893 1105 et
922 1046 951 1105 ei
972 1047 1088 1126 gratias

168 1146 261 1224 agere
290 1147 345 1208 pro
374 1130 434 1189 ieta
456 1148 575 1189 summa
597 1131 733 1190 caritate.
775 1128 854 1189 Nam
877 1147 949 1191 vare
972 1135 1087 1208 quanto

168 1211 268 1271 minor
290 1218 337 1272 est
359 1213 507 1304 species
500 1219 532 1272 et
552 1213 651 1273 maior
672 1213 798 1273 veritas
807 1218 839 1271 ct
859 1211 986 1307 indigua
1020 1230 1088 1291 pas·

74 1319 77 1325 ·
168 1294 225 1370 aio,
248 1300 333 1354 tanto
357 1296 508 1356 maioret
495 1277 697 1357 tmirabilior
718 1301 766 1356 est
787 1295 921 1355 caritatis
944 1295 1009 1354 eius
1022 1293 1088 1374 dig

167 1378 252 1436 natio
274 1395 333 1473 pro
353 1377 442 1438 nobis
465 1397 533 1438 eam
556 1379 725 1458 suscipient
724 1380 761 1440 is.
803 1377 843 1437 Et
871 1377 933 1437 hoc
958 1378 1087 1456 quisque

168 1478 219 1519 ax
230 1462 356 1540 proprio
379 1458 490 1521 affectu
513 1460 611 1522 discat
632 1463 810 1539 aestimare,
838 1461 884 1520 sio
905 1460 1037 1521 scilicet:
1011 1461 1087 1520 tsi

165 1560 282 1622 magna
308 1550 356 1603 est
388 1545 499 1604 caritas
532 1546 750 1624 patrimonium
780 1562 836 1623 pro
866 1544 970 1623 aliquo
1001 1543 1086 1621 dare,

168 1632 283 1703 quanto
311 1627 409 1686 maius
438 1634 486 1687 est
514 1628 638 1707 proprio
670 1645 801 1708 corpore
822 1645 878 1705 pro
901 1644 939 1686 eo
963 1627 1087 1687 servire.

168 1706 241 1770 aad
251 1708 301 1768 hic
323 1728 397 1770 ecce
418 1716 525 1771 noster
546 1709 688 1770 dominus
717 1717 838 1771 creator
867 1710 1002 1775 omnium
1032 1728 1086 1770 uo-

165 1791 292 1852 tissima
312 1810 370 1871 pro
393 1792 482 1854 uobis
495 1794 635 1871 sustinet,
659 1799 691 1854 et
712 1812 746 1852 se
768 1794 868 1872 ipsum
884 1791 990 1870 tradit,
1012 1812 1085 1852 vere

167 1892 260 1954 supra
289 1893 380 1953 quam
411 1877 549 1956 cogitare
571 1895 752 1956 possumus,
779 1873 869 1936 uobis
893 1874 966 1936 iecit
953 1874 1086 1951 tDeus,

167 1963 238 2016 sunt
259 1958 340 2016 enim
372 1958 450 2018 haec
477 1957 724 2022 inaestimabilia.
773 1957 800 2020 0
822 1959 914 2038 igitur
934 1957 1087 2020 horribilis

167 2040 367 2120 ingratitudo,
390 2039 572 2104 damnabilis
585 2041 717 2103 oblivio!
734 2039 998 2103 omatediceudus
1014 2059 1085 2101 con-

165 2129 300 2202 temptus
321 2123 410 2184 huius
434 2124 678 2185 misericordiae!
720 2125 877 2204 igiturex
906 2125 965 2184 isto
989 2123 1085 2187 verbo

164 2207 301 2286 apostoli
328 2207 417 2268 Rom.
441 2208 474 2271 8:
502 2208 628 2288 proprio
657 2206 721 2269 filio
760 2225 816 2268 suo
850 2225 913 2268 nou
950 2208 1087 2286 pepercit

166 2288 260 2368 Deus,
282 2290 375 2350 indue
398 2290 506 2351 saltem
528 2292 663 2370 aliquem
684 2289 780 2350 filium
794 2297 824 2351 et
837 2289 949 2350 stillam
962 2288 1085 2351 divinae

164 2373 300 2433 mutatis
330 2375 530 2452 persentisce.
582 2373 614 2434 Si
642 2380 674 2434 tu
696 2371 792 2434 filium
813 2372 942 2435 haberes
965 2379 996 2433 et
1016 2392 1085 2452 pro·

163 2456 265 2536 prium
287 2461 318 2515 et
336 2457 469 2535 unicum,
486 2458 667 2537 sapientam,
684 2457 810 2534 bonum,
833 2456 1085 2532 amantissimum,

165 2544 273 2619 cipro
296 2558 407 2618 servo,
429 2541 562 2616 misero,
575 2539 694 2616 alieno,
716 2547 780 2601 tum
803 2539 942 2600 debitore
965 2546 1018 2600 tuo
1041 2539 1086 2601 ilii

166 2640 230 2683 nou
256 2641 416 2702 parceres,
447 2622 501 2682 sed
529 2623 667 2683 mitteres
697 2641 753 2703 pro
789 2641 829 2683 eo·
848 2621 1030 2683 redimendo
1053 2629 1084 2682 ct

164 2710 295 2780 mortem
317 2705 418 2766 subire
439 2706 574 2785 faceres,
603 2705 753 2785 numquid
781 2706 901 2785 patiens
930 2723 1014 2766 esses
1041 2706 1085 2765 in-

164 2788 355 2885 gratitudinis
377 2788 458 2848 illius
481 2790 561 2849 servi
582 2808 675 2869 super
696 2794 759 2849 tam
786 2807 899 2869 magna
926 2795 978 2848 tua
1000 2795 1031 2849 et
1051 2787 1084 2848 fi·

165 2871 197 2930 lii
225 2873 268 2931 tui
297 2872 503 2952 dignatione?
546 2870 627 2946 Quid
658 2891 731 2952 ergo
760 2870 799 2932 de
821 2891 941 2935 summo
962 2871 1032 2932 Deo
1054 2878 1087 2932 et

163 2953 222 3014 Dei
243 2954 307 3014 filio
330 2954 529 3016 aestimabis?

247 3037 389 3099 Secundo
411 3038 581 3098 notandum
595 3057 651 3117 pro
675 3037 834 3098 intellectu
856 3039 959 3116 etiam,
981 3044 1024 3116 ut,
1046 3038 1084 3097 si-

163 3122 251 3180 cut
243 3141 274 3180 ιιι
305 3122 440 3182 caritatis
468 3121 658 3183 exhibitione
692 3121 751 3181 Dei
787 3121 996 3200 cognitionem
1031 3120 1085 3181 hic

162 3202 324 3282 discimus,
356 3205 399 3264 ita
427 3212 458 3264 et
485 3210 622 3265 nostram
645 3222 768 3283 quoque
788 3205 1001 3283 cognitionem
1024 3203 1083 3264 dis·

164 3304 278 3347 camua
319 3288 383 3348 lata
405 3288 486 3348 enim
517 3287 578 3348 duo
606 3287 657 3347 hic
690 3305 808 3348 summe
842 3287 953 3347 lucent
1004 3285 1083 3349 Nam

163 3372 283 3451 species
303 3371 357 3430 illa
377 3370 531 3447 formosa,
560 3389 640 3449 quae
667 3371 788 3449 inipso
811 3368 908 3448 lucet,
932 3371 997 3430 eius
1024 3377 1107 3446 eat·

161 3460 300 3514 att-snam
321 3455 354 3512 in
376 3453 430 3512 illa
450 3453 626 3514 manifestat
645 3453 735 3515 nobis
764 3453 997 3533 cognitionem
1027 3452 1083 3516 sed

159 3536 315 3598 ineditae
333 3542 364 3596 at
390 3537 515 3616 passio,
548 3537 681 3615 quaein
702 3537 771 3615 ipso
800 3540 863 3615 est,
891 3541 998 3597 nostra
1026 3542 1084 3614 est,

161 3626 195 3680 ct
221 3621 319 3680 nostri
347 3619 435 3680 nobis
464 3619 580 3680 indicat
610 3619 760 3680 notitiam.
809 3618 900 3679 Nam.
917 3619 995 3680 tales
1023 3638 1083 3680 nos

162 3701 280 3762 indicat
302 3721 371 3762 esse
393 3704 474 3762 intus
496 3703 527 3762 in
549 3703 662 3780 anima,
687 3701 789 3780 qualia
810 3703 877 3780 ipae
899 3702 972 3763 foris
993 3703 1082 3762 susti-

157 3792 216 3847 ·nat
234 3787 266 3846 in
288 3804 431 3867 corpore.
472 3785 551 3846 Nam
573 3791 681 3846 nostra
702 3785 846 3864 suscepit,
869 3791 903 3847 ιιι
922 3785 1083 3853 sua-nobis
