2356 4200
380 335 415 392 de
433 341 533 393 virtute
550 308 797 410 indulgentiarum.
987 335 1050 405 147

123 493 209 586 patet
234 508 308 568 satis
335 507 380 568 ¹ad
408 510 640 590 experientiam.
690 511 801 572 Restat
828 530 920 592 ergo,
956 529 1049 590 quarn

126 589 220 650 modo
243 588 361 670 fingere
384 610 434 651 me
456 592 529 654 dixi.
1072 613 1074 617 ’

207 671 267 733 Sed
288 673 372 752 qnod
393 673 446 735 illa
467 676 553 736 nulla
575 677 624 755 sit,
645 677 688 737 ita
703 676 776 736 mihi
790 676 850 757 ipsi
864 674 1049 756 persuadeo.

122 756 243 834 Primo,
267 756 349 835 quod
372 757 456 818 nulla
478 759 642 820 autoritate
664 760 852 840 scripturae,
874 759 1047 838 doctorum,

123 858 286 918 canonum,
308 842 428 900 ratione
450 841 600 920 probabili
617 849 724 921 potest⁴
733 842 848 920 doceri,
871 841 964 903 talem
978 860 1048 903 esse

123 922 258 1001 aliquam
279 943 430 1003 poenam,
463 934 494 984 et
516 925 715 986 vehementer
742 925 908 988 absurdum
937 931 984 986 est
1016 925 1048 984 in
1095 932 1098 937 '

130 1005 261 1066 ecclesia
283 1006 397 1085 aliquid
420 1007 545 1085 docere,
567 1009 652 1069 cuius
675 1011 785 1070 necin
808 1010 967 1089 scriptura,
989 1027 1048 1069 nec

127 1089 316 1168 doctoribus,
340 1109 441 1168 neque
463 1091 650 1170 canonibus,
672 1110 773 1171 neque
794 1092 903 1153 saltem
925 1091 1049 1154 rationi·
1126 1091 1130 1105 '

128 1173 184 1232 bus
206 1179 310 1251 potest
332 1192 425 1233 eausa
446 1173 523 1235 dari.

209 1253 366 1333 Secundo,
401 1256 485 1335 quod
508 1259 534 1316 si
556 1259 648 1318 etiam
671 1266 755 1319 esset
776 1259 845 1319 talis
868 1277 972 1338 poena
993 1257 1043 1318 ali-

126 1357 202 1417 qua,
235 1359 298 1399 non
322 1346 425 1399 tamen
448 1339 488 1399 ad
510 1342 723 1402 remissionem
746 1361 845 1421 papae
869 1343 1046 1421 pertineret,

125 1441 194 1481 curn
217 1423 256 1481 ait
275 1423 448 1483 voluntarla
470 1430 501 1483 et
522 1424 602 1483 ultra
630 1444 766 1486 canones
794 1426 956 1503 imposita,
983 1425 1047 1485 imo

125 1524 188 1565 non
210 1506 365 1585 imposita,
388 1505 443 1566 sed
465 1514 576 1586 sponte
597 1515 750 1587 suscepta,
774 1508 845 1585 quia
867 1514 915 1568 est
931 1507 993 1567 alia
1008 1506 1047 1568 ab

125 1589 177 1666 iis,
211 1606 290 1667 quae
314 1590 526 1668 imponuntur,
558 1597 591 1651 ut
620 1611 713 1670 snpra
741 1590 854 1650 dictum
884 1591 916 1649 in
946 1609 1048 1669 poena

127 1672 243 1750 quinta.
961 1683 976 1730 t

209 1753 300 1828 Quod
323 1756 348 1814 si
370 1754 503 1816 diceres:
536 1755 701 1830 Quomodo
725 1762 797 1816 tunc
820 1754 985 1816 satisfieret
1004 1757 1049 1816 iu·

126 1838 228 1897 stitiae
249 1837 385 1916 divinae,
419 1840 444 1897 si
473 1858 533 1918 quo
563 1839 656 1899 modo
686 1840 855 1899 canonicae
877 1838 927 1899 vel
950 1857 1048 1900 saeer-

128 1920 248 1980 dotales
270 1940 333 1982 non
356 1928 461 1982 essent
482 1922 577 1982 satis?
620 1923 824 2002 Respondeo:
846 1919 978 1982 Abunde
1001 1941 1048 1983 sa·

127 2004 169 2062 tis
188 2002 222 2064 fit
242 2024 298 2083 per
319 2006 440 2063 tertiam
460 2011 491 2063 et
503 2013 653 2083 quartam,
676 2004 843 2065 secundum
862 2023 1047 2083 mensuram,

127 2105 218 2164 quam
240 2087 328 2147 novit
340 2087 433 2149 Deus.
460 2087 568 2166 Neque
590 2090 672 2148 enim
695 2089 805 2168 legitur
826 2087 945 2167 uspiam
963 2087 1047 2148 Deus

127 2169 261 2248 aliquam
283 2171 488 2248 requisivisse,
512 2172 569 2230 nisi
592 2172 712 2231 tertiam
735 2170 900 2249 aliquando
916 2177 1047 2249 etquar-

126 2260 205 2329 tam,
239 2259 272 2312 ut
293 2254 324 2312 in
346 2253 446 2313 David
468 2261 499 2313 et
519 2252 589 2313 filiis
610 2254 707 2317 Israel
729 2255 760 2312 in
783 2253 834 2313 lib.
857 2252 993 2313 Indicum
1016 2260 1047 2313 et

126 2337 257 2415 Regum.
297 2335 358 2397 Sed
379 2337 442 2396 fere
464 2357 586 2416 semper
608 2345 769 2399 contentus
792 2343 840 2396 est
857 2335 951 2398 corde
974 2355 1046 2397 con-

125 2421 198 2479 trito
229 2426 260 2478 et
287 2439 389 2498 poena
418 2422 496 2480 tertii
524 2422 662 2500 generis,
696 2428 727 2481 et
757 2419 829 2480 hinc
863 2438 923 2500 ego
954 2420 1047 2481 miror

125 2501 317 2580 quorundam
351 2503 586 2582 negligentiam,
632 2505 697 2581 qui,
734 2509 767 2563 ut
805 2503 1046 2564 satisfactionem

125 2592 277 2664 astruant,
321 2585 442 2663 dicunt,
480 2586 631 2646 Christum
670 2586 843 2648 absolvisse
876 2584 1045 2649 adulteram

124 2667 208 2727 illam
230 2670 261 2727 in
284 2670 446 2749 evangelio
469 2671 535 2728 sine
553 2669 782 2747 satisfactione,
811 2669 939 2729 Mariam
970 2686 1044 2728 vero

124 2751 340 2831 Magdalenam
374 2772 436 2812 non
473 2754 538 2812 sine
571 2753 790 2813 satisfactione.
843 2752 883 2811 Et
913 2751 984 2812 ideo
1014 2753 1045 2811 in

124 2834 237 2912 Maria,
271 2854 334 2894 non
361 2837 392 2893 in
415 2835 553 2895 adultera
575 2835 754 2895 imitandum
778 2854 847 2895 esse
868 2835 1045 2913 Dominum,

124 2925 157 2977 ut
194 2919 260 2977 sine
306 2918 515 2978 satisfactione
554 2918 629 2977 nulli
667 2919 839 2978 remittatur
874 2926 1044 2997 peceatum.

123 3001 201 3060 Nam
226 3020 284 3060 nec
304 3000 445 3080 leprosos
468 3001 634 3077 mundavit,
662 3003 719 3061 nisi
731 3001 887 3080 imposito,
910 3008 943 3060 ut
960 3002 1045 3061 satis-

124 3083 262 3143 facerent
289 3083 366 3163 legi,
400 3091 430 3144 et
464 3084 664 3145 ostenderent
694 3104 728 3145 se
756 3082 919 3144 sacerdoti.
961 3083 1047 3144 Haec

124 3185 199 3245 ergo
223 3174 270 3226 est
295 3167 349 3226 illa
379 3187 497 3247 poene,
527 3187 618 3246 quem
647 3168 764 3229 iustitia
791 3166 894 3227 divina
921 3167 1047 3245 requirit

123 3250 203 3309 ultra
224 3250 286 3309 iam
308 3250 413 3313 dietas.

209 3333 269 3395 Sed
293 3334 485 3412 respondeo:
509 3335 570 3394 lsta
591 3332 772 3416 adultera*)
801 3331 1043 3407 (meoiudicio)

125 3416 194 3495 plus
217 3436 387 3496 poenarum
411 3418 493 3493 tulit,
527 3437 619 3496 quam
652 3418 749 3477 Maria
780 3415 980 3496 Magdalena,
1014 3421 1045 3475 et

123 3501 223 3579 magis
246 3500 402 3580 satisfecit,
425 3521 536 3580 nempe
553 3503 614 3561 iam
632 3508 762 3560 mortem
778 3499 959 3579 patiebatur,
981 3517 1045 3559 non

124 3582 207 3643 aliud
229 3583 353 3661 videns,
383 3586 440 3643 nisi
463 3584 656 3642 durissimum
678 3582 832 3643 iudicium.
875 3581 947 3642 ldeo
971 3581 1046 3642 mire

123 3666 324 3744 cruciabatur,
348 3674 379 3728 et
402 3667 527 3728 dolebat
549 3667 642 3747 longe
664 3667 732 3746 plus
756 3685 847 3746 quam
868 3665 974 3743 illaria,
997 3665 1045 3724 cui
1145 3737 1149 3744 ¹

197 3840 224 3901 *l
243 3837 339 3890 Iohan.
358 3835 385 3890 8.

772 3891 841 4010 ιιι
