2356 4200
78 925 86 942 ⁸
204 931 232 938 .,
287 914 617 1084 Disputationes
647 917 695 1061 D
725 968 775 1063 M.
805 909 1015 1067 Lutheri.

602 1155 691 1217 1518.

589 1300 698 1310 -—--.-

72 1441 82 1460 .
182 1405 258 1466 Pro
293 1407 468 1467 veritate
514 1406 749 1486 inquirenda
782 1416 820 1468 et
862 1408 1106 1481 timora'tis¹)

183 1489 444 1549 conscientiis
477 1486 729 1549 consolandis
764 1490 860 1550 haec
895 1490 964 1551 sub
1003 1491 1040 1554 R.
1077 1493 1109 1552 P.

181 1571 349 1632 Martiuo
392 1572 464 1632 Lut
469 1572 562 1634 hero
609 1572 901 1652 Augustiniano
939 1573 1110 1655 disputa·

180 1653 338 1732 buntur,
367 1673 438 1736 per
459 1656 568 1715 vices
598 1656 838 1734 circulares,
867 1675 937 1736 pro
970 1663 1110 1718 nostro

588 1756 701 1801 more

267 1903 353 1964 Haeo
375 1903 542 1984 disputatio
566 1903 723 1963 circularis
745 1922 827 1964 anno
852 1905 933 1968 1518
959 1905 1108 1981 instituta,

67 2053 71 2060 ¹,
178 2003 264 2066 ¹quae
286 2006 355 2048 oum
377 1985 581 2068 dogmatibus,
603 1988 634 2046 in
658 1985 766 2065 quibus
788 1987 937 2066 imprimis
950 1986 1109 2047 doctrinae

185 2069 369 2130 christianae
390 2071 572 2130 restauratio
595 2071 737 2133 vertitur.
760 2071 930 2130 arctissime
952 2070 1108 2147 cohaeret,

184 2152 296 2234 legitur
318 2153 412 2212 iatine
433 2153 464 2212 in
488 2153 609 2215 collect.
633 2151 711 2232 Opp.
733 2151 821 2212 Luth.
844 2152 913 2213 Jen.
941 2153 969 2230 Ι,
997 2171 1026 2234 p.
1058 2155 1107 2217 25.

184 2235 235 2295 wi
239 2235 333 2297 ttenb
350 2235 374 2313 Ι,
394 2237 443 2299 53.
470 2235 616 2309 (Loesch.
638 2235 772 2297 Reform.
796 2235 865 2296 Act.
888 2236 924 2312 ΙΙ,
947 2236 1007 2300 580
1022 2232 1106 2317 sqq)

185 2319 245 2378 et'
237 2338 267 2377 m
298 2282 484 2378 editionibus
512 2319 761 2398 Propositionum
784 2317 1030 2416 theologicarum
1052 2318 1107 2378 Lu-

184 2400 272 2478 theri‚
294 2402 471 2482 germaniae
492 2401 522 2460 in
547 2401 593 2463 ed.
606 2400 777 2480 Halousip.
792 2402 883 2479 33,
875 2399 1000 2482 mLips.
1015 2401 1107 2479 XVII,

186 2503 215 2564 p
241 2488 309 2562 155,
332 2503 381 2564 ap
404 2483 525 2544 Walch
547 2482 631 2561 ΧΙΧ,
655 2486 715 2548 952
739 2503 806 2563 sqq.

266 2566 366 2629 Nost
354 2573 419 2627 text
421 2586 469 2626 um
493 2568 691 2662 repetivimus
711 2585 750 2625 ex
766 2566 903 2626 editione
919 2566 1107 2646 Propositio·

186 2669 258 2709 num
281 2645 403 2710 Lutheri
433 2670 460 2709 a
492 2652 586 2728 1530
612 2650 733 2709 ratione
760 2648 865 2709 habita
887 2649 1107 2756 editionuma

185 2735 266 2798 1538
289 2739 320 2793 et
336 2734 432 2797 1558

270 2818 305 2894 1)
334 2815 416 2876 Inter
446 2814 521 2874 duas
554 2814 780 2874 ecclesiasticas
808 2815 877 2874 illas
910 2815 1108 2876 remissiones

184 2917 309 2980 poenae
332 2906 363 2959 et
385 2898 494 2979 culpae
515 2897 676 2977 praecellit
697 2898 837 2957 remissio
861 2896 978 2978 culpae.

268 2984 306 3053 2)
331 2981 483 3058 Remissio
507 2980 617 3060 culpae
645 2980 761 3059 quietat
787 2997 855 3058 cor,
884 2986 915 3041 et
943 2981 1106 3041 maximam

185 3065 320 3125 omnium
356 3083 525 3144 poenarum
572 3061 689 3122 scilieet
727 3063 947 3123 conscientiam
988 3065 1107 3143 peccati

183 3145 274 3208 tollit.

268 3233 305 3304 3)
329 3230 482 3290 Remissio
505 3247 626 3309 poenae
642 3227 827 3323 quandoque
846 3231 1107 3309 augetconscien·

185 3314 258 3373 tiam
283 3312 411 3389 malam,
441 3311 626 3392 quaudoque
654 3312 791 3391 peiorem
815 3319 870 3370 nut
858 3312 908 3370 trit
929 3331 1106 3392 praesump-

184 3397 311 3457 tionem.

268 3480 304 3553 4)
337 3477 488 3538 Remissio
518 3477 626 3558 culpae
647 3431 829 3536 reconciliat
849 3475 1007 3537 hominem
1029 3478 1106 3553 Deo,

238 3732 270 3802 i)
290 3734 321 3786 iu
341 3733 383 3787 ed.
405 3733 493 3812 1558:
521 3733 647 3788 oneratis.
