2356 4200
324 283 422 332 ooutra
440 277 503 332 ital.
521 275 733 332 tantumdem
753 274 857 328 tauta·
976 268 1038 334 Ml
1090 301 1093 308 ·

123 443 169 504 lue
187 444 236 504 bio
257 444 428 507 audiendus
450 451 507 508 est.
554 444 601 507 Tu
635 447 702 525 quis
736 464 788 524 es,
824 443 891 524 quis
922 440 1039 502 iudioae

122 526 255 588 alienum
276 529 419 590 nervum?
440 547 498 589 suo
519 528 654 591 Domino
677 532 738 589 stat
758 535 811 589 aut
834 524 926 587 ondit.

204 609 238 670 Iu
272 610 334 673 iius
360 612 521 683 artioulum
542 608 582 672 ds
603 612 836 673 canonisatione
858 607 1040 670 Senatorum

123 712 186 753 non
208 694 281 754 satis
304 695 466 776 expressit,
487 694 559 755 ideo
572 693 646 755 nihil
666 710 792 776 possum
805 692 907 753 adhue
927 689 1040 769 dicare,

123 776 181 835 nisi
201 777 285 856 quod
309 777 399 857 dioit,
420 778 520 858 ipsum
544 795 613 839 esse
634 776 867 854 wandalenum,
902 779 932 834 et
953 771 1040 834 dero·

123 859 259 938 gativum
280 861 403 941 papalis
422 862 583 942 potestatis
605 859 663 922 sibi
684 859 822 921 traditae.
859 856 958 919 Vaida
979 855 1041 917 rsi-

123 941 183 1002 lem
204 944 297 1021 seire,
331 963 372 1004 ex
393 961 455 1024 quo
476 943 548 1006 looo
576 945 744 1024 scripturae
767 941 877 1003 tradita
898 941 938 1000 sit
957 946 1042 1020 pote·

123 1032 186 1085 atas
207 1042 309 1106 papas
330 1025 461 1089 Sanetus
482 1025 706 1088 oannnisandii
739 1024 868 1103 Deinde,
890 1042 970 1103 quae
991 1040 1042 1083 ne

124 1110 250 1168 oesdtas
273 1107 404 1172 Sanatoe
427 1109 651 1171 canonisandii
683 1106 838 1187 Tandem,
862 1125 942 1186 quaa
965 1105 1041 1166 utiti-

122 1197 169 1250 tns
193 1189 324 1253 Sanetus
346 1192 567 1255 canonisandii
588 1190 659 1272 sed,
683 1193 755 1272 quia
769 1189 898 1272 ipsehio
913 1189 1042 1267 transiit,

124 1280 275 1334 transeam
299 1281 329 1335 et
350 1295 428 1356 ago,
451 1275 524 1334 nibil
546 1275 665 1348 disens,
698 1275 756 1334 nisi
778 1271 861 1353 quud
883 1270 956 1332 mibi
978 1288 1041 1332 non

123 1358 197 1416 satis
219 1357 321 1437 piarat
341 1359 535 1432 canonisatio
548 1356 742 1436 sanatorum,
764 1373 861 1435 more,
884 1373 944 1435 quo
967 1353 1043 1414 ridi·

124 1457 190 1498 mus
213 1439 325 1500 multoe
348 1441 532 1518 annonisari,
554 1442 605 1520 qui
622 1441 738 1521 optima
758 1456 794 1500 ee
808 1442 893 1520 ipsos
916 1437 1040 1498 asnoni-

124 1530 262 1664 assuant,l
275 1523 418 1584 iioetnon
436 1522 593 1585 damnem:
617 1522 784 1584 Ganouisat
798 1523 928 1601 quisque
948 1539 1043 1600 quan·

124 1612 187 1665 tum
210 1623 249 1665 vo
264 1614 303 1665 et.

205 1688 316 1748 Vidisti
341 1689 515 1770 (iuquam),
537 1688 810 1758 laoturnariseima,
832 1706 925 1768 quam
938 1686 1043 1765 inique

125 1778 155 1829 et
175 1770 327 1832 malitiose
357 1790 406 1832 me
428 1771 540 1831 Ennius
573 1778 605 1831 at
624 1770 747 1833 Fratres
766 1770 965 1850 quaesierint,
1000 1775 1042 1848 ut,

124 1872 193 1913 oum
214 1872 285 1914 mea
299 1853 477 1916 calumniari
491 1872 552 1915 uon
565 1865 701 1935 possent,
722 1871 779 1914 sua
800 1853 874 1913 mibi
896 1852 1043 1932 figmenta

123 1937 343 2016 imposuerunt,
365 1944 399 1997 nt
415 1936 621 1998 calumniandi
642 1936 799 1997 libidinem
813 1943 970 2015 uteunque
990 1953 1043 1994 ex·

123 2018 251 2099 piarent,
272 2021 303 2079 in
325 2038 388 2098 qua
408 2039 441 2080 ra
463 2021 490 2081 si
512 2038 562 2080 me
584 2038 647 2080 non
670 2019 848 2100 prohiberet
869 2018 1043 2080 Christiana

124 2102 284 2182 professio,
305 2111 453 2183 utrosque
476 2101 602 2163 miridoe
624 2120 748 2181 possem
771 2109 911 2162 traotnre.

206 2185 330 2260 Verum,
353 2206 392 2246 ne
414 2203 464 2246 me
481 2195 541 2246 tam
565 2184 720 2265 stupidum
737 2183 930 2263 arbitrentur,
953 2183 1042 2263 quasi

124 2286 230 2328 eorum
262 2269 415 2349 nequitias
451 2268 681 2349 deprehendere
713 2285 881 2347 nequeam,
916 2265 1040 2327 tentabo

124 2356 155 2410 at
185 2352 259 2431 ipsis
288 2371 349 2412 non
372 2370 458 2429 mea,
491 2350 546 2412 sad
567 2370 624 2413 sua
646 2369 766 2411 venena
786 2368 975 2432 proponere.
1011 2358 1041 2409 et

123 2435 326 2514 cogitationes
349 2453 454 2495 eorum
472 2433 625 2514 revelare,
654 2440 689 2494 nt
708 2432 842 2494 babeant
864 2441 925 2494 taur
950 2434 1042 2495 otiosi

124 2518 332 2577 criminatores
355 2519 522 2598 negotium,
545 2534 607 2596 quo
629 2522 827 2598 ounupautur.
869 2515 1041 2577 Producam

125 2618 199 2680 ergo
221 2600 271 2660 bio
294 2618 349 2680 per
371 2599 508 2661 ordinam
527 2600 671 2660 nrtiouius
684 2599 856 2661 haeretioos
871 2606 903 2660 at
913 2616 1041 2676 errores,

124 2700 201 2763 quos
225 2702 264 2743 ex
286 2683 450 2763 praedietis
472 2683 750 2744 eorumoaiumuiis
765 2682 886 2762 nuilegi,
909 2688 939 2743 et
961 2680 1042 2742 vida·

124 2765 207 2844 bunt,
230 2774 345 2845 quanto
363 2766 402 2827 rit
414 2765 568 2827 diffieilius
579 2768 706 2847 propria
718 2767 805 2846 tueri,
827 2784 920 2846 quam
942 2764 1043 2827 aliana

126 2867 261 2930 sarpere.

387 3097 825 3223 Articuli„

125 3263 276 3324 Haeretioi
298 3263 547 3325 iohannisEooii
569 3268 601 3323 et
622 3262 813 3342 quorundam
829 3263 976 3342 Fratrum,
1002 3280 1042 3322 ax

124 3347 244 3408 illorum
267 3349 390 3408 assertis
412 3353 443 3409 et
475 3347 595 3427 negatis
617 3364 673 3427 per
694 3346 857 3407 Martinum
878 3344 1042 3406 Lutberum

518 3428 649 3491 daduoti.

207 3594 229 3658 Ι.
251 3593 401 3655 Nicenum
423 3596 586 3656 oonoilium
609 3614 677 3655 oum
701 3599 832 3674 quatuor
845 3590 1043 3673 sequentibus

126 3686 172 3738 eat
192 3678 391 3740 baaretiuum.
429 3736 432 3741 .

184 3759 445 3829 ,11.·aotoanum
467 3759 631 3823 onuoiiium
663 3762 712 3823 ast
732 3759 928 3824 Maroboduo.
971 3758 1043 3821 Pro-
