2356 4200
180 261 243 330 274
428 263 624 318 ltoeoluttonas
642 262 752 332 Disput.
769 261 865 338 built..

175 435 214 498 ei
236 453 310 516 ergo
331 435 362 494 in
384 434 451 494 istis
473 452 535 494 non
558 439 606 494 est
626 434 801 494 neeessaria
823 432 1002 495 distributio
1025 432 1104 493 mari·

180 526 297 597 torum,
325 515 380 578 sed
408 516 523 577 suffieit
550 524 688 597 potestas
710 515 792 576 nuda
813 516 966 598 clarium,
997 520 1104 596 quanto

180 603 279 683 magis
305 601 337 660 in
365 601 545 660 remissione
568 616 738 680 poenarum
769 601 1013 676 canopitarum,
1043 617 1103 659 aun

175 683 250 761 talis
263 684 403 744 remissio
416 685 456 743 sit
465 682 541 743 nihil
562 682 654 759 aliud,
678 701 769 765 qnam
781 682 938 744 absolutio
957 701 978 742 a
991 683 1105 762 poenis,

182 769 245 829 imo
258 769 285 826 si
297 768 414 846 uspiam
428 765 463 825 iit
474 766 645 827 distributio
657 767 833 827 meritorum
841 765 967 845 Christi,
976 766 1105 827 mamma

172 848 247 911 -fleri
271 849 415 911 debetin
438 848 633 910 absolutione
651 850 929 928 excommunitati,
965 848 1012 909 ibi
1033 849 1105 909 enim

183 933 401 994 renonciliatur
418 933 573 992 ecelesias
595 939 756 1012 pensator,
779 939 810 991 et
830 950 951 992 rursum
975 930 1106 992 deelara-

184 1023 234 1077 tur
254 1016 409 1096 particeps
432 1014 584 1076 bonorum
607 1015 719 1074 Christi
748 1022 779 1074 ei
812 1015 977 1076 e'ooleeiae.
1004 1012 1107 1074 ¹Nt'tlltt

181 1102 286 1179 itaque
312 1104 359 1158 est
380 1099 475 1173 ratio,
506 1111 600 1176 quare
624 1098 698 1157 illud
721 1098 867 1158 verbnm:
891 1097 1106 1176 Quodounque

181 1181 330 1258 solveris,
352 1182 382 1240 in
406 1181 602 1263 indulgentiis
624 1180 752 1240 includit
780 1182 808 1260 Ι)
833 1181 1016 1242 thesaurum
1031 1179 1106 1241 Chri

181 1267 231 1344 sti,
255 1272 285 1324 et
306 1282 368 1324 non
392 1264 484 1323 etiam
507 1265 537 1323 in
556 1263 697 1324 omnihus
719 1263 1023 1343 dissolutionibus,
1046 1281 1106 1324 eum

182 1346 217 1408 iit
238 1345 347 1488 pedem
372 1348 540 1426 autoritas,
564 1346 672 1407 eadem
695 1346 797 1427 verba,
821 1346 932 1409 eadem
956 1347 1107 1411 sentemia

180 1425 212 1490 in¹
235 1429 305 1491 iiis.

264 1510 390 1590 Quarto,
414 1511 438 1570 si
461 1511 581 1572 solvere
597 1531 665 1591 ,per
687 1511 805 1573 elavem
828 1513 859 1573 in
875 1513 976 1573 veniis
1003 1510 1106 1577 dandis

179 1590 325 1675 importat
345 1593 536 1674 apertionem
549 1607 579 1655 et
601 1593 781 1656 effusionem
795 1594 930 1657 thesauri
945 1594 1106 1671 eeclesiae,

181 1696 255 1759 ergo
278 1696 334 1757 per
366 1676 540 1757 oppositum
569 1676 665 1758 ligare
689 1678 866 1758 importabit
886 1676 1105 1741 eolieotion'em

184 1767 216 1822 et
241 1759 444 1821 inclusionem
475 1759 608 1821 thesauri
643 1760 790 1821 eiusdem.
832 1760 911 1825 Sunt
934 1762 1022 1823 enim
1042 1779 1107 1825 eou-

183 1844 295 1903 trariae
322 1848 517 1923 potestates,
556 1842 588 1902 et
615 1844 835 1904 contrariorum
864 1844 1007 1924 operum.
1052 1841 1107 1906 sed

182 1945 331 2006 nusquam
355 1932 386 1986 et
407 1944 563 2004 nunquam
587 1936 634 1985 est
655 1926 727 1987 usus
749 1927 916 2007 colligendi
939 1933 996 1988 aut
1016 1925 1106 1988 ineiu-

181 2008 274 2069 dendi
298 2009 379 2068 huno
401 2008 591 2085 thesaurum,
615 2015 645 2069 et
667 2015 769 2070 tamen
793 2011 817 2069 si
840 2008 954 2072 solutio
979 2015 1014 2070 et
1038 2007 1107 2072 offu-

182 2093 229 2155 aio
250 2098 313 2170 est,
347 2092 439 2152 etiam
468 2092 673 2152 inclusionem
694 2112 766 2153 esse
786 2110 916 2153 neeesse
939 2099 1006 2167 est,
1043 2111 1105 2153 eum

182 2182 344 2253 utrumque
372 2173 520 2236 donatum
552 2176 591 2235 sit
620 2175 793 2253 ecelesiae,
823 2194 881 2236 neo
911 2175 1029 2236 irnstra
1058 2181 1106 2236 aut

183 2277 264 2319 rane
298 2259 456 2320 donatum.
499 2257 583 2338 Ergo
614 2259 693 2320 siout
720 2259 816 2339 ligare
837 2258 1024 2338 intelligitur
1043 2260 1105 2319 sine

185 2340 371 2401 oolleetione
393 2340 527 2400 thesami
563 2340 733 2402 debitorem
755 2341 875 2419 heere,
900 2359 962 2401 neo
994 2339 1105 2441 aliquid

112 2428 117 2434 '
179 2425 212 2484 ei
234 2424 365 2503 positive
388 2423 522 2502 auferre,
555 2425 598 2484 ita
619 2424 741 2484 solvere
763 2426 847 2505 cogit
866 2423 1001 2505 intelligi
1039 2424 1105 2485 hbe·

182 2527 248 2566 rum
265 2505 379 2588 faeere,
402 2507 468 2567 sine
490 2508 683 2588 expensione
706 2508 838 2568 thesauri
859 2507 987 2587 positivi
1011 2507 1065 2585 ²).-

449 2694 699 2756 Gonolueio
728 2693 833 2756 LXII.

269 2838 366 2903 Verus
409 2839 570 2900 thesaurus
607 2840 758 2900 eeclesiae
792 2846 840 2899 est
873 2848 1104 2903 saerosanetum

179 2921 378 3002 evangelium
401 2923 519 3003 gloriae
536 2928 567 2983 et
587 2924 705 3003 gratiae
725 2922 792 2985 Dei.

246 3004 346 3065 »Satis
359 3006 516 3087 incognita
537 3025 587 3066 res
611 3013 658 3066 est
674 3005 865 3086 evangelium
878 3005 938 3065 Dei
961 3007 993 3066 in
1011 3006 1105 3068 muita

178 3094 268 3167 parte
290 3088 456 3164 ecelesiae,
477 3089 549 3150 ideo
572 3088 665 3169 paulo
688 3089 780 3148 latius
802 3087 841 3148 ds
861 3087 915 3149 illo
932 3087 1103 3150 dieendum.

180 3168 264 3229 Nihil
285 3171 368 3231 enim
389 3171 512 3250 reliquit
532 3173 561 3232 in
586 3171 700 3231 mundo
723 3172 878 3249 Christus,
912 3179 1042 3251 praeter
1061 3192 1104 3233 so·

182 3252 245 3312 lum
263 3254 464 3333 evangelium.
510 3254 599 3315 Unde
620 3261 652 3316 et
679 3255 753 3315 nihil
775 3255 872 3315 servis
901 3256 966 3317 suis
989 3258 1103 3318 vooatis

237 3472 268 3527 il
288 3472 318 3526 ln
337 3472 380 3527 ed.
399 3473 475 3527 den:
502 3474 633 3528 includat.
681 3477 713 3544 2)
735 3477 767 3529 ln
790 3476 832 3531 ed¹
858 3479 947 3546 prino.
981 3482 1025 3533 sic
1043 3481 1102 3551 lepi-

181 3548 236 3595 tur:
255 3542 330 3613 Ergo
350 3546 421 3598 sicut
439 3546 769 3616 ligareintelligitursine
789 3547 952 3603 collectione
973 3551 1101 3617 thesauri,

180 3612 335 3668 debitorem
360 3618 466 3683 faeere,
496 3620 555 3670 sine
580 3621 750 3686 expensione
774 3620 896 3672 thesauri
923 3620 1054 3687 positive.
1074 3651 1100 3660 —
1145 3610 1148 3625 ’

179 3685 286 3738 uentus
306 3687 436 3761 editionis
453 3689 512 3742 lan.
532 3689 577 3740 hie
595 3694 724 3759 congruit
743 3707 805 3743 cum
829 3696 908 3744 textu
927 3692 1100 3751 Lucubratio·

178 3770 247 3827 num
260 3757 399 3815 nnllam.-
411 3759 521 3815 Lntbari
540 3760 582 3816 ed.
600 3760 728 3817 Basileus
741 3762 812 3820 toto
830 3762 904 3832 apud
915 3764 1006 3819 Adam
1025 3765 1100 3822 rem.
