2356 4200
193 270 234 341 68
391 230 394 238 ·
517 273 665 339 Sermones
678 275 796 330 ,Lutheri

193 449 273 525 sunt,
296 446 424 524 quiore
446 452 559 507 canunt
581 452 612 509 et
632 447 740 527 legunt
760 445 869 506 laudes
890 446 959 522 Dei,
981 465 1111 526 quorum

192 534 295 588 tamen
319 547 373 589 oor
393 528 518 608 plenum
541 536 588 590 est
610 528 802 609 blasphemia
822 529 898 608 oei,
919 529 993 591 lieet
1018 529 1049 590 id
1068 530 1112 609 ip-

193 631 259 671 aum
282 630 345 672 non
368 611 495 673 credant
516 631 574 673 nee
595 614 702 674 noiant.
745 612 793 672 De
821 612 930 691 quibus
961 611 1035 685 dioit
1056 632 1114 693 per

191 695 340 754 desaiam:
384 694 442 755 Hie
452 695 585 776 populus
600 715 650 755 me
663 690 759 776 ¹labiis
773 694 917 774 honorat,
940 713 994 755 oor
1008 701 1112 755 auteur

191 796 297 838 eorum
325 778 420 858 longe
450 785 497 838 est
527 798 546 838 a
573 798 639 856 me,
670 780 690 839 i.
715 797 742 841 e.
771 777 867 838 eorde
894 777 978 839 aliud
1006 779 1136 857 utique*

193 859 383 940 blasphemia
394 868 490 941 agunt
502 880 594 940 quam
606 861 704 924 labiis.
749 859 863 936 Quales
877 860 990 921 Esaiae
1002 868 1111 941 quarto

192 943 279 1003 dioit:
302 942 594 1024 blasphemaverunt
615 952 754 1005 sanetum
776 942 885 1022 lsrae13
913 950 944 1004 et
964 943 1046 1023 apud
1067 943 1112 1004 Ie-

192 1028 330 1104 remiam,
353 1045 460 1087 omnes
482 1027 672 1088 maledicunt
693 1027 775 1106 mihi,
798 1026 872 1087 dicit
892 1027 1058 1105 Dominus3
1081 1034 1113 1087 et

190 1109 248 1173 les.
278 1112 333 1173 52:
382 1110 423 1170 Et
453 1112 565 1190 iugiter
600 1110 831 1190 blasphematur
859 1129 980 1170 nomen
1009 1128 1111 1170 meum

190 1199 257 1252 tota
277 1191 337 1252 die.
380 1194 521 1272 Denique
543 1199 574 1253 et
585 1193 675 1272 Hiob,
697 1194 811 1254 veritus
824 1212 864 1253 ne
878 1192 931 1252 lilii
953 1192 1111 1253 suiDemn

192 1275 408 1335 benedixerint
420 1276 451 1335 in
474 1274 567 1336 eorde
591 1296 657 1356 auo,
681 1277 870 1355 cumulique
891 1282 1111 1356 praesumeret,

191 1357 274 1437 quod
296 1357 510 1419 benedixerint
529 1372 598 1419 'eum
620 1360 651 1419 in
675 1378 729 1419 ore
751 1376 822 1436 suo,
849 1357 1033 1419 saerilioavit
1051 1377 1111 1439 pro

191 1442 251 1501 eis:
280 1447 372 1520 atque
402 1441 452 1501 hie
479 1461 538 1502 vae
566 1441 713 1522 grandem
742 1443 892 1502 timorem
913 1448 945 1502 et
965 1441 1111 1503 horribile
1167 1500 1170 1507 .

188 1524 357 1603 perieulum
385 1526 467 1585 vitae
496 1532 620 1586 nostrae
649 1525 857 1605 inspiciamus.
909 1524 989 1584 Vide
1018 1543 1111 1605 quam

189 1607 389 1674 vehementer
424 1607 590 1668 conformis
627 1609 666 1668 sit
697 1607 829 1668 mundus
862 1607 997 1668 inferno:
1032 1608 1110 1668 'nam

190 1691 290 1750 omnis
313 1688 489 1768 damnatus,
519 1692 581 1751 imo
605 1693 705 1751 omnia
726 1697 874 1770 peccator
894 1691 1028 1752 moriens
1050 1696 1111 1751 eta-

190 1773 244 1832 tim
274 1774 382 1853 incipit
408 1773 507 1833 Deum
537 1774 752 1854 blasphemare
786 1780 817 1833 et
843 1774 887 1832 sio
916 1772 1111 1854 permanebit

190 1856 256 1915 sine
279 1854 350 1916 line.
393 1854 559 1930 Quomodo
584 1859 623 1917 sit
642 1856 721 1934 hoo,
744 1856 911 1935 quaeritur:
935 1858 1007 1936 quia
1027 1855 1109 1919 blaa·

187 1937 313 2017 phemio
324 1938 425 1998 eordis
449 1940 739 2021 estvellepoptare,
763 1940 876 2017 eonari,
899 1946 932 2000 ut
946 1939 1020 2000 'deus
1044 1956 1108 2000 non

186 2021 240 2099 ait,
270 2022 342 2101 quia
369 2042 487 2082 summe
509 2023 613 2083 horret
640 2030 671 2083 et
690 2024 787 2082 timet
807 2022 905 2082 Deum
928 2029 960 2082 et
991 2025 1106 2103 omnia,

189 2104 376 2183 quaepiaolt,
404 2105 485 2184 vult,
515 2106 589 2166 dicit
610 2124 702 2185 super
723 2124 808 2183 eum3
825 2102 1106 2185 'quohorrore‘fit

188 2193 222 2246 ut
238 2206 368 2248 ¹numme
389 2206 512 2268 quoque
538 2188 723 2266 detestetur,
745 2188 940 2249 abominetur
961 2187 1107 2268 odiatque

188 2269 303 2348 Deum,
327 2272 422 2331 etita
442 2269 552 2350 lit‚'ut
572 2291 637 2332 non
658 2272 698 2332 eit
718 2273 749 2330 in
772 2277 887 2348 morte,
915 2272 967 2350 qui
989 2289 1108 2335 memor

188 2353 228 2413 sit
248 2353 316 2432 Dei,
339 2372 439 2432 neque
461 2356 492 2414 in
515 2355 634 2415 inferno
658 2356 818 2435 quisquam
847 2352 1043 2416 eonfitebitur
1065 2355 1104 2415 ei.

186 2435 241 2496 Hie
264 2442 335 2496 sunt
355 2437 470 2496 similes
491 2439 523 2497 in
546 2439 623 2517 vita,
645 2439 707 2498 imo
729 2438 880 2517 incipiunt
906 2437 986 2497 bane
1015 2437 1103 2497 mise-

185 2521 261 2579 riam
285 2539 408 2598 omnes,
439 2522 583 2600 quisunt
610 2527 698 2581 extra
718 2522 837 2602 gratiae
859 2525 989 2600 etatum,
1020 2519 1105 2601 quod

187 2608 273 2683 patet
294 2605 352 2663 aie:
387 2604 459 2682 quia
480 2605 558 2664 siout
578 2624 634 2684 per
661 2605 792 2685 gratiam
819 2602 977 2664 firmantur
1004 2603 1104 2682 eleoti,

185 2691 222 2744 ut
238 2688 330 2746 etiam
351 2687 382 2745 in
405 2693 505 2748 morte
527 2694 558 2748 et
578 2688 698 2747 inferno
720 2684 906 2748 benedicant
922 2686 1031 2766 Deum,
1052 2705 1104 2746 ne-

186 2767 258 2828 dum
279 2770 309 2828 in
333 2788 517 2849 quoeunque
538 2770 600 2831 alio
622 2768 821 2830 inoommndo
844 2769 1017 2850 temporali,
1038 2774 1104 2829 tum

184 2851 263 2912 haee
291 2853 395 2913 omnia
424 2859 588 2934 acceptant
615 2860 646 2914 et
674 2852 849 2934 approbant
877 2852 993 2913 aDeo*
1012 2851 1103 2931 faeta,

184 2941 219 2995 ut
238 2936 337 3013 iusto,
365 2935 466 3015 bono,
496 2955 571 2998 vero
595 2942 653 2998 eto.
695 2935 742 2996 Ita
772 2937 838 2995 aine
866 2937 965 3016 gratia
992 2934 1103 2994 infirmi

184 3024 256 3078 sunt
278 3017 417 3098 reprobi,
447 3025 481 3080 ut
511 3038 574 3080 non
602 3026 721 3080 tantum
744 3024 878 3079 mortem
902 3023 933 3078 et
952 3017 1104 3078 infernum

184 3100 346 3182 horreant,
380 3100 434 3162 sed
464 3104 557 3163 etiam
580 3101 741 3182 quodlibet
762 3101 846 3161 aliud
873 3099 1104 3163 incommodum

184 3192 222 3244 do
242 3186 336 3245 sinin
360 3185 502 3248 omnibns
524 3190 634 3266 optant
660 3185 847 3245 eontrarium
874 3184 1026 3245 voluntati
1050 3203 1103 3264 op·

73 3308 74 3313 1
183 3267 277 3328 timae
295 3269 363 3347 Dei,
385 3274 494 3330 eontra
514 3277 645 3349 eamque
667 3273 734 3329 toto
756 3269 824 3328 nisu
848 3274 1008 3346 conantur,
1030 3268 1102 3347 quia

182 3348 404 3413 horrent-talia
425 3352 482 3414 sibi
504 3351 580 3415 lieri.

505 3483 783 3547 Corollarium.

264 3601 446 3661 Pauoissimi
466 3603 570 3682 itaque
591 3606 623 3662 et
643 3607 706 3661 tam
727 3601 820 3683 pauni
831 3604 903 3660 sunt
923 3594 1101 3659 laudatores

182 3682 258 3764 Dei,
287 3702 378 3763 quam
400 3686 490 3764 pauoi
512 3687 544 3745 ln
566 3684 704 3746 adversis
727 3682 913 3746 benedicunt
933 3680 1049 3757 Deum,
1071 3686 1103 3741 et

178 3767 211 3826 id
235 3787 273 3826 ex
296 3766 401 3847 eorde,
424 3787 487 3829 non
501 3768 595 3830 modo
610 3788 673 3830 ore.
716 3767 795 3830 Nam
817 3765 848 3827 id
860 3766 996 3845 horrent,
1018 3763 1102 3844 quod
