2356 4200
360 244 396 299 aa
415 245 483 301 urat.
504 247 532 299 a.
553 245 621 300 snv.
640 247 789 351 memus.
947 298 949 301 .
1001 241 1050 333 63i

123 415 333 493 nisteriorum,
365 414 428 474 dixi
450 416 480 474 in
504 434 596 474 manu
617 433 718 496 papae
744 433 828 496 esse,
858 420 891 475 ut
912 413 1043 494 ordinet,

124 499 239 577 mittat,
272 505 385 577 ponat,
405 499 497 557 ‘sicut
518 499 642 578 corpori
662 496 813 558 ecclesiae
835 498 981 579 expedire
1002 498 1044 558 vi-

124 580 219 642 deret.
262 580 348 640 Haec
376 587 478 641 cutem
506 589 577 640 sunt
602 582 704 643 ineom
729 579 883 640 arabiliter
911 581 1044 642 maiores

123 665 257 746 gratiae,
293 681 385 742 quam
406 664 525 724 veniae.
567 664 675 724 Melius
697 599 770 723 dulcit
790 665 871 723 enirn
893 682 990 743 papa,
1018 662 1055 725 si*

126 765 220 807 unum
241 746 356 808 bonum
378 753 536 828 pastorem
568 747 620 805 uni
642 746 792 807 ecclesiae
808 743 1043 829 praefeceritl),

125 848 217 911 quam
258 830 283 888 si
315 847 423 889 omnus
459 829 548 889 simul
579 827 785 911 indulgentias
817 829 945 892 dederit.
998 826 1045 888 'lu

123 920 225 974 autem
253 914 285 972 in
319 930 483 992 personam
514 919 631 972 tantum
659 913 748 972 huius
780 912 892 973 Leonis
926 911 1045 972 Decimi

126 999 272 1072 intentus,
290 997 368 1054 sieut
385 995 475 1055 decet
486 996 664 1076 graphicum
678 995 880 1075 adulatorem,
899 992 1045 1075 intelligis

72 1074 78 1095 '
122 1082 154 1139 in
176 1076 278 1139 verbis
301 1077 416 1156 alienis,
440 1079 583 1158 quicquid
596 1078 742 1157 volueris,
763 1085 793 1139 et
810 1086 912 1138 tamen
928 1077 1044 1139 detrac-

125 1174 175 1223 tor
197 1168 229 1222 et
250 1160 453 1221 calumniator
474 1180 544 1222 esse
565 1181 629 1221 non
651 1161 706 1226 vis.
1016 1162 1019 1177 ¹

209 1243 246 1306 In
269 1245 498 1324 septuagesima
520 1246 650 1326 septima
671 1244 744 1303 mihi
765 1263 827 1304 non
841 1242 949 1323 credis,
973 1241 1066 1323 quid·

123 1327 163 1388 ad
187 1327 257 1386 me?
280 1345 336 1406 per
357 1327 418 1386 hoo
436 1327 526 1387 nobis
549 1345 611 1387 non
633 1325 667 1386 lit
688 1327 772 1406 satis,
796 1328 899 1387 omnia
921 1321 1056 1387 illoru'in*

124 1412 232 1492 optimi
266 1409 416 1489 consulis,
450 1411 507 1470 uisi
535 1408 618 1489 quod
645 1419 804 1489 respector
833 1428 1046 1491 personarum,

123 1513 193 1554 mea
214 1493 309 1552 solius
331 1494 457 1572 pessimi
480 1494 625 1554 consulis.

206 1576 240 1636 ln
270 1578 498 1655 septuagesima
528 1582 640 1636 octava
673 1594 732 1636 nec
762 1575 963 1636 excusatione
995 1592 1045 1636 mc

124 1660 270 1742 dignaris.
302 1657 392 1732 Quod
415 1668 461 1719 est
482 1659 561 1719 istud
585 1678 698 1719 novum
715 1658 1046 1740 Silvestn'numforum,

124 1745 154 1803 in
178 1761 239 1822 quo
264 1759 318 1802 reo
342 1748 472 1822 negatur
504 1742 683 1802 excusatio?
717 1742 770 1802 sed
806 1741 928 1802 obtorto
961 1739 1045 1801 collo

123 1828 240 1905 rapitur
261 1823 300 1884 ad
323 1823 522 1884 abiurandam
547 1825 715 1904 haeresim,
751 1827 790 1884 sit
822 1825 888 1885 sive
915 1843 978 1884 non
1009 1825 1049 1884 sit

123 1905 321 1970 haereticus?
364 1907 425 1967 Sed
456 1907 506 1967 ubi
534 1928 607 1968 vera
628 1926 701 1970 mea
724 1928 786 1968 non
809 1916 899 1986 potes
920 1923 1045 1987 negare,

125 1992 235 2053 saltem
256 2009 420 2070 personam
443 2010 544 2051 meam
567 1994 650 2051 omni
673 1990 772 2050 studio
797 1990 959 2051 contendis
991 2008 1045 2070 op-

125 2077 267 2156 primere.
310 2074 434 2134 Utinam
458 2081 557 2134 tecum
580 2073 653 2133 mihi
675 2073 797 2149 liceret,
822 2079 853 2133 et
874 2072 1047 2152 corpusculi

126 2159 318 2239 permitteret
339 2156 532 2217 imbecillitas
556 2176 660 2216 coram
687 2156 725 2217 dc
746 2155 822 2236 iis²)
855 2155 947 2216 rebus
977 2174 1048 2216 con·

124 2244 215 2304 ferre.
259 2240 330 2300 Non
353 2238 458 2300 dubito
482 2260 531 2299 me
555 2246 671 2299 tantum
693 2240 747 2300 tibi
770 2249 980 2317 ostensurum,
1013 2244 1047 2299 ut

125 2325 235 2386 saltem
260 2321 428 2382 modestius
451 2322 597 2403 deinceps
619 2322 801 2402 disputares.
831 2322 916 2382 Haec
938 2330 986 2382 sat
1008 2320 1047 2382 de

126 2406 403 2490 propositionibus.
443 2406 562 2486 Cetera,
585 2405 687 2485 credo,
708 2405 832 2484 videris,
855 2403 1047 2467 aut·¹videbis

125 2493 157 2551 in
182 2487 442 2550 declarationibus
467 2491 552 2549 meis.
977 2496 980 2505 ‘
1010 2508 1012 2512 ·

208 2572 259 2634 Ad
289 2573 504 2650 quaestionum
538 2592 611 2633 vero
645 2571 791 2632 laicarum
820 2572 1048 2633 confutationes

127 2657 212 2719 volui
236 2657 415 2735 quiescere,
428 2654 483 2716 sed
505 2654 612 2738 incidit
634 2666 664 2715 et
684 2656 836 2736 permovit
852 2663 1047 2735 perspectum

125 2743 188 2802 iam
211 2747 295 2799 tuum
316 2738 490 2819 ingenium,
526 2745 557 2799 et
583 2739 705 2798 avidum
727 2740 875 2799 victorias
899 2745 930 2799 et
950 2740 1047 2818 impo-

126 2831 195 2885 tans
217 2841 349 2904 pugnae.
392 2821 466 2881 ldso
489 2823 515 2880 si
536 2841 662 2902 possum
683 2823 789 2901 paneis
813 2820 1036 2901 respondebo.¹

209 2905 260 2966 Ad
282 2905 421 2985 primam,
444 2923 513 2964 oum
535 2906 661 2985 longum
683 2904 758 2964 illud
779 2903 983 2964 Taratsntara
1003 2904 1048 2963 in·

127 2989 286 3067 duxisses,
316 2989 366 3047 ubi
402 2989 483 3047 inter
515 2994 618 3047 cetera
641 2989 732 3047 etiam
757 2989 896 3065 meritum
920 2986 1048 3068 congrui

127 3080 158 3133 et
179 3071 448 3152 praeparationem
480 3071 613 3131 hominis
643 3069 681 3129 ad
714 3071 1070 3151 gratiamqnecessario'

127 3154 313 3237 praecedere
336 3153 494 3214 docuisses
516 3153 699 3213 infusionem
719 3153 850 3234 gratiae,
874 3172 952 3233 quae
976 3154 1071 3214 haa-'

127 3240 204 3300 resis
237 3239 297 3298 iam
329 3236 450 3315 quidem
484 3256 539 3317 per
560 3237 722 3296 ecclesiam
744 3234 922 3316 praevalida
944 3237 1048 3316 copio-

128 3323 250 3383 sissime
273 3319 448 3380 confoditur
469 3339 488 3380 a
509 3320 542 3382 B.
577 3320 750 3400 Augustino
783 3326 890 3379 contra
910 3307 1059 3400 Pelagio-²

128 3425 204 3485 nos,
240 3410 272 3464 et
306 3404 337 3462 in
372 3411 478 3464 nostra
505 3403 743 3481 universitate³)
780 3404 884 3484 coepit
912 3400 1048 3484 explodi.

129 3740 145 3794 d
172 3666 238 3754 31)
261 3665 344 3723 lbid.:
372 3667 525 3737 perfecerit.
572 3666 605 3736 2)
626 3665 703 3722 lbid:
720 3665 773 3720 his.
828 3667 860 3735 3)
879 3662 970 3736 Ibid,:',
988 3679 1048 3720 aca-

147 3757 230 3796 emsa
