2356 4200
466 287 491 325 a
511 269 581 328 rma
600 269 698 326 narra
738 232 744 245 ’
1006 264 1048 329 93

129 441 163 503 ad
183 441 370 521 sepulcrum,
393 444 425 501 et
446 438 528 519 qnod
551 440 580 499 in
612 438 749 501 secundo
778 438 876 499 reditu
897 437 1047 500 Dominus

127 526 265 605 apparuit
285 523 475 584 mulieribus.
514 523 661 605 Discipuli
682 530 784 584 autem
808 542 864 582 sua
885 521 1049 581 increduli·

127 615 185 669 tate
207 607 422 667 dissuaserunt
444 606 637 685 mulieribus,
667 613 699 666 et
720 605 763 667 ibi
783 606 844 664 iam
867 623 976 665 omnes
997 603 1050 671 ad·

116 685 181 752 'huc
202 710 268 751 non
291 691 381 751 aliter
401 695 510 770 putant
531 709 623 770 quam
643 708 712 750 esse
730 687 895 748 sublatum.
916 686 957 747 Et
976 686 1048 747 ideo

125 776 166 835 rei
192 775 367 834 novitatem
396 773 523 832 miratae
546 776 613 852 jam
641 771 772 833 redeunt
798 789 866 831 curn
893 770 984 831 Petro
1017 777 1049 831 et

123 858 269 918 lohanne
290 876 409 917 rursum
431 855 470 916 ad
493 856 682 935 sepulcrum,
711 855 762 916 ubi
790 855 851 913 iam
873 852 974 913 nullos
996 873 1048 915 an·

124 941 212 1022 gelos
235 938 388 1016 viderunt,
418 938 472 998 sed
500 938 600 999 solum
623 957 785 999 remanens
808 937 904 996 Maria
924 935 1048 1016 Magda-

125 1024 204 1099 lena,
227 1024 279 1083 cui
300 1030 333 1083 et
354 1028 427 1082 tunc
448 1022 546 1101 primo
571 1023 722 1102 apparuit,
745 1028 777 1080 ut
799 1020 944 1098 sequitur.
959 1017 1047 1079 Luc:
1124 1067 1128 1083 .

124 1107 232 1167 Petrus
256 1114 360 1166 autem
383 1124 511 1184 surgens
535 1106 675 1165 cucurrit.
708 1104 800 1166 Joh.:
832 1102 873 1162 Et
895 1102 948 1163 ille
969 1101 1047 1161 alius

125 1189 316 1269 Discipulus,
348 1194 380 1250 et
408 1197 558 1248 venerunt
591 1189 630 1248 ad
660 1193 907 1263 monumentum,
936 1191 966 1244 et
996 1185 1048 1245 ille

125 1273 204 1332 alius
226 1272 361 1332 cucurrit
383 1273 472 1330 citius
495 1271 586 1331 Petro
617 1278 649 1331 et
670 1271 755 1330 venit
776 1270 859 1349 prins
881 1268 921 1327 ad
943 1287 1048 1329 monu-

126 1364 281 1431 mentum,
317 1361 348 1414 et
375 1373 444 1413 cum
475 1373 510 1413 se
538 1354 733 1430 inclinasset,
768 1353 844 1412 vidit
871 1352 1050 1412 linteamina

124 1439 239 1518 posita,
263 1457 327 1498 non
351 1444 454 1497 tamen
475 1438 620 1498 introivit.
658 1437 752 1501 Venit
773 1454 847 1515 ergo
870 1435 975 1496 Simon
993 1435 1048 1496 Pe,

125 1528 188 1581 trus
214 1539 348 1599 sequens
373 1539 443 1580 eum
466 1528 497 1580 et
524 1521 662 1580 introivit
694 1521 725 1578 in
758 1525 989 1579 monumentum
1018 1524 1049 1579 et

127 1604 206 1665 vidit
236 1604 418 1664 linteamina
446 1604 549 1683 posita
578 1612 610 1663 et
630 1602 801 1678 sudarium,
834 1601 917 1681 quod
950 1601 1049 1661 suerat

125 1707 218 1766 super
236 1693 343 1766 caput
372 1687 437 1746 eius
466 1705 529 1746 non
559 1705 628 1746 cnm
657 1684 882 1746 linteaminibus
904 1685 1049 1764 positum,

126 1772 294 1849 separatim
317 1769 488 1829 involutum
516 1770 547 1828 in
578 1789 670 1829 unum
703 1768 817 1828 locum.
859 1767 946 1827 Tunc
973 1786 1047 1847 ergo

126 1854 266 1913 introivit
297 1859 329 1911 et
358 1850 410 1912 ille
442 1851 626 1931 discipulus,
665 1853 715 1931 qui
743 1860 871 1911 venerat
902 1852 984 1931 prius
1009 1849 1047 1911 ad

127 1941 360 1996 monumentum
398 1940 431 1996 et
465 1935 541 1995 vidit
569 1944 600 1997 et
628 1933 771 2011 credidit,
799 1933 936 1994 nondum
967 1934 1048 1993 enim
1094 1931 1108 1941 “

127 2019 247 2079 sciebat
267 2019 447 2097 scripturam
470 2017 552 2097 quod
573 2026 697 2097 oportet
718 2037 786 2077 eum
814 2036 833 2075 a
855 2017 982 2077 mortuis
1003 2035 1048 2077 re·

126 2120 263 2181 surgere.
308 2100 460 2160 Abierunt
480 2120 554 2181 ergo
578 2100 719 2181 discipuli
747 2101 856 2159 iterum
882 2099 921 2160 ad
951 2106 1049 2159 semet

126 2186 223 2264 ipsos.
267 2184 316 2242 Ex
339 2202 399 2262 quo
424 2191 524 2263 patet,
556 2183 638 2262 quod
662 2183 800 2244 etmulti
823 2183 874 2242 alii
897 2202 964 2242 cum
987 2182 1047 2242 illis

127 2267 248 2327 duobus
271 2272 429 2344 venerant,
453 2274 484 2327 et
505 2273 538 2325 nt
560 2267 603 2333 lit,
626 2266 748 2346 quando
772 2273 961 2344 compertum
992 2272 1048 2341 est,

128 2350 211 2428 quod
246 2348 495 2429 figurabatur*),
531 2349 691 2430 dispersim
721 2349 866 2426 redeunt,
896 2368 956 2409 non
986 2368 1047 2408 uno

128 2433 263 2506 cumulo,
285 2433 364 2491 sicut
385 2442 597 2508 accurrerunt,
625 2434 669 2492 ita
690 2433 739 2493 hio
761 2431 882 2511 quidem
907 2431 1049 2512 discipuli

127 2516 252 2576 insimul
274 2515 440 2593 redierunt,
463 2516 605 2595 mulieres
628 2523 730 2576 autem
757 2515 871 2575 tardius
900 2535 954 2575 eos
979 2523 1049 2574 sunt

126 2601 302 2675 insecutae,
337 2605 369 2658 et
394 2599 443 2657 hic
472 2600 515 2660 eis
538 2601 679 2679 apparuit
699 2599 857 2659 Dominus.
901 2599 989 2658 Unde
1019 2606 1049 2657 et

126 2682 228 2742 Lucas
253 2681 292 2741 de
314 2681 417 2740 multis
439 2682 507 2740 aliis
529 2683 590 2742 hoc
606 2682 749 2757 affirmat,
771 2682 890 2742 dicens:
913 2681 953 2741 Et
968 2682 1048 2741 abis·

126 2773 197 2824 runt
221 2764 344 2843 quidam
368 2784 407 2823 ex
430 2766 542 2825 nostris
566 2764 606 2825 ad
624 2773 865 2844 monumentum,
888 2767 966 2824 sicut
986 2785 1048 2823 rnu-

127 2847 218 2908 lieres
241 2847 400 2924 dixerunt,
430 2849 488 2926 ipsi
515 2867 589 2908 vero
617 2868 679 2909 non
710 2855 917 2925 cucurrerunt.
960 2847 1048 2907 Unde

127 2930 234 3010 colligi
246 2937 359 3009 potest,
382 2949 444 2990 non
460 2950 528 2990 esse
542 2951 658 3009 verum,
676 2932 759 3010 quod
772 2933 921 2992 Dominus
940 2933 971 2989 in
990 2933 1047 2991 isto

128 3013 230 3072 reditu
252 3015 428 3092 apparuerit
448 3014 550 3092 Petro,
574 3016 646 3092 quia
664 3015 775 3076 dicitur
787 3017 847 3093 hic,
869 3013 953 3094 quod
968 3014 1048 3076 abie-

127 3098 191 3156 rint
212 3095 251 3155 ad
275 3105 375 3155 semet
396 3098 481 3175 ipsos
500 3096 650 3176 discipuli,
671 3118 734 3157 non
756 3101 882 3159 invento
906 3117 954 3159 eo,
986 3097 1048 3158 Uti-

127 3198 188 3258 que
210 3179 249 3238 ad
270 3180 436 3238 Dominum
465 3190 606 3259 venerat,
641 3182 699 3241 nisi
724 3182 802 3242 forte
830 3183 962 3261 dicatur,
994 3184 1048 3243 Pe·

127 3271 207 3322 trum
241 3262 340 3321 solum
374 3262 517 3340 rediisse,
549 3271 579 3323 et
609 3266 637 3324 ei
664 3265 828 3326 Dominum
860 3268 1048 3347 apparuisse.

127 3345 207 3404 Nam
230 3347 308 3405 sicut
325 3345 422 3404 Lucas
447 3345 536 3423 dicit,
570 3347 654 3407 solus
678 3349 747 3408 ivit:
784 3349 824 3408 Et
845 3337 920 3409 a'biit
941 3351 1048 3410 Petrus

127 3447 234 3487 secum
265 3429 378 3488 mirans
409 3429 491 3507 quod
519 3430 632 3490 factum
662 3432 769 3492 fuerat.
813 3432 873 3493 Sed
903 3434 973 3493 huic
997 3433 1048 3494 ob-

128 3513 213 3570 viare
234 3510 363 3588 videtur,
386 3511 469 3589 qucd
491 3512 666 3574 mulieribus
688 3518 720 3575 in
749 3517 799 3574 via
826 3518 980 3596 apparuit,
1017 3525 1050 3576 ut

127 3594 189 3653 hoc
212 3593 368 3672 discipulis
390 3594 569 3658 indicarent.
604 3597 646 3656 At
667 3606 771 3677 potest
792 3599 881 3679 solvi,
905 3599 1048 3678 dicendo,

130 3732 375 3740 --·-.-.—-—-

184 3781 214 3850 ⁸)
235 3782 394 3850 legendum
413 3786 522 3838 forsan:
539 3787 740 3856 inquirebatur.
