2356 4200
54 296 56 300 '
123 280 164 347 44
377 287 535 358 Responsio
554 286 588 343 Ι).
602 287 679 343 llari.
699 287 813 344 Lnthesi

207 458 273 520 Ad
292 461 476 521 tricesimam
511 463 646 540 quintam
680 461 777 522 diois:
820 458 946 520 Nullum
980 478 1048 520 esse

127 543 365 605 declamatorem
388 564 467 620 reor,
491 547 542 623 qui
563 553 625 605 tam
649 545 740 605 stulte
764 545 912 605 docuerit.
975 564 976 568 ¹

208 627 412 706 Respondeo:
435 627 504 708 Ego
526 629 596 688 non'
611 647 697 706 reor,
721 628 775 688 sed
799 627 874 688 scio.
917 625 1049 687 Exstant

127 711 207 769 enim
229 711 325 771 libelli
347 712 544 791 positionum,
568 711 676 790 quibus
693 711 725 770 id
737 709 799 772 non
813 710 915 770 solum
923 710 1047 787 docent,

126 793 179 854 sed
203 794 247 853 ita
268 793 453 871 defendunt,
476 802 509 854 ut
530 796 718 856 contrarium
740 799 881 854 asserant
903 811 1047 854 errorem.

124 876 242 937 Idcirco
264 878 372 937 iterum
395 896 472 957 rogo
490 877 657 954 dominnm,
680 885 713 937 ιιι
734 876 886 938 Thomam
909 877 1046 936 Italica-m

126 967 157 1019 et
178 959 394 1020 Germanicum
416 961 473 1020 sibi
497 960 669 1021 discordem
693 963 789 1040 primo
814 959 1000 1038 concordet,
1015 965 1046 1019 ιιι

124 1042 245 1119 faciam,
268 1044 327 1103 utri
350 1063 483 1123 pugnem
506 1045 556 1104 vel
580 1044 697 1104 cedam
746 1070 747 1074 ¹
910 1064 913 1072 ·

209 1125 314 1186 Sedit
289 1129 397 1186 lterum
421 1127 458 1186 ad
484 1127 615 1187 solidum
639 1128 787 1208 refugium
809 1127 915 1202 venis,
936 1125 968 1185 id
993 1131 1046 1203 eat,

63 1237 68 1247 ·
125 1209 194 1269 ad
182 1210 385 1288 improprieta
387 1217 448 1269 tem
470 1211 549 1270 forte
572 1210 692 1270 dicens:
727 1209 759 1270 Si
789 1210 839 1288 qui
868 1216 972 1269 tamen
995 1207 1045 1268 do-

126 1300 246 1370 cerent,
282 1291 363 1370 quod
396 1311 458 1352 non
483 1293 605 1355 contriti
643 1312 706 1354 non
734 1311 813 1353 vane
840 1277 1045 1372 indulgentias

126 1381 357 1453 consequuntur
383 1378 473 1455 (quia
494 1376 662 1455 proderunt
684 1377 890 1453 contritione,
914 1395 955 1434 ex
975 1380 1046 1455 post

124 1459 206 1518 lacto
230 1458 428 1537 accedente),
450 1478 513 1519 non
537 1460 617 1519 male
639 1459 752 1520 docent
741 1458 855 1538 tapud
873 1459 1046 1538 complures

125 1543 250 1620 peritos
1037 1578 1042 1588 ·

208 1624 292 1703 Ergo
313 1624 344 1684 id
367 1624 643 1685 Christianumt
596 1632 643 1686 est
664 1623 863 1705 praedicare?
891 1624 953 1685 Our
973 1642 1047 1704 ergo

126 1709 206 1786 scrip
208 1712 276 1766 tura
297 1726 354 1768 nos
375 1707 527 1785 hortatur,
565 1716 599 1768 ut
625 1709 809 1788 quantocius
832 1713 1045 1769 convertamus

125 1796 158 1850 et
180 1791 403 1850 convertamur
445 1791 486 1850 Et
520 1791 633 1850 nullam
667 1792 720 1852 dat
751 1790 894 1851 fiduciam
928 1790 1047 1850 futurae

123 1874 349 1952 poenitentiae,
373 1874 494 1934 interim
520 1893 626 1934 secure
648 1874 681 1950 2)
706 1873 839 1934 dilatae?
878 1873 949 1934 aed·
963 1873 1044 1933 omui

124 1955 201 2015 hora
221 1956 411 2036 vigilandum
428 1956 528 2034 docet,
550 1959 616 2017 sive
638 1958 762 2018 valeant
781 1957 996 2036 indulgentiae
1014 1957 1048 2016 in

33 2048 37 2053 ’
124 2039 267 2116 futurum,
290 2041 356 2100 sive
377 2059 450 2118 non,
473 2039 548 2099 nihil
571 2058 654 2103 curo.
676 2041 708 2100 ld
731 2059 814 2118 curo,
836 2039 919 2120 qnod
941 2058 999 2119 pro
1013 2057 1045 2098 re

125 2123 302 2195 levissima,
325 2123 355 2182 id
380 2129 442 2200 est,
465 2124 563 2183 veniis
586 2144 649 2182 rem
672 2124 756 2182 illam
779 2124 993 2204 gravissimam
1015 2128 1046 2181 et

126 2205 222 2265 solam
246 2207 461 2283 necessariam,
484 2205 515 2265 id
539 2212 601 2284 est,
623 2208 839 2267 contritionem
862 2213 924 2265 tam
946 2205 1045 2265 viliter

125 2289 336 2365 aestimamus,
370 2296 432 2347 tam
454 2288 563 2368 frigide
585 2308 741 2368 curamus,
774 2295 808 2349 ut
835 2307 898 2349 non
927 2287 967 2348 ad
989 2305 1045 2347 nos

124 2372 277 2450 pertinere
300 2370 454 2450 videatur,
484 2391 544 2450 quo
574 2379 713 2452 tempore
734 2379 881 2452 peccator
902 2390 973 2430 eam
994 2369 1045 2432 ob-

124 2454 237 2531 tineat,
259 2453 354 2514 modo
376 2463 555 2533 praesentes
572 2457 679 2516 venias
701 2456 846 2534 redimat,
875 2473 950 2533 quas
979 2472 1044 2513 curn

126 2538 192 2596 sine
225 2537 362 2616 periculo
390 2555 453 2597 non
481 2538 582 2598 solum
610 2537 751 2615 differre,
781 2538 951 2599 sedetiam
972 2555 1046 2596 nun·

126 2638 216 2698 qnam
238 2619 389 2680 redimere
410 2620 516 2697 liceat,
540 2621 647 2681 sedulo
666 2629 768 2681 tamen
790 2623 927 2701 agimus,
949 2639 990 2680 ne
1014 2617 1043 2699 ¹)

126 2701 255 2764 differat
280 2702 311 2762 si
331 2702 362 2761 id
384 2722 490 2763 amore
504 2706 654 2783 pecuniae
676 2723 737 2765 non
761 2703 804 2780 lit,
827 2724 880 2764 cur
904 2722 968 2763 non
984 2709 1045 2764 tam

126 2785 234 2845 sedulo
257 2786 386 2864 agimus,
408 2805 448 2846 ne
470 2789 686 2847 contritionem
710 2787 848 2847 differat?
871 2786 1044 2866 Proprietas

125 2868 216 2928 hicne
240 2867 364 2928 obstat?
387 2870 490 2928 omnia
511 2876 573 2929 tam
592 2877 681 2930 acute
697 2890 754 2966 pro
768 2872 926 2930 veniarum
949 2868 1045 2950 gloria

126 2952 349 3031 excogitantur,
373 2953 431 3011 et
423 2954 534 3031 impius
557 2972 633 3031 sum,
657 2955 707 3033 qui
730 2973 785 3034 pro
806 2954 906 3034 gratia
926 2953 984 3012 Dei
997 2949 1044 3010 val

127 3034 248 3114 stupide
269 3033 401 3113 disputo.

208 3116 257 3176 Ad
280 3118 464 3178 tricesimam
497 3125 619 3178 sextam
645 3119 741 3196 dicis,
768 3118 850 3198 quod
881 3119 920 3177 sit
942 3117 1045 3177 haere

126 3199 197 3275 tica,
219 3199 331 3259 deinde
353 3203 459 3281 poenit
461 3208 512 3260 ent
448 3201 588 3261 ttialea
603 3219 738 3263 canones
758 3207 887 3262 evacuet
888 3206 1044 3279 ,evertet

127 3288 157 3341 et
187 3284 305 3342 tertiam
340 3291 458 3362 partem
489 3286 582 3364 poeni
585 3287 699 3345 tentiae
733 3285 991 3359 satisfactionem,
1016 3288 1046 3341 et

127 3369 231 3425 omnia
245 3366 311 3424 iura
323 3366 482 3445 loquentia
503 3367 542 3427 de
561 3370 731 3447 poeniteut'
724 3389 763 3447 ra,
788 3375 819 3427 et
827 3368 1044 3448 purgatorium

125 3446 225 3524 Adde,
249 3468 375 3527 quaeso,
400 3456 431 3510 et
453 3450 627 3511 coelumt
596 3457 627 3510 et
644 3458 804 3531 terram,u
786 3458 819 3510 t
841 3469 945 3511 omnm
967 3467 1044 3510 com·

126 3531 309 3610 prehendas.

133 3659 412 3673 ...q—...Qu
426 3661 507 3666 .......-
528 3661 542 3666 ,.

162 3714 193 3782 1)
215 3715 297 3769 Ibid:
324 3731 448 3768 securae.
483 3713 515 3783 2)
538 3715 568 3766 ln
586 3714 628 3766 ed.
651 3716 711 3770 den.
742 3716 878 3768 additum:
910 3715 1044 3768 contritio

122 3802 196 3840 nam.
