2356 4200
105 288 107 303 ·
191 265 253 335 184
519 271 667 324 Sermones
684 269 795 323 Lntheri

192 456 288 517 reque
323 445 496 518 agnoscunt
532 439 672 519 culpem,
711 444 742 498 et
763 437 831 499 Dee
865 437 960 499 confit
947 443 1050 498 tentor
1080 437 1112 496 in

191 520 301 582 eorde:
339 520 451 582 deinde
489 541 545 602 per
581 523 627 581 sui
661 521 714 582 det
701 522 898 583 testationem
929 522 1016 581 intus
1044 538 1114 580 sese

190 603 311 665 mordet
331 609 362 665 et
387 605 492 684 punit,
463 604 599 666 tideo
627 604 741 665 ibidem
762 604 829 665 Deo
852 604 1009 665 satisfacit
1047 603 1113 663 lmo

195 706 270 748 vere
291 689 454 767 poenitens
476 687 579 766 vellet,
602 707 627 746 ιι
619 686 710 748 fieri
726 678 843 767 posset,
865 694 897 748 ut
914 688 1014 748 omnis
1032 705 1115 746 crea

193 776 262 831 tura
284 789 370 830 suum
392 778 553 851 peecatum
571 733 693 831 ’videret
713 778 744 830 et
765 770 895 849 odisset,
930 777 960 831 et
990 775 1115 850 paratus

195 859 243 913 est
265 853 303 913 eb
327 849 468 914 omnibus
491 853 676 915 conculcari.
718 853 788 914 Non
816 854 938 997 quaeritt
955 853 1115 934 indulgen-

194 937 251 997 tias
275 943 305 997 et
326 938 525 998 remissiones
547 956 733 1017 poenarum,
762 936 817 996 sed
839 938 1018 998 exactiones
1041 954 1114 1016 poe·

194 1038 311 1079 narum.
355 1019 445 1081 Unde
467 1019 582 1100 duplex
604 1026 651 1080 est
679 1021 821 1080 contritio
850 1039 904 1080 seu
925 1019 1117 1100 poenitentia

194 1103 342 1180 interior,
379 1123 440 1163 una
475 1103 591 1163 scilicet
618 1101 706 1179 licta,
745 1121 824 1181 quae
862 1109 990 1163 vocetur
1021 1102 1116 1183 vulgo

138 1256 141 1263 ,
195 1183 384 1264 dulgentem,
407 1185 490 1266 quod
505 1186 595 1246 facile
616 1184 737 1245 videtur
756 1187 787 1245 in
809 1187 857 1264 iis,
880 1187 931 1265 qui
953 1186 1055 1246 statim
1071 1204 1117 1245 re·

131 1260 137 1275 '
195 1266 332 1327 cidiuant
359 1274 389 1328 et
423 1270 545 1348 saepius
577 1269 620 1328 ita
650 1274 750 1328 ruunt.
792 1269 831 1328 Hi
863 1270 908 1328 sic
936 1269 1044 1330 dolent
1077 1267 1118 1328 de

197 1355 339 1430 peccate,
363 1352 445 1429 quod
466 1352 535 1432 plus
556 1351 595 1412 de
610 1353 861 1430 poenapeccati:
884 1358 916 1412 st
937 1351 1013 1412 nihil
1034 1350 1118 1411 aliud

196 1432 344 1512 displicet
370 1453 461 1513 quam
486 1434 679 1514 displicentia
700 1434 759 1493 Dei
779 1435 811 1494 in
838 1442 982 1515 peccato:
1012 1433 1120 1494 mallet

195 1517 278 1576 enim
308 1523 341 1575 ut
370 1523 530 1595 peccatum
552 1517 690 1597 placeret
710 1516 794 1592 Deo,
827 1526 858 1579 et
886 1519 931 1578 sic
951 1518 1051 1578 Deum
1074 1518 1119 1577 in·

191 1600 304 1658 iustum
327 1605 423 1679 optat.
402 1600 551 1660 tHaee
570 1618 620 1659 res
641 1601 873 1679 perversissima
896 1607 957 1670 est
985 1599 1040 1660 sed
1061 1599 1119 1660 fre·

195 1682 404 1761 quentissima‚
427 1684 498 1763 quia
519 1684 629 1742 timore
651 1701 774 1778 poenae
796 1692 827 1743 et
846 1703 952 1744 amore
969 1685 1015 1742 sui
1035 1683 1120 1743 iusti·

195 1766 268 1824 tiam
290 1764 348 1824 Dei
370 1765 436 1826 odit
423 1772 487 1826 tet
509 1785 595 1825 suam
624 1766 814 1844 iniquitatem
843 1765 957 1847 diligit,
985 1785 1120 1846 poenam

195 1848 277 1907 enim
299 1846 373 1908 odit
403 1848 544 1908 Aliat
497 1855 544 1908 est
565 1867 649 1924 vera,
672 1847 791 1926 deque
812 1848 886 1925 dixi,
909 1848 991 1944 quod
1015 1867 1121 1909 amore

194 1929 329 1989 iustitiae
363 1936 395 1990 et
426 1950 595 2011 poenarum
632 1930 698 1991 odit
723 1938 900 2010 peecatum,
935 1933 1007 2011 quia
1038 1932 1123 2011 cupit

196 2012 304 2072 ulcisci
325 2014 471 2073 iustitiam
494 2014 620 2075 laesam
665 2013 738 2073 ideo
770 2033 833 2074 non
863 2016 942 2095 petit
962 2014 1122 2094 indulgen·

196 2094 265 2172 tias,
298 2095 378 2155 sed
375 2115 498 2156 cruces.
535 2098 613 2157 sicut
641 2096 751 2176 legitur
780 2099 811 2156 in
838 2098 942 2157 multis
969 2096 1121 2177 legendis,

197 2185 230 2237 ut
249 2177 341 2239 dee.
363 2178 473 2257 Paula,
504 2177 649 2258 quamS
672 2179 878 2260 Hieronymus
906 2179 1067 2275 prohibuit
1082 2198 1123 2240 ue

197 2259 295 2339 fleret,
318 2267 349 2321 et
371 2270 403 2320 ut
425 2263 526 2322 mitius
549 2281 582 2322 se
604 2263 784 2342 castigaret,
818 2263 872 2336 illa
900 2263 999 2323 noluit
987 2263 1121 2322 tetiam

200 2361 270 2402 eum
292 2342 455 2440 dispendio
479 2345 585 2405 salutis
608 2344 786 2424 corporalis.

280 2412 392 2487 Videte
361 2428 535 2506 titoque,
567 2445 659 2506 quam
690 2427 866 2505 periculosa
891 2447 941 2488 res
965 2429 1004 2488 sit
992 2427 1122 2488 tindul-

198 2508 370 2588 gentianum
391 2511 597 2589 praedicatio
627 2527 706 2588 quae
732 2512 872 2589 praecisa
901 2512 999 2606 gratia
1019 2510 1122 2588 docet,

140 2584 150 2602 ⁴
199 2591 317 2651 scilicet
305 2592 440 2687 tfugere
453 2599 500 2652 sat
489 2593 704 2654 tisfactionem
712 2600 743 2652 et
757 2612 901 2672 poenam,
912 2595 956 2653 ita
966 2602 1001 2654 ιιι
1015 2613 1122 2674 opera·

200 2675 243 2733 tio
267 2676 376 2735 erroris
399 2682 502 2735 esset
491 2675 626 2735 timenda
655 2675 709 2753 sit,
732 2694 824 2754 quam
852 2677 1012 2756 apostolus
1034 2695 1122 2756 prae·

199 2755 329 2834 dirim)
375 2755 443 2832 Qua
463 2759 544 2818 enim
560 2757 707 2818 facilitate
725 2758 814 2818 simul
834 2765 865 2819 et
854 2759 973 2819 tsemel
991 2765 1123 2854 possunt

200 2839 370 2918 praedicari
393 2841 535 2901 contritio
558 2859 632 2900 vera
654 2846 768 2900 etam
791 2841 889 2901 facilis
908 2842 1083 2938 largaque
1075 2861 1119 2901 rn-

184 2921 326 3002 dulgent
315 2901 377 2982 tii?
415 2942 483 2982 eum
514 2942 588 2982 vera
608 2924 751 2984 contritio
773 2923 903 3004 rigidam
926 2926 1119 2985 exactionem

200 3007 312 3085 cupiat,
335 3011 366 3066 et
353 3005 441 3066 tilla
462 3006 551 3065 nimis
576 3006 669 3068 laxet.
704 3006 753 3065 An
775 3007 1005 3082 excusabimus,
1021 3006 1121 3086 quod

200 3087 239 3147 de
269 3089 454 3148 contritione
488 3089 692 3167 perfectorum
721 3089 782 3148 ista
809 3053 1011 3169 intelligendi
1038 3090 1121 3149 sint?

200 3171 248 3230 Ac
274 3171 318 3230 sic
343 3189 407 3231 non
437 3190 506 3234 esse
533 3171 759 3248 necessarium,
781 3171 922 3250 homines
944 3172 983 3231 ad
1007 3171 1120 3251 perfec·

199 3261 260 3312 tam
284 3253 405 3314 ducere.
449 3255 491 3313 At
511 3273 565 3314 cur
595 3273 669 3334 ergo
693 3255 869 3314 meretrices
907 3260 938 3314 et
966 3253 1122 3334 publicani

198 3336 348 3415 incipiunt
368 3334 406 3395 ab
428 3336 487 3396 hac
515 3337 721 3399 contritione?
753 3337 818 3396 lmo
849 3336 888 3396 ad
909 3337 991 3396 hane
1012 3356 1121 3397 omnes

199 3426 270 3483 sunt
291 3417 482 3480 exhortandi.

256 3670 286 3735 ¹')
310 3671 471 3739 Prophetica
497 3685 552 3722 vox
578 3669 689 3723 Lutheri
713 3669 747 3724 de
770 3671 939 3726 revelatione
967 3671 1121 3726 antichristi
1164 3644 1167 3649 .

199 3757 250 3811 per
265 3742 460 3812 indulgentias.
