2356 4200
137 270 201 336 190
221 233 225 243 Ι
457 273 605 332 Sermones
624 275 734 332 Luthcri

137 441 240 522 pudor
269 444 390 520 peccati
412 442 555 504 confiteri
577 443 738 524 prohibet,
758 441 958 522 apprehende
971 442 1059 507 'hanc

136 531 255 605 partem
278 526 360 586 vitae
384 527 415 586 in
438 523 572 605 Christo,
594 545 656 605 qua
677 525 775 587 voluit
794 527 861 605 ipsc
884 525 1059 590 circumcidi

138 615 169 668 et
190 614 336 687 peccator
350 611 502 688 reputari,
524 616 556 669 et
577 628 702 689 oppone
724 609 785 669 hoc
801 609 982 688 cogitationi
1003 627 1059 688 pu-

136 690 219 751 doris
254 692 377 753 intenso
410 691 539 770 affectu,
573 691 722 754 dicendo:
760 691 793 754 Si
820 691 970 755 Dominus
1001 710 1058 753 rex

136 775 311 835 institisset
332 772 411 835 filius
424 776 549 855 virginis
563 775 661 836 ctDei
667 774 765 837 voluit
777 780 923 854 peccator
936 773 1011 854 ficri,
1023 780 1058 837 at

135 876 199 917 uon
208 856 325 936 puduit,
341 856 413 935 quid
427 877 487 938 ego
505 864 621 918 stercus
630 864 662 918 st
671 857 772 937 pulvis
785 856 1056 937 pudescamfateri,

135 939 217 1019 quod
237 959 313 1000 snm.
335 939 488 1003 Eccehoc
496 942 576 1003 iusto
594 939 1056 1020 impulsuabseindeturillatur·

134 1024 182 1103 pis
212 1024 360 1102 cogitatio
391 1030 422 1083 et
454 1023 568 1084 malum
595 1024 789 1104 praeputium
814 1023 915 1085 cordis
945 1023 1055 1087 acutis-

136 1108 213 1166 simo
247 1106 302 1165 illo
332 1106 476 1187 exemplo
496 1117 528 1167 et
548 1107 646 1178 cultro
669 1107 800 1185 petrino
837 1105 889 1168 Sic
911 1113 942 1167 te
963 1107 989 1167 si
1010 1107 1058 1166 ira

135 1189 302 1249 turbaverit
322 1188 468 1250 adversus
498 1191 688 1268 proximum,
725 1189 838 1249 malum
864 1195 948 1251 certe
968 1207 1054 1268 praa

134 1273 266 1351 pntium,
299 1273 401 1331 statim
435 1271 632 1352 apprehende
660 1272 790 1334 cultrum
823 1278 989 1352 expetis,
1023 1278 1055 1332 et

133 1356 250 1434 cogita:
284 1353 367 1414 Ecce
388 1356 537 1416 Dominus
561 1374 617 1434 pro
642 1374 691 1416 mc
712 1355 804 1434 friget
825 1357 856 1414 in
878 1355 1053 1434 praesepio,

134 1439 197 1497 imo
220 1437 341 1498 laborat
362 1444 428 1499 tota
450 1439 530 1517 vita,
553 1438 679 1499 tandem
701 1444 770 1500 orat
789 1457 845 1517 pro
869 1439 922 1516 iis,
945 1437 1054 1516 quibus

135 1521 335 1580 iustissimum
357 1529 423 1580 eret
443 1522 551 1600 irasci,
573 1527 605 1581 et
626 1540 685 1602 ego
706 1520 806 1600 pulvis
829 1539 892 1581 uon
914 1521 1053 1580 omittam

134 1622 235 1663 meam
257 1604 333 1663 iram
366 1609 474 1664 contra
493 1604 620 1674 fratrem
641 1623 760 1682 meum,
794 1622 831 1665 ac
859 1621 923 1664 non
949 1603 1053 1682 potius

133 1705 189 1766 pro
213 1705 251 1747 eo
275 1686 370 1747 orabo
393 1692 425 1747 et
445 1686 560 1747 bonum
582 1706 638 1766 pro
660 1687 743 1747 malo
768 1685 904 1746 reddam.
943 1684 995 1747 Sic
1026 1687 1053 1745 si

133 1779 164 1830 te
200 1770 318 1850 species
341 1769 475 1830 mulieris
495 1770 616 1849 palpat,
653 1776 685 1830 et
716 1770 816 1830 carnis
845 1768 948 1829 titillat
968 1769 1052 1848 cogi·

133 1852 220 1931 tatio,
244 1858 349 1911 natum
366 1859 415 1913 est
435 1852 521 1912 cordi
543 1854 745 1932 praeputium.
787 1851 913 1912 Accede
933 1850 975 1911 ad
999 1870 1051 1930 pe-

133 1942 210 1995 tram
246 1941 278 1995 et
312 1934 375 1997 dic:
418 1935 569 1996 Dominus
603 1955 689 1996 meus
723 1934 874 1995 dirissime
904 1933 991 1995 dolet
1020 1935 1050 1993 in

132 2037 240 2097 cruce,
275 2024 306 2078 et
334 2037 394 2098 ego
423 2018 561 2078 delector
589 2017 755 2079 incarne?
798 2016 850 2079 Sic
870 2017 958 2079 Urias
990 2014 1051 2079 Ae-

131 2103 241 2161 thaeus
253 2101 399 2162 abstinuit
420 2101 458 2162 ab
481 2119 578 2161 uxore
600 2107 632 2161 et
653 2101 796 2162 dormivit
815 2101 846 2161 in
869 2106 958 2178 terra,
981 2101 1053 2178 quia

19 2209 21 2214 ’
129 2203 202 2245 arca
218 2184 277 2244 Dei
298 2190 329 2245 et
349 2184 482 2264 populus
501 2190 605 2244 essent
626 2186 656 2244 in
679 2202 789 2263 campo
812 2191 844 2244 et
865 2182 959 2262 bello,
980 2183 1001 2242 i.
1024 2202 1051 2243 e.

132 2267 269 2328 Christus
307 2286 376 2327 cum
406 2269 519 2328 sanctis
550 2268 612 2326 suis
641 2269 673 2328 in
705 2266 910 2347 passionibus.
953 2264 1051 2328 Simili

132 2351 226 2410 modo
260 2350 299 2410 de
321 2350 463 2412 omnibus
485 2351 553 2411 aliis
576 2349 734 2411 desideriis
754 2349 842 2409 malis
864 2347 1050 2412 faciendum.

128 2433 216 2495 Haec
242 2441 289 2494 est
319 2434 507 2494 circumcisio
540 2434 571 2494 in
595 2433 701 2512 spiritu
723 2451 779 2512 per
802 2433 946 2512 gratiam,
978 2432 1051 2510 quia

130 2513 269 2578 Christus
297 2517 407 2596 plenus
430 2523 477 2576 est
498 2517 610 2596 gratia,
640 2523 671 2576 et
699 2534 762 2576 non
783 2521 888 2595 potest
908 2514 1049 2594 cogitari,

128 2606 274 2677 quantam
287 2600 380 2659 stillet
400 2601 431 2659 in
455 2618 508 2659 cor
522 2599 719 2679 cogitationis
732 2599 862 2677 gratiam
880 2603 911 2658 et
931 2596 1048 2658 bonum

128 2682 263 2743 modum.
307 2683 443 2742 Vulnera
463 2683 544 2742 euim
567 2683 632 2742 eius
653 2691 777 2762 aperta,
807 2687 838 2740 et
859 2686 941 2741 totus
963 2699 1048 2739 mnn-

127 2764 184 2824 dus
206 2765 281 2825 nihil
302 2764 438 2845 impedit,
461 2784 522 2843 quo
545 2766 644 2824 minus
668 2765 792 2845 sanguis
815 2764 879 2832 eius
902 2763 996 2823 stillet
1016 2763 1047 2822 in

129 2867 183 2909 cor
204 2849 345 2928 cogitans
368 2867 448 2924 eum,
470 2867 542 2907 uam
566 2855 598 2908 et
618 2846 860 2907 haemorrhousa
882 2851 963 2906 tacta
984 2843 1049 2906 fim-

129 2930 195 2992 bria
216 2932 394 2991 vestimenti
417 2932 481 2991 eius
504 2930 624 2990 salvata
646 2936 702 2990 est.
746 2928 865 2989 Deinde
887 2927 971 3006 quod
994 2929 1048 2987 cir-

126 3015 273 3074 cumcisio
306 3013 402 3074 tiebat
431 3020 548 3073 tantum
582 3014 613 3072 in
648 3013 810 3092 praeputio
841 3017 873 3071 et
907 3010 1046 3072 membro

128 3097 217 3176 virili,
239 3097 270 3157 id
294 3096 455 3177 significat,
479 3095 562 3174 quod
585 3095 734 3175 originale
756 3094 880 3171 malum,
901 3092 985 3172 quod
1006 3112 1046 3154 ex

126 3200 164 3240 ea
185 3188 272 3259 parte
301 3181 387 3239 veuit
412 3180 444 3239 in
476 3198 584 3239 omnes
615 3179 772 3255 nominee,
806 3176 982 3238 circumcidi
1013 3177 1044 3235 in

125 3265 232 3342 spiritu
262 3269 413 3342 oporteat.
456 3261 513 3320 Est
541 3266 644 3320 autem
674 3260 824 3340 originale
847 3259 960 3319 malum
983 3259 1050 3318 uni-

124 3365 215 3406 versa
244 3348 313 3425 ipsa
344 3346 499 3424 corruptio
526 3352 653 3405 naturae
677 3345 708 3403 in
738 3350 801 3404 tam
831 3342 935 3402 multis
956 3340 1046 3401 malis

124 3429 258 3489 motibus
292 3430 371 3507 irae,
405 3427 581 3507 superbiae,
615 3426 772 3503 luxuriae,
804 3426 952 3486 avaritiae
986 3431 1044 3484 etc.

124 3512 227 3586 Quare
250 3513 441 3572 circumcisio
464 3512 494 3572 in
518 3528 556 3570 eo
578 3509 661 3587 loco,
685 3515 716 3569 et
736 3528 800 3568 non
823 3509 854 3567 in
876 3526 969 3567 manu
991 3514 1045 3567 aut

123 3595 203 3676 pede
225 3595 414 3674 autlingua,
436 3592 598 3672 significat,
621 3591 705 3670 quod
727 3610 790 3652 non
813 3597 929 3652 tautum
949 3608 1046 3668 opera

122 3687 176 3739 aut
197 3678 291 3740 verba
312 3676 366 3736 sed
388 3695 513 3756 prorsus
536 3682 602 3736 tota
631 3676 719 3754 origo
743 3681 774 3734 et
795 3673 967 3736 substantia
989 3692 1043 3734 no·

122 3764 227 3824 strain
239 3762 313 3822 vitio
326 3766 415 3820 estet
426 3756 635 3838 expurganda,
647 3757 731 3836 quod
745 3775 808 3818 non
824 3757 884 3817 uisi
898 3774 955 3837 per
976 3775 1044 3836 gra·
