2356 4200
178 265 240 334 154
423 254 623 325 Resolutiousr
640 267 750 340 Dispnt
769 270 847 322 Luth.

177 446 307 517 tentare,
329 447 360 501 et
381 460 490 520 pscern
511 441 582 515 in¹)
607 459 650 517 re,
673 457 733 498 non
756 439 788 497 in
804 437 866 498 fide
880 437 1103 503 veilehsbere.

176 523 308 586 Tantum
342 525 423 584 enim
455 522 583 585 habebis
618 523 721 603 pacis,
754 530 901 599 quantum
934 520 1103 582 credideris

61 627 64 636 ¹
176 606 271 669 verbo
286 600 529 686 promittentis?
545 606 759 684 Quodcunque
781 605 910 666 solveris
934 613 993 666 eto.
1036 605 1104 666 Pax

176 691 257 751 enirn
280 697 387 751 nostra
399 689 536 750 Christus
558 695 614 767 est,
640 689 694 749 sed
717 690 759 746 in·
771 687 841 750 fide.
870 687 1010 762 Quodsi
1034 689 1103 768 quis

175 773 247 837 huic
269 773 363 833 verbo
387 793 449 834 non
473 772 580 851 credit,
607 771 849 850 etiarnsiplus²t
875 771 986 831 millies
1000 770 1103 831 ubsol-

176 865 305 919 veturs
326 875 407 936 papa
428 857 513 935 ipso,
534 863 565 916 et
587 857 643 915 toti
666 854 780 914 mundo
803 853 1004 931 confiteatur,
1027 874 1104 913 nun-

178 957 269 1018 quam
293 940 352 999 erit
374 940 502 1018 quietus.

260 1020 345 1081 Haeo
366 1023 457 1102 igitur
479 1028 526 1081 est
546 1022 601 1081 iilo
622 1021 962 1099 dulcissimepotestos,
986 1019 1025 1080 de
1042 1039 1104 1100 qua

177 1123 314 1169 summus
337 1106 451 1185 gratiss
476 1124 515 1165 ex
536 1106 599 1165 imo
621 1104 721 1165 cordis
744 1122 836 1183 ogere
854 1103 1000 1164 debemus
1023 1104 1103 1181 Deo,

178 1188 229 1266 qui
253 1187 346 1247 telem
368 1186 454 1247 dedit
475 1195 661 1267 potestatem
683 1185 923 1264 hominibusi),
951 1205 1029 1264 quse
1056 1194 1104 1246 est

177 1271 267 1330 unica
285 1270 465 1331 'consolatio
488 1278 686 1349 peccatorum
710 1277 741 1329 et
762 1269 928 1329 infelicium
943 1270 1103 1329 couscien-

175 1354 302 1431 tiorum,
325 1355 350 1412 si
373 1353 467 1413 modo
491 1353 643 1413 Christum
666 1373 741 1413 vers
761 1353 942 1432 promisisse
964 1352 1101 1412 credunt.

259 1434 307 1494 Ex
331 1437 395 1495 istis
420 1455 502 1496 nunc
522 1443 624 1516 potet,
656 1435 738 1515 quod
768 1454 860 1515 supro
887 1435 1103 1514 quaerebatur,

176 1518 304 1594 scilicet,
328 1517 411 1597 quod
433 1519 505 1578 licet
526 1520 669 1579 remissio
693 1518 803 1598 culpae
825 1517 880 1578 fiet
900 1538 956 1598 per
976 1518 1104 1578 infusio·

128 1598 133 1607 “
176 1619 248 1661 uem
265 1602 381 1679 gratioe
394 1608 467 1662 ante
483 1602 697 1663 remissionem
711 1601 891 1677 sucerdotis,
912 1601 982 1661 talis
996 1608 1103 1662 temen

177 1691 228 1745 cst
246 1683 358 1743 infusio
381 1686 508 1764 gratiae,
532 1692 563 1744 et
584 1686 628 1745 ita
649 1684 704 1744 sub
727 1685 825 1745 forma
842 1685 906 1743 irue
919 1683 1105 1745 abscondito

181 1765 351 1844 (siquidem
373 1768 504 1847 vestigio
524 1768 588 1827 eius
601 1787 664 1829 non
679 1775 917 1847 cognoscuntur,
939 1767 1104 1843 Psalm77‚

177 1854 210 1909 et
231 1850 343 1908 semita
363 1849 394 1908 in
416 1849 545 1928 pedibus
568 1852 633 1911 eius
655 1870 718 1911 non
741 1855 878 1930 apparet,
900 1849 958 1910 lsc.
976 1851 1049 1924 41),
1071 1856 1105 1909 ut

177 1931 271 1991 homo
293 1932 440 2008 incertior
461 1932 502 1992 sit
521 1932 560 1992 de
582 1935 695 2015 gretie,
723 1952 791 1993 cum
813 1933 904 1992 fuerit
924 1934 993 2012 ipse
1015 1952 1103 2013 prue-

178 2033 264 2092 sens,
294 2033 384 2093 quam
408 2034 478 2074 cnm
501 2029 549 2076 est
570 2017 692 2078 absens.
735 2016 810 2076 Ideo
834 2015 941 2075 ordine
962 2015 1104 2095 generali

178 2116 241 2158 non
265 2105 313 2157 est
334 2097 424 2171 nobis
447 2106 531 2158 certe
552 2101 692 2160 remissio
717 2099 842 2178 culpae,
870 2099 928 2157 nisi
951 2118 1007 2178 per
1026 2097 1103 2158 iudi·

178 2180 256 2240 cium
281 2179 461 2254 sacerdotis,
484 2200 543 2240 nec
564 2203 620 2262 per
640 2184 740 2263 ipsum
760 2180 892 2261 quidem,
915 2182 973 2240 nisi
992 2180 1101 2242 credas

178 2262 300 2323 Christo
311 2264 517 2341 promittenti:
542 2264 756 2346 Quodcunque
768 2265 898 2325 solveris
911 2270 969 2324 etc.
992 2265 1103 2325 Donec

177 2352 281 2405 sutem
302 2344 392 2406 nobis
414 2348 532 2406 incerto
554 2357 615 2426 est⁷
650 2369 707 2409 nee
733 2349 873 2408 remissio
897 2347 1022 2426 quidem
1045 2357 1103 2418 est,

177 2426 247 2487 dum
271 2428 408 2488 noudum
430 2429 521 2490 nobis
544 2433 684 2492 remissio
710 2438 766 2509 est,
789 2431 851 2491 irno
874 2432 988 2510 periret
1006 2430 1102 2490 homo

178 2511 283 2590 peius,
312 2512 370 2570 nisi
392 2510 480 2570 fieret
503 2520 608 2592 certa,
638 2517 795 2595 quianon
818 2513 957 2573 crederet
978 2513 1037 2574 sibi
1059 2532 1104 2573 re·

179 2591 358 2654 missionem
381 2594 503 2655 iactam.

263 2676 315 2737 Sic
334 2675 471 2736 Christus
496 2680 536 2742 de
557 2682 654 2742 Meris
676 2679 861 2760 Mugdolens
882 2679 921 2739 ed
946 2679 1103 2739 Simonem

179 2760 336 2840 leprosum
359 2759 450 2822 dixit:
496 2766 703 2826 Remittuntur
736 2765 763 2823 ei
795 2762 1010 2842 peccata*³¹‘),
1045 2780 1104 2841 quo

180 2843 285 2921 utique
316 2841 504 2923 significavit
534 2849 663 2929 gratiam
698 2847 725 2907 ei
760 2848 821 2905 ianr
853 2846 994 2906 infusum.
1045 2844 1105 2905 Sed

180 2926 261 2985 hane
282 2926 469 2993 infusionem
497 2934 563 3012 ipsa
592 2951 655 2990 non
685 2930 846 3009 cognovit,
876 2927 1013 2987 nondum
1043 2934 1108 2988 erat

181 3028 243 3088 pax
265 3008 389 3077 ossibus
416 3017 479 3075 suis
508 3015 626 3074 aisoie
655 3020 852 3094 peccatorum
881 3012 1107 3086 suorum***)‚

182 3091 287 3161 dontio
308 3099 347 3160 od
371 3119 439 3159 eam
463 3117 630 3158 conversus
651 3096 781 3155 diceret:
825 3095 1033 3154 Remittuntur
1054 3093 1107 3154 tibi

182 3192 314 3266 peccata
336 3192 404 3243 tus.
447 3181 537 3241 Fides
566 3189 619 3239 tue
650 3186 681 3238 te
709 3178 826 3237 salvem
857 3177 930 3237 fecit
962 3175 1108 3259 (scilicet,

186 3287 246 3347 que
274 3266 404 3327 credidit
431 3264 627 3337 remittenti).
673 3261 745 3321 Ideo
778 3261 928 3338 sequitur,
960 3260 1050 3321 Vade
1078 3263 1107 3320 in

185 3370 310 3492 pacem
333 3431 491 3491 adulteres
515 3429 606 3506 illi†]
632 3428 693 3487 iam
711 3427 845 3489 remissa
866 3434 954 3486 erant
972 3433 1110 3505 peccota,

190 3598 608 3616 v———-—-O›—————·

260 3707 292 3774 1)
313 3707 344 3759 In
362 3705 405 3759 ed.
424 3705 485 3758 Jen.
505 3703 596 3756 deest:
615 3703 654 3753 iu.
691 3698 723 3763 2)
744 3698 831 3751 ibid:
850 3697 960 3750 millies.

261 3779 292 3848 ‘J
315 3777 407 3831 Metth.
422 3777 448 3832 9.
489 3773 535 3840 ⁰)
554 3773 651 3828 Luci.
690 3772 755 3838 ⁸⁸⁸)
776 3770 893 3826 restas
928 3768 961 3839 †)
984 3770 1112 3848 leiren&
