2356 4200
387 281 417 336 o.
433 280 512 335 lara
532 279 645 337 Luthsri
663 280 770 335 roario.
976 271 1039 341 329

123 446 273 510 oooiditor
294 448 411 526 Adam,
443 448 668 529 mandaturque
688 447 841 524 Christus,
871 453 901 508 st
921 445 1040 528 primas

123 531 190 592 aius
221 532 431 612 purgator*).
485 532 571 593 Haeo
599 539 647 593 ast
673 533 753 591 enim
787 532 838 590 via
865 529 1040 610 oompsadii

124 612 164 710 ad
192 614 339 696 salutem,
376 614 430 675 sed
464 614 574 676 odiosa
605 613 696 674 valdo
726 615 757 673 in
791 620 876 691 soto,
908 611 1042 673 iuounda

123 695 315 923 ἶίῃὸῗτωο
349 779 388 840 da
417 780 528 863 triplioi
560 786 689 863 paooato
723 785 755 840 et
787 779 897 861 triplioi
927 777 1042 838 iustitia

146 882 201 925 m.
239 910 242 914 a
334 909 336 913 .
453 908 455 913 ,
928 903 933 911 .

285 1275 356 1413 IV.
415 1277 477 1370 Do
504 1275 672 1396 Duplici
700 1272 888 1395 iustitia.

211 1474 348 1555 Fratres,
368 1475 430 1536 hoo
451 1477 562 1536 sentite
582 1475 614 1536 in
635 1474 732 1555 vobis,
752 1475 834 1556 quod
858 1481 888 1557 st
910 1476 941 1535 in
964 1472 1045 1538 Chri-

126 1564 177 1620 sto
198 1556 278 1637 Iesu,
301 1559 361 1639 qui,
384 1578 453 1619 oum
474 1558 505 1618 in
519 1558 619 1619 forma
629 1557 686 1618 Dei
710 1564 800 1638 esset,
822 1578 884 1619 non
908 1558 1046 1638 rapinam

127 1639 291 1702 arbitratus
313 1647 377 1720 est,
400 1660 469 1702 esse
491 1660 524 1702 so
547 1639 705 1721 aequalem
728 1641 795 1700 Deo
808 1640 873 1716 **),
1027 1636 1030 1641 ’

212 1722 334 1804 Duplex
356 1730 404 1785 est
424 1725 539 1785 iustitia
561 1722 820 1803 Christianorum,
843 1725 920 1783 siout
942 1732 973 1783 et
995 1720 1046 1782 du·

127 1804 202 1887 piax
222 1812 382 1887 peooatum
406 1812 454 1867 est
474 1807 642 1868 hominum.

212 1887 313 1949 Prima
334 1895 382 1950 est
397 1890 509 1966 aliena,
532 1897 562 1948 et
583 1887 621 1949 ab
644 1893 731 1949 extra
752 1888 861 1948 infusa.
896 1885 1048 1964 Hostiam,

129 1988 192 2050 qua
213 1964 350 2032 Christus
372 1973 470 2034 iustus
493 1976 541 2032 est
564 1978 594 2031 et
614 1969 782 2032 iustissoans
805 1968 989 2051 perfidem,
1012 1968 1049 2028 si-

129 2058 182 2114 out
204 2056 230 2116 1.
254 2053 292 2114 ad
315 2053 451 2117 Corinth.
477 2059 509 2121 1:
553 2052 612 2129 Qui
641 2054 739 2113 fastus
761 2063 807 2114 est
829 2051 918 2112 nobis
939 2071 958 2112 a
980 2050 1047 2111 Deo

129 2137 280 2217 sapientia
312 2147 343 2197 at
370 2138 485 2201 iustitis
518 2146 548 2197 ot
578 2134 783 2196 sanctificatio
811 2142 842 2196 st
869 2132 1049 2214 redemptio.

130 2218 288 2303 Siquidem
318 2225 348 2280 st
371 2220 438 2300 ipso
463 2215 514 2302 (ut
534 2216 780 2298 Iohannis'tt):
823 2218 891 2298 Ego
914 2237 980 2279 sum
1004 2235 1049 2277 re·

129 2301 278 2362 airrreotio
301 2309 332 2362 et
352 2304 434 2383 vita,
463 2305 514 2383 qui
546 2300 642 2362 eredit
663 2301 692 2360 in
713 2306 779 2383 me,
808 2318 871 2361 non
903 2299 1049 2360 morietur

129 2384 161 2443 in
190 2392 364 2462 aeternum3
393 2392 423 2446 et
449 2385 559 2445 iterum
581 2383 687 2445 Iohan.
712 2386 765 2446 14:
808 2384 877 2464 Ego
900 2402 966 2444 sum
989 2382 1049 2460 via,

128 2466 243 2526 veritas
266 2473 297 2526 et
317 2468 389 2533 vita.
656 2489 659 2495 ·

215 2548 300 2611 Haeo
322 2569 396 2630 ergo
416 2550 531 2610 iustitia
548 2549 636 2609 datur
647 2548 821 2610 hominibus
836 2549 867 2608 in
882 2547 1051 2629 baptism'03

131 2638 164 2691 at
194 2633 275 2693 omni
305 2638 445 2713 tempore
471 2651 562 2692 verae
590 2632 810 2712 poenitentiae,
838 2634 880 2691 ita
902 2639 935 2690 ut
955 2630 1050 2691 homo

132 2732 202 2775 oum
221 2712 344 2777 ¹flduoio
370 2715 470 2796 possit
496 2714 622 2795 gloriari
646 2716 679 2774 'in
704 2714 844 2793 Christo,
875 2721 905 2774 et
933 2712 1050 2773 dioars:

128 2794 242 2858 ¹Meum
259 2804 321 2876 est,
352 2794 434 2878 quod
457 2794 594 2858 Christus
616 2797 709 2874 vixit,
732 2798 807 2877 egit,
831 2796 920 2874 dixit,
942 2813 1051 2877 passus

137 2876 354 2958 ast,1irortous
377 2889 432 2958 est.
459 2879 529 2941 Non
552 2899 650 2957 serus,
674 2898 764 2959 quam
787 2874 895 2960 si'ego
916 2878 970 2939 illa
990 2879 1053 2938 vix·

128 2962 243 3044 issem,
262 2964 404 3045 egissem,
427 2957 582 3039 dixissem}
604 2976 714 3042 passus
732 2980 842 3038 ossam,
862 2967 892 3022 et
910 2967 1047 3022 mortuus

132 3063 243 3124 essem,
265 3048 343 3107 siout
366 3064 498 3127 sponsus
519 3044 612 3106 habet
633 3046 746 3123 omnia,
770 3064 848 3125 quae
870 3050 940 3104 sunt
961 3062 1051 3125 spon-

132 3146 198 3206 sas,
221 3136 253 3190 ot
272 3128 494 3210 sponsahabet
515 3128 628 3206 omnia,
650 3145 729 3207 quae
751 3135 821 3207 sunt
842 3128 966 3208 sponsi,
988 3144 1051 3188 om·

130 3211 186 3272 nia
208 3212 290 3272 enim
311 3219 382 3273 sunt
403 3211 579 3272 eommunia
601 3210 772 3289 utriusque,
796 3215 866 3270 sunt
887 3212 967 3271 anim
990 3226 1052 3289 una

132 3312 226 3372 saro,
258 3295 301 3354 ita
334 3294 471 3356 Christus
503 3298 534 3354 st
561 3291 693 3354 aootssia
720 3301 790 3353 sunt
818 3312 896 3353 unus
919 3290 1051 3375 spirituas.
1132 3334 1136 3345 .

132 3374 185 3438 Sic
212 3375 393 3438 benedictus
416 3377 499 3438 De'us
525 3385 556 3437 et
577 3375 667 3436 Pater
689 3374 962 3437 misericordiarum
987 3371 1051 3458 (s'e2

133 3456 267 3520 cundum
290 3459 319 3520 S.
332 3459 472 3540 Petrum)
482 3458 556 3535 ***)
582 3459 716 3518 maxima
731 3465 761 3519 et
773 3459 909 3540 pretiosa
925 3457 1057 3520 donavit

133 3539 223 3604 nobis
245 3543 276 3602 in
299 3540 431 3611 Christo,
453 3547 485 3603 ot
504 3542 617 3603 Paulus
638 3544 666 3604 2.
691 3540 826 3603 Corinth.
851 3545 883 3603 t:
906 3538 1051 3601 Benedio

189 3770 220 3838 ⁸)
239 3771 335 3845 rosan.
353 3771 402 3833 ra.
435 3768 484 3836 ⁸⁸)
501 3724 645 3838 saissa
683 3767 751 3837 ⁸⁸⁸)
770 3767 796 3823 a
814 3768 869 3821 rea
890 3768 914 3821 r.
933 3804 942 3815 ..
962 3760 972 3803 '-
