2356 4200
122 280 187 350 *100
444 281 721 337 ὃιιιιιιιιιιιιιιιιιιιιι

127 452 174 513 nis
198 451 342 531 operibus
364 458 542 532 appareant,
565 451 722 530 quomodo
744 471 785 514 ιιι
807 452 951 533 operibus
974 470 1046 533 pos

126 536 192 596 sint¹
210 535 369 616 cognosci,
391 544 424 595 ut
444 534 592 596 haeretici
612 542 644 596 ct
664 536 852 597 schismatici
880 535 1046 598 observan-

126 625 174 679 tes
194 627 264 678 sunt
285 636 466 698 magnorum
489 637 615 698 operum
644 627 676 679 et
696 618 788 680 valde
805 618 965 682 bonorum.
988 619 1047 679 Re—

126 700 312 781 spondetur,
348 700 432 780 quod
454 700 589 781 duplicia
614 709 685 763 sunt
705 721 801 783 opera
823 702 924 781 bona,
953 721 974 762 a
995 719 1048 783 pa
1082 727 1087 733 ·

126 791 246 862 renter,
280 792 314 844 ut
343 790 414 845 sunt
435 785 564 845 multum
584 786 739 863 ieiunare,
775 804 890 865 orare,
912 792 960 845 stu
984 800 1048 865 ara,

127 867 316 948 praedicare,
338 868 476 948 vigilare,
499 868 636 929 habitum
649 869 796 929 humilem
815 877 951 949 portare,
968 868 1049 928 bace

127 970 190 1012 non
208 957 284 1011 sunt
304 951 363 1011 uisi
384 950 457 1012 lana
478 952 592 1029 orium,
615 951 672 1012 sub
695 952 803 1031 quibus
832 952 896 1033 lupi
919 968 1048 1034 rapaces

127 1041 286 1114 teguntur:
321 1034 368 1094 sic
394 1040 424 1094 et
452 1034 545 1114 vulgo
568 1033 692 1112 dicitur,
722 1051 785 1095 non
808 1041 856 1096 est
876 1034 946 1096 talis
969 1035 1048 1114 ovis,

127 1117 249 1196 qualem
271 1118 353 1197 geris
376 1117 489 1197 lanam,
512 1118 603 1195 quod
630 1119 734 1197 utique
763 1117 804 1179 de
830 1117 1011 1199 operibus
1003 1136 1048 1177 ru

127 1199 271 1281 telligunt
258 1200 461 1260 tsimulatis
502 1209 533 1260 et
567 1200 668 1264 bonis.
732 1201 869 1282 Ideoque
901 1201 1049 1281 quaestio

128 1282 271 1362 difficilis,
294 1281 368 1361 quid
389 1277 445 1344 sub
458 1283 575 1360 lana,
567 1303 587 1344 ι.
611 1304 638 1344 s.
662 1284 806 1427 operibus
826 1285 988 1365 cognosci
985 1283 1049 1344 d‘e·

53 1443 57 1449 '
130 1366 211 1446 beet,
233 1385 303 1427 cum
325 1367 509 1427 vestimenta
530 1368 632 1428 ovium
661 1370 724 1427 sint
748 1368 858 1467 verba,
890 1384 993 1448 opera
1019 1373 1051 1427 et

128 1455 234 1531 gestus
266 1467 383 1511 eorum,
424 1449 497 1510 Alia
518 1457 589 1510 suut
614 1468 724 1530 opera,
752 1451 827 1530 imo,
849 1453 984 1530 inquam,
1006 1451 1051 1510 in-

128 1533 248 1593 terioris
269 1538 302 1592 et
321 1531 495 1595 absconditi
514 1533 657 1613 hominis,
680 1535 741 1613 qui,
758 1535 878 1594 etiamsi
891 1535 952 1594 ista
967 1532 1051 1612 fecit,

128 1617 216 1696 parvi
237 1614 345 1695 pendit
362 1635 409 1693 ea,
426 1614 481 1676 sed
501 1618 585 1696 cupit
600 1618 692 1693 mitis,
705 1616 838 1696 humilis,
861 1617 1050 1694 caritativus,

129 1700 259 1780 patiens,
282 1697 391 1795 fidelis,
414 1697 559 1778 pacificus
573 1718 652 1779 esse,
674 1706 709 1759 ιιι
726 1700 827 1763 Galat.
844 1705 889 1779 b,
906 1700 958 1762 ubi
978 1698 1051 1760 iilos

129 1783 244 1843 fructus
277 1783 407 1862 exponit
436 1802 492 1862 per
525 1781 663 1843 ordinem
694 1783 785 1843 clare
827 1783 906 1845 Nam
936 1783 980 1842 illi
996 1800 1051 1842 su-

129 1865 226 1962 perbi,
242 1867 307 1925 etsi
329 1884 425 1945 opera
444 1865 635 1944 suasaoiant,
657 1867 766 1945 quibus
790 1868 848 1929 sibi
873 1866 976 1926 lanam
999 1883 1051 1925 ve-

129 1951 255 2010 stiment
242 1945 424 2023 tielliciuut,
446 1956 517 2009 sunt
528 1958 632 2009 tamen
655 1951 686 2008 in
702 1949 846 2029 operibus
867 1949 947 2010 veris
964 1947 1050 2027 nibil,

130 2051 209 2112 quac
232 2040 302 2092 sunt
323 2033 483 2112 patientia,
506 2051 586 2111 quae
606 2032 775 2112 perfectum
798 2051 876 2130 opus
893 2031 996 2174 habet,
1019 2038 1052 2091 ιι

130 2117 260 2192 carius,
293 2134 375 2211 quae
402 2115 532 2176 aliorum
560 2133 664 2176 curam
685 2117 781 2260 geritt,
809 2118 857 2176 sui
878 2114 1051 2197 negligens.

129 2198 195 2260 illi
201 2206 305 2259 autem
326 2199 357 2258 in
379 2198 521 2260 omnibus
543 2219 599 2260 sua
622 2206 773 2277 quaerunt
794 2206 826 2261 et
846 2198 885 2259 ad
914 2198 978 2259 alia
997 2215 1051 2258 vo·

134 2288 251 2362 cerunt,
273 2300 354 2361 quae
373 2283 432 2361 ipsi
454 2283 623 2363 elegerunt,
646 2281 831 2364 difficiles,
822 2299 886 2343 1mo
908 2279 1052 2358 rebelles,

132 2365 188 2425 sed
210 2371 243 2424 et
263 2366 458 2441 contermini,
479 2366 692 2445 impatientes,
723 2365 884 2426 detrahere
910 2384 949 2426 ac
975 2362 1052 2423 iudi

111 2467 213 2525 ,cara
235 2446 314 2509 alios
337 2448 503 2529 negligere,
518 2450 705 2510 contentiosi
705 2445 893 2529 ,opiniosas
912 2447 1052 2525 cervicis,

132 2531 272 2592 indomiti
295 2549 413 2609 seusus,
435 2530 507 2592 ideo
524 2551 586 2592 nou
608 2531 739 2613 pacifici,
762 2531 1052 2609 brevianimes,1m-

132 2615 302 2694 mansueti,
336 2614 416 2693 duri,
450 2615 544 2676 crudi.
586 2615 672 2676 Haeo
698 2617 772 2676 vitia
787 2622 832 2676 et
858 2633 957 2696 opera
975 2615 1052 2675 iute-

133 2699 221 2758 rioris
246 2697 379 2758 hominis
403 2699 495 2759 ovina
516 2704 603 2759 veste
624 2705 803 2796 contegunt,
781 2700 851 2759 ti.
873 2718 900 2759 e.
923 2697 1052 2758 actioni·

133 2782 200 2860 bus,
225 2781 450 2861 oblationibus,
488 2789 593 2862 gestu,
620 2783 803 2843 ceremoniis
831 2779 1053 2923 corporalibus,

133 2866 177 2926 ita
205 2871 253 2925 ut'
267 2871 321 2924 et
286 2863 400 2925 t'sibi·
398 2872 442 2925 et
467 2865 536 2926 aliis
559 2865 748 2962 simplicibus
770 2865 843 2925 boni
867 2866 926 2925 et
917 2863 989 2923 rusti
1009 2863 1052 2923 vi

134 2948 272 3008 deantur.
315 2947 356 3007 Ιιι
381 2947 412 3007 hi
434 2956 507 3008 sunt
528 2948 581 3027 illi,
604 2949 656 3026 qui
677 2947 830 3009 subtiliter
857 2954 953 3028 agunt
980 2964 1052 3005 oon-

100 3089 103 3094 ,
133 3039 181 3091 ιιι
211 3037 361 3112 praecept
361 3051 411 3091 um
442 3033 583 3112 primum.
627 3030 687 3092 Sed
721 3030 882 3093 differendi
916 3035 988 3090 sunt
1020 3029 1052 3087 in

134 3115 235 3175 locum
258 3118 355 3174 suum
398 3112 487 3175 Nunc
506 3114 739 3195 prosequimur,
773 3132 852 3193 quae
874 3110 1053 3193 incepimus,

135 3218 205 3258 narn
228 3198 414 3277 singularem
437 3197 500 3258 illi
504 3201 665 3259 tractatum
689 3203 856 3295 quaerunt,
889 3216 958 3256 cum
990 3213 1052 3254 non

132 3283 175 3351 sit
162 3279 296 3342 thodie
317 3282 413 3381 pestis
435 3281 533 3342 maior
553 3300 609 3360 per
630 3281 793 3342 ecclesiam
815 3282 875 3361 ista
892 3285 980 3367 peste
999 3278 1053 3337 ho-

133 3362 611 3461 minum,qu1dicunt,bonum
639 3368 762 3444 oportet
788 3364 905 3443 lacere,
934 3363 1055 3423 nescire

134 3449 292 3527 volenes,
325 3446 397 3527 quid
430 3447 469 3507 ιιι
495 3446 609 3507 bortum
632 3448 682 3508 vel
704 3446 828 3509 malum
871 3446 949 3509 Sunt
937 3445 1053 3505 teuim

134 3533 250 3595 inimici
272 3532 421 3610 crucis,i.
445 3551 472 3591 e.
495 3530 648 3592 bonorum
664 3530 732 3593 Dei
