2356 4200
121 302 184 369 372
312 309 381 361 Asta
401 306 434 361 D.
456 305 694 379 natumnatum·
714 302 861 375 Augustae

123 475 292 551 studiorum
315 476 450 557 parentis
478 482 510 537 et
540 473 579 535 ab
603 474 729 552 antiquo
754 470 888 554 'sempet-
903 472 1046 535 Christis

123 551 269 619 nisiimoe
291 577 328 618 ao
349 560 380 619 in
394 554 557 639 theologia
576 554 812 617 florentissimae
830 558 1047 637 universitatis.

207 639 276 717 Quo
299 641 381 703 faoto
404 642 527 723 repetiit
548 639 787 720 disputationem
805 639 989 703 hesternum
1012 639 1047 700 de

124 722 300 787 obiectione
322 725 443 805 priore,
477 724 532 785 ille
560 724 640 799 enirn
670 722 796 783 multem
831 726 973 804 speeiem
994 742 1046 804 pro

124 826 181 869 sua
197 808 350 869 sententie
371 809 438 868 visa
459 815 507 868 est
526 806 650 868 habers.
699 804 749 867 Me
771 825 846 869 vero
872 812 1048 879 tenentes*

124 890 211 951 iuxta
231 892 487 972 protestationem
508 892 539 952 in
561 891 683 970 seriptis
709 889 904 969 respondere
926 891 1048 973 promit

124 978 218 1056 tente,
240 992 343 1035 rursus
365 975 439 1035 setis
462 972 647 1052 oonfidebat,
669 971 1048 1055 tendemadmissnsoriu

125 1054 171 1116 tili
190 1057 394 1136 responsione
429 1055 543 1119 abitum
571 1062 628 1118 est.
680 1055 784 1117 Tenor
817 1063 851 1119 et
881 1064 989 1121 textus
1007 1076 1049 1121 re

126 1140 305 1221 sponsionis
326 1147 375 1200 est
395 1141 468 1201 iste:

259 1355 266 1377 ²
308 1300 311 1305 ⁵
398 1331 768 1449 Revorsndissimo
881 1374 884 1379 ·

126 1489 157 1549 in
181 1487 301 1549 Christo
324 1487 406 1549 Petri
425 1493 459 1547 et
479 1486 629 1564 Domino,
652 1460 785 1547 Domino
806 1486 969 1569 Thomae5
995 1489 1047 1549 Tit

127 1571 157 1633 S.
183 1571 260 1631 sixti
288 1568 459 1646 cardinali,
501 1578 627 1629 sanotae
662 1568 744 1629 sedis
782 1571 983 1650 spostolicae
1001 1571 1047 1633 Le

126 1661 200 1734 gato
222 1661 282 1715 eto.
301 1653 337 1716 F.
358 1653 507 1717 Martinus
529 1651 729 1727 liutbertum)
754 1653 1005 1733 Augustinisnus
1022 1654 1045 1716 8.

130 1842 133 1847 ·
210 1819 311 1895 Quam
333 1870 336 1875 .
358 1837 421 1880 nou
459 1817 626 1881 detrectem
658 1816 848 1898 respondere
891 1818 1046 1901 libensque

127 1903 220 1977 velim
241 1904 391 1962 rationem
418 1900 545 1963 reddere
578 1900 625 1963 de
644 1901 771 1980 singulis
801 1902 1047 1984 speeielibusqut

129 1987 207 2057 meis
228 1985 327 2065 dietis,
346 1984 602 2063 reverendissime
622 1985 653 2044 in
676 1983 796 2045 Christo
819 1984 924 2064 Peter,
947 1994 982 2047 nt
1003 1984 1047 2047 ob·

127 2068 310 2131 isotionibus
331 2067 534 2146 satisfaciam,
567 2086 643 2146 ques
674 2067 738 2127 heri
770 2074 801 2127 et
831 2069 948 2130 nudius
982 2068 1045 2131 mihi

129 2151 267 2214 obiectas
290 2151 424 2230 memini,
446 2151 506 2212 heo
526 2151 609 2212 volui
631 2151 762 2230 epistole
774 2151 935 2213 humiliter
956 2160 1047 2235 prote

128 2237 211 2297 steri.
254 2235 333 2297 Nem
357 2232 417 2295 duo
440 2240 526 2312 sunt,
559 2253 639 2313 quae
666 2235 738 2294 mihi
763 2243 834 2294 sunt
855 2235 890 2298 P.
910 2236 950 2298 Τ.
972 2234 1046 2314 ΙΝ)

130 2318 260 2380 obiecto.
293 2317 425 2379 Primum
448 2317 953 2398 Exuavagansiltactemen.v1.
977 2337 1047 2400 quse

130 2403 249 2483 ineipit:
274 2401 454 2479 Unigenitus
478 2410 546 2479 eto,
569 2402 598 2460 in
623 2419 683 2481 qua
706 2401 868 2461 thesaurus
891 2403 1047 2485 indulgen

100 2523 103 2532 ·
128 2486 238 2546 tiorum
261 2484 355 2544 asseri
377 2483 496 2543 videtur
515 2503 586 2544 esse
607 2485 715 2545 merita
737 2482 848 2544 Christi
871 2495 902 2546 et
927 2487 1046 2549 Sanus

128 2590 206 2646 rum,
229 2566 312 2647 quod
334 2584 394 2645 ego
416 2567 447 2626 iri
469 2566 672 2646 positionibus
695 2569 769 2628 meis
791 2566 903 2629 videor
928 2589 1045 2651 negare.

211 2648 397 2730 Respondeo
433 2650 553 2729 itaque:
596 2649 664 2710 Non
699 2648 754 2710 fuit
788 2650 861 2712 mihi
895 2655 1048 2737 incognite

129 2735 344 2813 Extrevngans
366 2731 433 2810 illa,
454 2751 524 2793 oum
546 2734 620 2792 istas
643 2732 857 2794 meditationes
882 2756 973 2798 meas
994 2756 1046 2797 me·

130 2817 258 2889 ditabat,
280 2816 334 2877 sed
357 2835 425 2875 oum
449 2817 636 2877 certissimus
658 2836 757 2897 essem
780 2837 941 2898 unumque
965 2822 1047 2881 totius

129 2900 281 2977 ecelesiae
302 2899 483 2959 sententiam
507 2918 574 2958 esse
598 2900 724 2976 scirem,
755 2901 863 2959 merite
886 2902 1004 2964 Christi
1022 2904 1046 2962 in

130 2984 236 3063 spiritu
259 3000 321 3042 non
344 3000 437 3062 posse
452 2983 601 3042 committi
615 2982 799 3059 hominibus,
821 3003 883 3044 neo
906 2987 989 3047 tradi
1004 3005 1048 3067 per

129 3065 270 3126 homines
292 3068 346 3125 snt
366 3063 405 3126 ab
420 3064 604 3142 hominibus,
626 3067 705 3125 siout
719 3072 819 3126 tomen
835 3066 1048 3151 Extrevaguns

128 3150 190 3209 iste
218 3167 329 3209 sonare
359 3147 533 3224 videbatur,
571 3149 654 3208 volui
672 3151 835 3219 ,intantum
871 3153 1048 3234 relinquere,

130 3231 259 3311 aliisque
280 3231 411 3310 ingeniis
433 3231 610 3292 melioribus
632 3233 821 3292 committere
835 3254 973 3315 magnus
991 3236 1048 3298 ittu

131 3314 288 3377 molestias
310 3321 341 3374 et
357 3315 526 3394 angustias,
544 3334 621 3394 quas
639 3335 696 3394 pro
718 3315 832 3376 tuenda
854 3337 1047 3398 pspserere

131 3398 230 3459 sentis
250 3395 398 3477 patiebar.
752 3426 754 3435 =

213 3478 402 3543 Ooourrebat
422 3479 503 3539 enim
527 3488 559 3540 et
574 3480 719 3542 movebat
730 3482 841 3563 primo,
864 3485 956 3563 quod
977 3484 1047 3547 nrt·

130 3570 234 3625 essent
247 3561 342 3625 verbe
357 3561 521 3644 pontificis,
544 3571 575 3624 et
588 3564 735 3626 adversus
752 3569 988 3630 contentiosum
1008 3566 1046 3629 rel

202 3740 233 3807 tt
256 3742 286 3794 In
305 3740 346 3795 ed.
366 3744 436 3813 orig.
457 3744 578 3807 (Witt.):
607 3741 714 3805 Luther.
762 3741 796 3808 2)
818 3742 849 3796 [n
869 3745 917 3799 ed.
935 3746 1010 3802 Jon:
1032 3758 1045 3796 ι

126 3818 186 3876 sat
207 3820 258 3874 tus
276 3816 364 3873 Rene.
