2356 4200
375 298 410 355 de
427 302 528 355 virtute
545 300 795 372 indulgentiarum:
840 356 857 373 ‚
981 298 1041 367 261

122 472 217 549 xime,
239 469 364 552 quando
385 470 477 534 fuerit
498 474 632 535 maxime
654 473 789 535 sollieita
809 492 866 555 pro
888 473 960 535 titiis
973 476 1045 537 suis.

124 555 156 617 si
179 560 281 616 autem
303 554 432 639 relaxet,
455 557 542 636 quasi
563 556 734 637 desperans
755 556 816 618 hoo
830 557 913 634 faoit,
935 559 1045 635 timens

122 639 232 719 peiora
255 639 387 698 evenire.

206 718 301 801 Igitur
322 738 391 780 oum
414 721 475 780 sint
497 738 666 801 poenarum
688 722 886 784 remissiones
907 728 971 782 tam
984 722 1045 783 vile

123 802 250 881 donum,
272 809 304 863 et
326 804 394 863 sola
415 810 553 882 potestas
576 804 709 865 olavium
730 804 772 864 ibi
795 805 869 865 satis
891 805 941 882 sit,
962 804 1045 867 ride·

123 891 208 947 retur
228 892 312 946 oerte
333 904 396 947 non
419 905 515 965 parre
534 887 735 948 irreverentia
756 885 821 948 fleri
834 894 896 948 tam
912 888 1044 969 egregiis

123 965 282 1029 laboribus
304 974 495 1047 sanatorum,
528 970 554 1030 si
582 968 779 1031 stertentibus
808 970 1045 1051 impertirentur.

123 1050 221 1112 Multo
244 1050 352 1111 melius
376 1051 408 1111 B.
431 1051 620 1132 Augustinus
643 1053 674 1113 in
697 1070 755 1113 ser.
777 1050 817 1112 de
839 1052 965 1135 biarty.:
990 1052 1046 1114 So·

123 1133 289 1195 tenuitates
311 1142 476 1215 martyrum
499 1153 561 1195 non
583 1135 798 1213 remissiones,
828 1134 883 1195 sed
905 1135 1046 1196 exhorta

123 1216 227 1277 tiones
249 1217 460 1297 martyriorum
475 1222 555 1297 sunt,
577 1222 610 1278 ut
620 1217 732 1277 imitari
746 1235 808 1278 nou
826 1217 940 1299 pigeat,
962 1216 1046 1297 quod

123 1297 285 1360 belebrone
305 1298 447 1360 delectat.
1025 1342 1028 1351 -

208 1380 342 1442 Probata
363 1389 411 1442 εει
431 1383 533 1461 itaque
554 1382 614 1442 ista
630 1401 712 1462 pars,
735 1381 817 1462 quod
835 1382 944 1443 merita
959 1400 1045 1463 sano

124 1471 226 1525 torum
248 1480 311 1524 nou
333 1464 454 1544 possint
476 1483 545 1525 esse
567 1463 726 1525 thesaurus
749 1463 854 1545 nobis,
883 1482 952 1525 eum
985 1465 1047 1526 sint

123 1547 254 1627 penuria
272 1547 413 1631 ipsismet
434 1546 558 1625 sanetis,
580 1547 643 1627 nisi
660 1547 729 1626 quis
752 1548 797 1608 sio
817 1553 915 1628 putet,
936 1566 974 1608 ea
990 1566 1045 1609 uo·

122 1629 172 1692 bis
192 1646 263 1690 esse
285 1629 472 1707 thesaurum,
495 1648 557 1689 nou
580 1630 652 1708 quia
673 1628 873 1710 superfluunt,
896 1628 950 1691 sed
973 1629 1044 1709 quia

124 1717 175 1773 est
195 1712 372 1773 eommunia
394 1719 585 1791 sannorum,
614 1711 698 1791 quod
720 1704 848 1791 quilibet
868 1731 924 1792 pro
948 1712 1046 1774 altero

122 1792 256 1871 laborat,
277 1795 356 1854 sieut
379 1794 547 1855 membrum
569 1812 625 1874 pro
648 1794 796 1857 membro,
839 1793 901 1856 eeu
922 1794 983 1856 boo
1003 1794 1046 1856 fe·

123 1881 233 1939 serunt
252 1876 283 1936 in
306 1877 386 1956 vita,
418 1884 450 1937 et
477 1878 503 1936 si
529 1895 612 1936 nune
638 1877 791 1954 iacerent,
824 1876 1047 1938 inter-sessione

124 1960 229 2042 potius
252 1976 342 2039 quam
363 1965 519 2039 potestate
540 1958 636 2021 slavis
657 1958 689 2020 id
710 1957 806 2020 fleret.
973 1966 976 1971 “

206 2039 269 2102 seu
291 2041 341 2102 bio
362 2060 381 2101 a
404 2042 498 2123 iunge
519 2040 611 2102 audio
634 2039 826 2121 quorundam
847 2045 1046 2110 aontumar·

124 2131 314 2207 gumentum.
337 2124 451 2185 Verum
467 2130 523 2203 est,
545 2125 695 2205 inquiunt,
718 2123 817 2184 saneti
841 2142 902 2184 nou
923 2122 1047 2185 fuerunt

124 2208 194 2269 sine
213 2212 343 2287 pensato
367 2207 396 2266 in
420 2207 478 2267 hae
500 2208 580 2285 rita,
609 2205 664 2268 sed
690 2205 820 2285 veniali,
850 2204 1047 2267 nihilomiuus

125 2290 217 2372 plura
237 2295 403 2370 potuerunt
423 2289 524 2350 funere
547 2308 645 2369 quam.
660 2288 841 2351 debuerunt.
878 2285 957 2353 Cum
980 2288 1046 2349 istis

127 2370 252 2453 quidem
275 2371 480 2432 obtusissimis
507 2371 642 2453 ingeniis
669 2370 794 2433 difficile
826 2376 874 2432 est
958 2389 992 2431 re
1017 2371 1049 2431 iu

126 2455 189 2517 beo
207 2472 257 2530 re,
290 2460 391 2514 tamen
421 2453 555 2515 breviter
582 2454 667 2532 dieo,
694 2454 724 2514 id
747 2473 816 2514 esse
837 2454 960 2514 veniae
979 2471 1050 2534 pen·

122 2542 242 2615 uatum,
264 2537 337 2615 quia
358 2534 457 2597 minus
479 2537 595 2597 saoiunt
616 2555 706 2617 quam
726 2536 849 2614 debent,
871 2553 933 2596 non
946 2540 1048 2597 autem

126 2618 160 2680 id
182 2617 265 2699 quod
285 2619 343 2699 ipsi
367 2618 487 2701 tingunt
507 2620 606 2680 sotum
629 2619 751 2681 veniale
772 2622 949 2700 pensatum,
970 2616 1049 2678 suiti-

129 2702 305 2780 sutrinum,
327 2701 451 2762 verbum
475 2702 553 2782 leve,
577 2702 806 2783 cogitationem.
848 2698 906 2760 Est
927 2698 1048 2779 quidem

126 2784 190 2846 boo
210 2784 332 2846 veniale
352 2791 523 2865 peecatum,
546 2784 600 2845 sed
624 2804 768 2865 magnum
781 2782 911 2844 reniale.
934 2782 1047 2843 Verum

129 2867 224 2930 etiam
249 2884 325 2947 opus
348 2866 461 2928 bonum
485 2869 600 2947 optime
622 2867 734 2927 tautum
758 2872 806 2926 est
830 2864 951 2926 veniale
979 2882 1048 2944 peo-

128 2954 248 3026 oatum,
277 2955 312 3009 ut
339 2966 377 3009 ex
399 2949 433 3011 B.
457 2949 630 3030 Augustino
651 2966 753 3028 supra.
795 2947 883 3007 Turro
904 2945 1049 3007 mandatu

128 3031 333 3111 eomplentur,
357 3029 490 3110 quando,
514 3031 657 3111 quioquid
669 3050 725 3111 per
746 3048 803 3091 nos
818 3047 881 3090 non
895 3027 1050 3109 impietur,

128 3115 316 3197 ignoscitur,
344 3113 426 3194 quod
453 3114 484 3172 iu
515 3114 599 3174 omni
627 3131 722 3195 opere
742 3111 827 3173 bono
848 3109 899 3191 ur,
929 3129 1051 3190 semper

129 3196 213 3275 enim
240 3195 283 3257 ibi
312 3197 403 3257 venia
451 3194 563 3257 eteuda
591 3204 653 3271 εει,
682 3193 849 3256 seeundum
878 3192 1049 3254 orationem

129 3278 326 3341 dominicam.
375 3277 416 3340 Se
465 3277 543 3338 haee
569 3278 661 3339 aliam
689 3276 925 3359 disputationem
951 3273 1050 3353 requi·

129 3366 210 3436 runt,
232 3360 272 3421 de
292 3378 352 3440 quo
375 3359 462 3423 alias,
504 3359 580 3421 Inde
602 3359 633 3421 S.
656 3360 890 3437 Bonarentura,
912 3376 982 3419 oum
1003 3374 1049 3417 aa·

130 3443 279 3505 seruisset
298 3441 455 3505 homiuem
477 3462 571 3523 posse
592 3445 660 3504 sine
682 3440 794 3503 veniali
817 3439 1050 3521 peooato²esaa‚
1120 3470 1143 3505 ο

130 3527 238 3606 utique
260 3525 372 3586 defecit
393 3531 516 3585 sanetus
537 3524 643 3588 homo.
