2356 4200
363 277 400 333 ad
417 278 455 334 Ι).
471 278 618 334 liertiuuru
636 277 794 333 lutherum.
1004 269 1047 343 73

123 453 190 509 utus
211 451 269 527 est,
291 447 372 510 bene
394 449 559 530 scripserit,
579 450 639 511 uisi
659 451 739 510 torte
759 446 834 511 mihi
857 446 1046 530 Augustinus

124 529 295 610 obiiciatur,
317 532 373 593 sed
394 536 554 613 oporteret
573 534 658 614 prius
679 540 782 594 vestra
797 532 896 613 iurgia
919 532 1028 613 sopiri.¹

207 614 253 676 Tu
281 634 356 676 vero
390 622 572 698 postergato
605 635 668 677 non
693 617 813 677 Thema
846 615 958 694 modo,
990 613 1047 676 sad

122 695 252 758 doctore
269 697 331 760 alic
353 699 499 780 quolibet,
522 705 637 780 quauta
657 699 703 760 vis
721 700 884 761 sanctitate
905 697 1046 779 praepol-

121 779 187 842 leat
207 779 246 841 ad
268 781 472 861 probandum,
496 782 580 865 quod
601 783 760 844 Romanus
781 782 922 863 pontifex
943 780 1046 849 decer

121 862 227 925 nendo
255 863 294 925 de
323 864 384 926 tide
412 873 443 926 et
465 865 600 927 moribus
622 868 721 946 possit
748 885 873 942 errare,
907 864 1046 926 inniteris

121 945 234 1009 baculo
257 948 425 1009 arundineo
448 954 529 1009 tuem
553 968 676 1009 manum
700 949 904 1024 terebratum,
929 947 1048 1008 seilicet

119 1029 239 1092 ¹Abbati
261 1029 375 1104 Siculo,
396 1033 462 1092 viro
486 1032 559 1094 olim
581 1031 690 1092 rebelli
712 1038 744 1093 et
765 1031 972 1103 schismatico,
995 1029 1047 1110 qui

122 1114 155 1174 iu
168 1112 301 1191 Basilea,
323 1113 375 1175 ubi
388 1113 555 1175 Basilisses
577 1115 747 1195 pullularit,
769 1115 882 1196 pileum
904 1114 1048 1192 iniquita·

122 1196 162 1257 tis
185 1197 359 1275 emeruerit,
381 1199 431 1277 qui
453 1199 555 1277 etiam,
578 1198 836 1278 quemadmodum
859 1203 993 1274 satanas,
1015 1196 1047 1256 iu

118 1279 210 1340 omni
229 1299 286 1341 suo
309 1299 404 1360 opere
428 1300 514 1342 suom
537 1282 692 1360 antiquam
721 1281 897 1362 superbiam
917 1279 1047 1341 redolet.

122 1362 170 1424 lta
205 1368 237 1423 at
270 1364 337 1443 ipse
369 1364 400 1423 in
431 1366 515 1424 omni
543 1383 599 1424 sua
629 1364 771 1426 doctriua
806 1363 928 1434 redolet
959 1381 1046 1424 suum

121 1443 267 1507 acbisma.
309 1445 358 1505 Ex
381 1465 442 1526 qua
461 1467 496 1507 re
518 1465 555 1506 co
578 1448 639 1508 itur
659 1447 811 1509 interdum
839 1448 972 1527 ineptias
995 1444 1048 1506 do·

122 1546 203 1605 cere,
226 1547 294 1589 cum
318 1547 424 1591 secum
439 1548 501 1590 non
524 1467 638 1591 habeat
658 1532 830 1612 veritatem,
852 1532 932 1612 quae
954 1531 1047 1591 etiam
1106 1540 1118 1553 ‘

121 1631 143 1672 a
164 1618 196 1672 te
215 1612 246 1671 in
269 1612 329 1672 hac
348 1632 382 1673 re
405 1613 436 1672 in
459 1618 542 1673 tuam
572 1615 677 1693 tuique
705 1613 820 1676 ordinis
847 1612 1048 1695 ignominiam

120 1696 295 1775 proscripta
316 1700 378 1774 est,
405 1714 519 1776 nempe
540 1697 604 1775 ait,
633 1697 715 1777 quod
744 1696 890 1778 pontifice
912 1697 1047 1757 maxime

121 1783 156 1839 et
182 1777 315 1839 concilio
348 1776 387 1838 de
410 1777 471 1838 fide
491 1778 709 1842 dissidentibus
738 1782 767 1841 ei
790 1779 933 1841 standum
955 1784 1048 1858 esset,

121 1863 210 1921 cuius
231 1862 368 1921 rationes
391 1868 496 1922 essent
517 1862 670 1927 meliores.

207 1942 233 2004 0
255 1942 495 2024 irrefragabilem
511 1946 619 2025 virum,
642 1947 689 2006 cui
701 1947 851 2021 inniteris,
872 1945 962 2006 irriso
976 1943 1049 2004 divo

121 2024 254 2103 lboma,
276 2028 306 2086 in
328 2046 363 2086 re
385 2028 463 2086 tanti
487 2030 645 2106 momenti,
668 2028 748 2109 apud
772 2048 863 2109 quem
886 2027 1050 2089 ecclesiam
1170 2050 1172 2054 ⁴

120 2108 344 2170 insufficienter
366 2109 534 2171 institutam
550 2111 676 2191 dixeris,
698 2113 813 2193 quippe
834 2131 902 2172 cum
925 2111 1050 2173 evenire

120 2193 226 2272 possit
246 2192 388 2272 litigium,
411 2192 492 2271 quod
516 2195 649 2255 ecclesia
669 2197 835 2256 terminare
856 2194 926 2256 ncn‘
941 2195 1048 2274 possit.

120 2273 200 2350 Quis
232 2276 313 2335 enim
344 2275 425 2335 inter
447 2276 624 2355 pontificem
653 2285 685 2339 et
706 2277 868 2338 concilium
890 2274 1048 2355 iudicabit,

119 2363 209 2435 utrae
231 2359 367 2418 rationes
391 2359 452 2419 sint
470 2361 631 2440 potiores,
661 2362 720 2421 nisi
748 2367 801 2422 aut
833 2360 915 2421 idem
945 2360 985 2419 sit
1004 2361 1048 2419 iu-

119 2440 182 2501 dex
203 2441 235 2501 iu
257 2459 352 2501 causa
373 2443 517 2522 proprie,
545 2452 599 2504 aut
632 2443 774 2505 infideles
807 2444 856 2504 vel
885 2442 1049 2504 ecclesiam

119 2523 329 2585 universalem
352 2523 481 2585 iudicem
506 2544 575 2585 eum
598 2527 779 2589 tuo-Siculo
803 2527 915 2605 facias,
938 2544 976 2585 ac
996 2544 1050 2605 pe-

119 2606 208 2667 rinde
230 2606 269 2668 ab
292 2609 437 2667 extremis
460 2615 559 2669 terrae
572 2629 680 2672 omnes
698 2610 816 2671 vetulas
830 2627 1049 2686 convocemus,

119 2709 160 2751 ue
181 2689 255 2750 illae
277 2689 387 2767 desint,
410 2691 492 2771 apud
514 2711 591 2771 quas
615 2699 663 2755 est
684 2712 759 2754 vera
781 2692 867 2754 tides.
903 2691 964 2753 ead
977 2693 1049 2770 quia

119 2772 274 2834 eiusmodi
296 2772 334 2832 ad
358 2772 451 2832 alium
474 2774 649 2836 Tractatum
672 2778 820 2852 attinent,
843 2777 935 2837 missa
957 2775 1027 2836 siut.

203 2855 320 2916 Adiicis
353 2864 384 2915 et
413 2855 584 2919 Gereonem
601 2856 632 2919 ib
663 2860 706 2920 tui
729 2861 904 2936 munimen,
934 2858 986 2938 qui
1019 2862 1050 2918 et

116 2940 188 3020 ipsc
210 2938 250 2999 de
272 2945 427 3020 potestate
449 2941 605 3020 pontificis
626 2943 761 3022 pessime
782 2943 879 3003 seneit
900 2947 932 3002 et
954 2941 1047 3021 scrip·

118 3024 178 3099 sit,
205 3040 269 3083 uon
291 3021 384 3083 modo
414 3021 495 3102 apud
517 3023 686 3103 Thomam,
714 3025 815 3085 lumen
837 3024 958 3102 mundi,
992 3021 1047 3083 sed

117 3105 203 3186 apud
225 3103 368 3166 doctores
381 3106 424 3164 tui
436 3105 560 3182 ordinis,
583 3114 616 3168 et
627 3108 707 3189 apud
719 3126 865 3169 canones.
889 3107 928 3167 Hi
941 3105 1046 3168 docto-

114 3186 205 3261 relli,
234 3207 303 3247 cum
336 3193 367 3247 te
395 3188 512 3249 faciant
533 3189 571 3250 de
591 3191 733 3252 Romane
762 3191 894 3252 ecclesia
916 3188 1047 3271 superbe

112 3270 249 3347 sentire,
276 3277 308 3330 et
329 3270 414 3331 multi
437 3271 507 3348 alii,
529 3274 579 3352 qui
602 3293 702 3353 aequo
723 3275 827 3335 animo
849 3292 911 3334 uon
934 3273 1050 3350 ferunt,

111 3372 187 3416 cam
210 3373 279 3413 csse
301 3360 393 3433 caput
424 3354 639 3433 ecclesiarum,
672 3366 743 3417 sunt
764 3358 837 3435 tibi,
858 3356 989 3416 Martiae
1011 3355 1043 3432 1)

113 3439 222 3514 stater,
243 3436 409 3496 multorum
431 3444 584 3498 erratuum
608 3458 710 3501 causa.

106 3551 108 3555 ,
204 3516 285 3593 Quid
307 3524 410 3580 autem
433 3520 563 3599 mirum,
588 3521 671 3600 quod
693 3523 844 3584 Thomam
865 3521 951 3582 nihili
972 3539 1046 3601 peu·

116 3677 330 3690 *-

174 3787 203 3850 1)
223 3782 253 3834 lu
274 3781 317 3837 ed.
337 3783 419 3838 den:
440 3781 566 3839 Luthere.
637 3830 643 3873 ,
