2356 4200
382 291 416 348 de
434 294 502 347 satis
523 288 695 362 Augustianis
715 290 794 348 1518.
987 285 1049 354 347
1130 379 1132 384 Α

128 462 231 524 statim
254 465 422 542 sequnntur
441 461 520 522 haee
542 460 652 524 verba:
694 458 858 535 Deinde,
884 459 951 538 quis
973 457 1051 520 dixit

127 543 271 606 Pontifici
294 563 344 605 me
366 551 425 606 ete.
459 544 585 626 Signum
607 543 732 605 ohartae
749 544 922 623 aquaticum
944 541 1048 602 itidem

127 633 177 689 est
198 634 317 708 eaput
337 627 459 704 tauri,
481 627 542 688 looi
563 633 665 687 autem
693 628 852 708 pigmento
874 631 941 686 alno
964 625 1050 685 obliti

126 710 244 771 nullum
267 715 369 771 exstat
398 711 570 791 vestigium.
618 710 787 780 (Riederer
809 711 839 768 in
863 713 1050 768 oommenta·

128 794 231 870 tione,
270 812 362 873 quam
395 813 487 872 supra
520 791 729 865 laudavimus,
762 796 889 872 propter
921 789 1049 871 liguram

127 876 212 957 ligno
235 894 381 937 exousam
413 877 556 956 opinatur
576 894 646 937 eam
668 876 835 937 editionem
866 894 905 933 ex
926 872 1050 934 officina

126 958 303 1020 Melchioris
329 955 470 1020 Lottheri
497 959 619 1039 Lipsiae
652 958 832 1038 prodiisse).
867 957 1051 1017 Asservatur

127 1042 192 1101 eins
216 1041 360 1102 editionis
382 1042 541 1123 exemplar
562 1043 592 1100 in
615 1041 803 1102 bibliotheca
824 1038 1002 1100 Drasdensi.

210 1123 248 1207 3)
279 1124 350 1184 Alia
372 1122 503 1204 denique
526 1123 620 1185 editio
635 1124 972 1204 prinee'pspiutorum
985 1123 1050 1182 Au-

126 1214 384 1288 gustanorum
406 1207 548 1268 Basileae
576 1226 631 1287 por
651 1207 699 1269 Jo.
722 1195 906 1268 Frobenium
938 1204 1051 1284 prodiit

127 1289 184 1350 sub
207 1290 267 1351 hoo
288 1290 393 1350 titulo:

210 1414 322 1480 ACTA
353 1417 390 1477 a.
421 1415 504 1491 111
535 1416 624 1477 vars
659 1415 829 1477 usuum
862 1414 1050 1477 numum

124 1498 252 1563 suen·
272 1503 277 1575 l
297 1498 475 1562 sumam
497 1499 606 1567 naun
627 1499 665 1560 n.
690 1497 799 1560 naon
819 1501 823 1576 l
840 1497 926 1560 uun
958 1495 1050 1558 Aro-

127 1581 602 1662 suouounpnuaususs.
873 1583 878 1589 ·

182 1700 273 1760 Folia
282 1706 353 1760 sunt
361 1699 679 1780 vigintiform.quart.‚
688 1699 1052 1779 qnorumultimapagina

125 1782 210 1844 nuda
227 1789 283 1843 est.
307 1781 499 1863 Quamquam
521 1775 680 1842 ne'oloous
699 1800 862 1842 necannus
872 1779 994 1841 additus
1008 1781 1050 1841 in-

122 1866 253 1944 venitur,
274 1869 378 1926 tamen
400 1885 440 1925 ex
459 1864 617 1925 literarum
630 1865 736 1926 formis
759 1871 790 1924 et
812 1884 851 1924 ex
870 1881 965 1940 more,
987 1882 1047 1943 quo

123 1948 337 2009 liutherius
350 1947 602 2028 proLutherus
614 1948 744 2027 scriptus
761 1947 880 2027 legitur,
890 1946 1051 2006 manifeste

80 2034 84 2047 “
124 2034 221 2112 patet,
244 2030 490 2091 eumeditionem
512 2030 626 2110 per-lo.
640 2028 824 2090 Frobenium
834 2028 1051 2108 Basileaepro-

124 2113 229 2176 diisse.
251 2112 353 2173 Titulo
368 2112 501 2192 denique
512 2111 651 2194 praefixa
664 2118 712 2172 est
727 2112 814 2173 folii
836 2112 1051 2171 transversi

103 2196 244 2272 torma,
287 2214 366 2274 quae
393 2196 424 2255 in
460 2194 646 2256 editionibus
674 2194 893 2255 Basilieneibus
930 2213 1052 2274 semper

124 2279 189 2339 iere
210 2278 240 2339 in
264 2277 398 2338 exordiis
421 2277 566 2339 librorum
589 2297 626 2338 aa
649 2278 804 2337 titulorum
827 2277 968 2338 cernitur.

209 2360 258 2421 ua
278 2359 372 2422 editio
389 2360 585 2421 multifariam
597 2359 698 2421 differt
719 2358 758 2420 ab
783 2359 918 2421 editione
939 2361 1050 2440 priore,

125 2462 206 2522 quae
219 2442 463 2524 Wittembergae
483 2442 607 2523 prodiit.
641 2441 786 2504 Continet
801 2444 883 2505 enim
904 2444 1050 2505 narratio·

125 2544 196 2586 nem
222 2544 344 2600 eorum,
373 2545 453 2604 quas
474 2527 580 2606 priore
597 2524 648 2587 die
668 2531 738 2586 aeta
758 2533 838 2602 sunt,
858 2526 1052 2604 protestatio·

125 2627 198 2669 nem
220 2607 316 2669 altera
348 2608 398 2669 die
426 2608 560 2669 oblatum
583 2615 615 2670 et
640 2609 874 2688 responsionem
898 2607 1051 2669 Cardinali

127 2689 277 2752 Caietano
300 2692 455 2771 soriptam,
477 2690 728 2770 quaefiniturhis
741 2691 857 2751 verbis:
880 2691 1050 2768 „Dominus

128 2773 220 2834 Jesus
241 2780 330 2853 regat
350 2781 382 2834 et
402 2782 505 2835 servet
524 2775 810 2835 reverendissimam
833 2773 1050 2836 Paternitatem

131 2862 216 2917 tuam
238 2857 270 2915 in
292 2863 460 2918 aeternum.
483 2856 615 2919 Amen.“
656 2857 734 2918 'sum
756 2857 859 2916 statim
885 2862 1052 2936 sequuntur

126 2939 280 3019 epistolae
300 2939 424 2999 Lutheri
446 2938 594 3000 Caietano
614 2938 1051 3021 pridieLueaeEvangelistae

129 3029 161 3081 et
184 3020 234 3082 die
256 3021 285 3084 S.
308 3021 410 3082 Lucas
432 3021 652 3102 Evangelistae
672 3021 831 3082 MDXVlll
853 3023 981 3098 missae,
1002 3023 1051 3081 iis·

127 3123 188 3183 que
211 3105 356 3164 continuo
387 3103 529 3164 adiuncta
560 3111 606 3163 est
628 3104 806 3184 Appellatio
829 3104 868 3165 D.
885 3105 972 3166 Mart.
994 3104 1049 3164 Lu-

124 3185 204 3248 theri
232 3205 252 3247 a
273 3186 422 3248 Caietano
445 3187 483 3247 ad
505 3187 630 3267 Papam.
673 3186 822 3248 Confecta
850 3187 929 3247 haee
950 3186 1043 3247 editio

126 3275 248 3330 estant
269 3271 445 3335 ann01518
467 3275 609 3348 exeunte,
631 3275 786 3330 antonno
810 3272 888 3335 1519
910 3271 1050 3346 ineunte3

126 3351 286 3431 exemplar
307 3353 388 3413 enim
410 3354 486 3432 eius,
509 3351 592 3431 quod
614 3352 703 3415 nobis
719 3372 759 3412 ex
775 3351 962 3413 bibliotheca
973 3353 1048 3433 reip.

124 3434 395 3515 Norimbergensis
421 3442 546 3517 praesto
569 3442 650 3514 erat,
678 3434 757 3496 haee
782 3435 813 3496 in
836 3435 915 3497 tituli
936 3436 1050 3516 pagina

124 3537 200 3599 prae
221 3537 256 3578 se
276 3518 335 3579 fert
355 3538 447 3580 manu
469 3519 598 3598 scripta:
641 3518 739 3598 „Filio
770 3536 826 3578 suo
855 3517 970 3579 loanni
991 3517 1050 3578 Tu-

125 3599 387 3680 oherC.Seheurl,
409 3601 491 3662 doot.
514 3604 564 3665 31.
588 3601 656 3662 Jan.
681 3602 749 3664 l9“.
773 3600 863 3663 Unde
884 3619 958 3661 vero
982 3607 1049 3661 orta

126 3684 166 3745 sit
197 3683 277 3743 haee
306 3682 474 3745 editionum
497 3683 689 3761 differentia,
717 3683 767 3744 Jo.
790 3683 959 3745 Frobenius
980 3685 1049 3766 ipse

127 3765 156 3830 d.
180 3766 251 3828 XIV
273 3786 369 3828 mens.
390 3766 478 3830 Febr.
489 3769 568 3832 1519
582 3766 699 3828 indicat
718 3767 766 3827 his
788 3766 889 3831 verbis
898 3764 1048 3828 Luthero:
