2356 4200
372 306 407 363 dc
426 309 525 363 virtuts
542 279 786 378 indnlffcntiarnm.
985 288 1055 372 211‘

126 464 263 560 videtur)
282 497 322 538 ex
344 476 476 556 quatiam
498 478 615 538 incuria
631 476 841 558 inspiciendae
860 477 985 560 originis·
1006 478 1057 549 in·¹

126 560 359 641 dulgentiamm.
383 560 461 620 Nam
478 567 550 621 tunc
577 562 734 642 teniporis,
757 560 880 642 quando
902 556 1059 642 vigebant

127 656 262 704 canones
284 643 538 723 poenitentiales,
562 651 706 725 magnum
729 651 795 705 enat
816 645 955 706 relaxare
978 646 1049 723 qua-²
1164 682 1174 705 ι

125 734 197 788 tuot·
217 726 292 806 dies,
314 733 387 807 post
398 728 457 788 hoc
469 733 771 807 coeperuntoentnm
784 727 857 788 danc'
871 727 913 808 ¹),
937 726 1058 788 deindo¹

126 809 210 870 mille
231 808 311 890 dies,
334 810 459 870 andem
481 811 577 871 multa
598 810 681 871 milia
704 811 831 891 dierunt,
854 811 995 890 stanni,
1019 817 1060 871 st⁴

126 907 287 954 annorum‘
303 895 479 954 centenaria
502 900 532 954 ct
553 894 734 957 millenaria.
767 893 818 956 Sic
840 895 921 954 enim
943 893 1049 975 paula*

126 978 179 1036 tim
215 978 367 1056 processit
403 978 501 1037 maior
536 996 573 1037 ac
602 979 701 1037 maior
728 977 857 1058 largitas
881 978 1048 1038 veniarum.

127 1059 203 1119 Post
225 1060 303 1119 haec
327 1062 431 1140 coepit
453 1061 584 1141 septima
603 1078 676 1141 pars
694 1062 829 1121 omnium
852 1067 1061 1142 peccatorum

124 1143 248 1220 remitti,
271 1143 383 1203 deinde
407 1145 496 1203 tentia
517 1163 606 1223 pars,
629 1144 797 1204 novissime
821 1142 946 1204 dimidia
967 1160 1050 1225 pars,

126 1242 164 1285 ao
186 1226 230 1286 sic
251 1232 433 1305 perventum
455 1233 502 1286 est
523 1227 562 1287 ad
576 1227 743 1307 plenariam
761 1228 1050 1288 remissiouamom·

125 1308 209 1385 nium
232 1317 447 1388 peccatorum,
483 1317 516 1369 ut
543 1312 617 1370 satis
647 1316 751 1389 potest
777 1308 874 1370 videri
896 1308 997 1371 adhuc
1017 1309 1048 1369 in

125 1390 314 1453 stationibus
336 1393 416 1452 urbis
440 1392 568 1453 Romae.
611 1391 702 1467 Quod
725 1393 802 1453 siin
824 1393 928 1473 pritnls
950 1390 1050 1474 gradi·

126 1472 182 1533 bus
203 1475 384 1556 intelligitur
396 1476 586 1555 poenitentia
607 1477 750 1545 iniuncta,
775 1485 857 1536 certe
880 1476 962 1536 etin
985 1475 1049 1557 ple·

126 1558 214 1616 naria
236 1561 419 1619 remissione
440 1558 641 1639 intelligenda
663 1566 718 1624 est}

208 1641 322 1718 Tertia
345 1643 455 1702 iterum
477 1642 563 1702 stilus
576 1660 677 1721 papae
688 1641 826 1723 dicentis,
849 1658 905 1722 per
923 1641 1017 1702 modu
1036 1704 1039 1709 ,

126 1722 272 1804 suffragii.
315 1724 447 1804 Oportet
468 1726 549 1784 enirn
572 1724 725 1786 diversum
750 1743 821 1787 esse
842 1720 966 1785 modum
992 1660 1067 1784 surg*

124 1807 214 1886 snagii
248 1809 382 1868 amodo
410 1810 582 1887 potestatis.
611 1808 717 1882 ,Quod
740 1810 765 1867 si
787 1809 845 1888 ipsi
867 1825 968 1888 papae
994 1808 1048 1879 (sl-

125 1895 178 1949 cut
200 1887 365 1961 debemus)
395 1891 463 1970 plus
485 1891 660 1970 credemus,
699 1911 789 1971 quam
822 1890 881 1951 illis
908 1902 939 1951 et
959 1889 1055 1952 nobis

124 1972 216 2051 ipsis,
247 1979 333 2052 patet
359 1974 473 2032 nullam
495 1982 698 2054 potestatem,
721 1974 775 2034 sed
799 1972 975 2054 suffragium
997 1984 1048 2033 v'a-

125 2055 190 2114 lere
215 2057 245 2115 in
284 2058 503 2136 purgatorium.
546 2057 652 2117 Tutius
683 2063 730 2118 est
757 2057 830 2116 mihi
864 2074 934 2116 cum
968 2070 1050 2137 papa·

125 2138 249 2215 sentire,
267 2158 358 2218 quam
381 2159 449 2199 cum
471 2139 541 2202 illis.
584 2141 669 2220 Papa
691 2159 753 2201 non
775 2145 899 2222 arrogat
921 2138 979 2200 sibi
992 2157 1047 2220 po·

125 2228 279 2298 testatem,
303 2222 357 2282 sed
380 2222 556 2302 suffragium
579 2223 635 2284 sibi
658 2223 810 2285 vendicat.
839 2223 879 2284 ut
899 2223 973 2283 satis
996 2222 1048 2282 mi-

124 2323 186 2379 ror,
209 2323 270 2383 qua
291 2303 402 2366 fiducia
423 2306 465 2365 illi
489 2315 597 2367 contra
612 2326 790 2388 expressam
810 2305 1067 2388 prohibitionem·

125 2401 169 2449 a:
192 2387 268 2447 Oum
293 2407 331 2448 ex
355 2407 407 2466 eo,
435 2389 504 2469 plus
527 2391 660 2452 audeant
681 2392 879 2471 praedicare,
904 2398 993 2467 quam
1016 2389 1048 2447 in

126 2471 220 2530 literis
243 2491 344 2550 papae
356 2473 539 2550 continetur,
563 2495 630 2533 curn
654 2474 746 2534 suffia
768 2476 789 2534 ii
811 2472 920 2533 modus
935 2471 977 2533 ibi
1000 2490 1049 2531 so·

124 2553 188 2612 lum
211 2556 413 2615 contineatur.
457 2557 546 2630 Quod
575 2559 600 2616 si
622 2558 665 2616 sic
685 2495 876 2637 inteiligunt,
904 2568 967 2614 nou
997 2553 1048 2614 ha-

126 2636 186 2696 bet·
199 2644 387 2716 potestatem
400 2640 523 2717 quidem
545 2640 760 2702 iurisdictionis
783 2641 813 2699 in
829 2638 1048 2720 purgatorium,

124 2718 180 2779 sed
214 2727 317 2780 tamen
358 2722 452 2782 habet
488 2729 672 2801 potestatem
707 2724 837 2783 clavium
873 2719 1048 2802 applicandi

124 2802 271 2884 suffragia
291 2806 321 2863 in
344 2804 428 2863 illud.

208 2887 265 2945 Hic
287 2885 356 2947 dico
380 2894 411 2947 et
433 2906 512 2967 ego,
541 2887 623 2965 quod
646 2887 706 2946 hoc
727 2904 819 2946 nemo
842 2891 945 2969 negat.
989 2885 1046 2945 Po-

125 2975 221 3030 testas
243 2970 436 3049 applicandi,
459 2972 525 3028 sive
547 2969 700 3049 suffragia,
723 2970 788 3028 sive
810 2968 1047 3046 satisfactiones,

124 3053 191 3112 sive
214 3052 319 3112 laudes
341 3054 408 3130 Dei,
431 3072 556 3133 prorsus
580 3060 626 3112 est
646 3053 676 3111 in
701 3071 791 3111 manu
817 3053 926 3111 summi
949 3051 1049 3132 ponti·

124 3135 201 3194 licis.
244 3136 357 3196 Verum
385 3155 423 3195 an
447 3136 501 3195 illa
523 3142 659 3214 potestas
693 3135 738 3194 sic
759 3136 798 3193 sit
819 3135 915 3196 solius
937 3154 1048 3215 papae,

125 3226 158 3277 ut
181 3237 243 3279 non
268 3221 360 3280 etiam
380 3220 508 3279 aliorum
520 3216 698 3298 pontificum
721 3219 769 3295 sit,
791 3224 824 3276 ut
846 3218 1047 3278 conclusione

124 3302 322 3380 praecedenti
352 3302 464 3362 dictum
497 3302 637 3378 est„vel
659 3300 729 3379 quid
758 3319 817 3382 ego
845 3300 982 3361 nondum
1000 3301 1048 3360 'in-

124 3383 231 3464 telligo
254 3386 284 3444 in
307 3386 367 3445 isto
391 3386 485 3446 modo
500 3385 725 3464 applicationis,
746 3385 776 3443 in
802 3384 938 3444 secunda
958 3390 1048 3463 parte

123 3467 214 3526 huius
242 3467 450 3530 conclusionis
485 3469 595 3531 dicam.
648 3468 769 3529 lnterim
803 3467 884 3526 hano
916 3469 1072 3546 primam·

123 3569 357 3630 prosequamur.

209 3634 336 3713 Quarto,
358 3643 389 3695 et
410 3636 545 3694 omnium
565 3636 740 3710 fortissime,
758 3633 895 3694 Christus
908 3651 970 3692 non
985 3652 1047 3692 am·

135 3773 141 3785 Ι

162 3807 194 3873 1)
216 3805 302 3858 lbid.:
323 3806 391 3860 dari.
488 3836 491 3843 ·

763 3927 806 3991 tt
826 3924 845 3962 ¹⁸
