2356 4200
413 238 419 253 ’
445 253 733 313 attoariarum.
1031 258 1052 324 r

126 428 271 573 iqrpacarc
292 428 394 490 Deum
428 428 515 489 iuxta
548 424 753 510 Evangelium
787 436 819 490 et
850 436 958 491 vetant
990 430 1051 491 ooli

128 529 177 572 ,0
211 558 220 575 .
1014 525 1023 533 .
1087 522 1093 535 ,

203 594 247 655 Et
274 595 423 674 quoniam
451 593 620 657 adversarii
651 614 708 656 sua
738 594 839 669 idola,
868 614 992 657 ¹errores
1020 602 1053 657 et

125 676 376 739 abominationes
394 696 459 738 non
476 677 571 738 verbo
585 678 652 757 Dei,
675 677 729 738 sed
753 677 929 739 fulminibus
953 680 1050 739 orimi-

125 761 283 821 nationum
307 768 340 823 et
359 760 655 822 condemnationum
672 760 920 842 propugnabant,
942 780 1050 823 accen-

126 842 255 904 debatur
285 845 318 903 in
353 845 492 905 Doctore
524 843 659 905 Luthero
696 843 857 925 diligentia
893 844 1050 942 cogitandi

124 927 297 986 sccundus
321 926 362 987 de
383 928 528 988 universa
549 926 700 1004 doctrina,
724 935 756 988 et
777 928 945 1008 quaerendi
967 929 1051 990 testi-

125 1011 230 1070 monia
253 1011 432 1091 scripturae,
453 1028 534 1090 quae
556 1012 588 1070 in
612 1009 754 1071 omnibus
769 1012 989 1072 controversiis
1011 1012 1051 1073 de

124 1093 277 1173 religione
299 1092 452 1173 rebusque
474 1093 585 1154 divinis
603 1094 775 1154 certissima
795 1092 946 1179 κριτήρια
971 1102 1050 1157 sunt.

124 1176 202 1235 Nam
224 1175 316 1236 initio
338 1176 444 1236 harum
467 1176 710 1257 disputationum
738 1195 801 1239 non
824 1176 1011 1238 abhorrebat
1031 1192 1054 1237 a‘

124 1258 226 1319 studio
249 1257 393 1338 publicae
415 1259 602 1320 concordiae
624 1267 655 1320 et
676 1261 772 1341 pacis,
793 1278 853 1320 nec
873 1260 1052 1322 inchoatam

125 1341 218 1402 telam
240 1342 456 1421 perterruisset,
479 1343 539 1403 nisi
560 1342 806 1407 adversariorum
819 1344 1050 1424 importunitate

124 1425 163 1486 ad
184 1423 438 1504 respondendum
450 1426 601 1506 impulsus
620 1426 739 1489 luisset.
783 1425 844 1487 seu
858 1428 1050 1487 verissimum

125 1515 179 1588 est,
203 1515 237 1568 et
258 1506 406 1588 exemplo
418 1507 561 1570 Doctoris
574 1508 699 1570 Lutheri
722 1504 945 1585 confirmatum,
967 1509 1051 1590 quod
1149 1516 1152 1522 '

123 1591 360 1653 Proverbiorum
382 1593 411 1652 4.
433 1590 551 1670 dicitur,
573 1592 853 1655 Justorumsemita
874 1592 981 1653 similis
1003 1599 1053 1655 est

123 1674 193 1754 luci,
215 1694 309 1754 quam
332 1674 444 1735 aurora
464 1677 590 1757 spargit.
632 1676 675 1737 Ut
695 1677 776 1736 enim
799 1676 878 1736 haec
899 1675 1049 1757 paulatim

124 1777 222 1838 usque
243 1757 284 1817 ad
300 1757 467 1819 meridiem
487 1761 615 1838 crescit,
642 1757 687 1821 ita
713 1760 744 1819 in
767 1766 895 1839 pectore
917 1758 1051 1838 Lutheri,

122 1842 255 1922 legentis
277 1841 393 1920 scripta
413 1841 596 1922 prophetica
617 1846 648 1903 et
662 1843 847 1923 apostolica,
869 1842 953 1903 Deus
976 1841 1046 1903 sub·

123 1925 195 1985 inde
230 1924 393 1985 clariorem
423 1931 454 1987 et
488 1923 652 1986 firmiorem
687 1926 787 1985 lucem
826 1924 983 2004 accendit,
1018 1931 1049 1985 et

124 2012 287 2088 utrumque
309 2008 337 2068 ei
358 2007 518 2088 patefecit,
541 2008 685 2069 videlicet
706 2008 929 2087 confessionis,
956 2026 1048 2088 quam

122 2093 188 2172 ipse
211 2090 359 2168 sonabat,
382 2093 542 2151 veritatem
556 2092 743 2169 immotam,
771 2099 802 2152 et
822 2092 948 2171 impiam
971 2091 1049 2151 irau-

123 2175 192 2236 dem
221 2174 373 2252 hostium,
406 2174 458 2253 qui
489 2175 634 2235 instinctu
666 2174 782 2234 diaboli
815 2182 846 2234 et
879 2174 1050 2234 antichristi

124 2259 230 2318 omnia
252 2257 356 2317 divina
378 2265 410 2316 et
431 2257 568 2318 humana
588 2264 777 2338 pervertunt.

208 2341 338 2400 Discunt
358 2359 433 2421 ergo
455 2342 498 2419 pii
520 2341 652 2400 lectores
674 2360 714 2400 ex
737 2340 836 2419 libn's,
860 2359 938 2421 quos
961 2341 1048 2401 initio

125 2426 160 2484 D.
182 2423 335 2484 Lutherus
358 2423 462 2501 edidit,
485 2422 643 2502 quomodo
667 2443 707 2483 ex
728 2424 850 2503 papista
872 2444 945 2485 vere
964 2422 1049 2487 Chri-

124 2510 258 2583 stianus,
288 2513 320 2567 et
341 2527 380 2566 ex
408 2508 508 2567 amico
537 2506 636 2567 hostis
665 2513 758 2585 atque
788 2507 928 2567 inimicus
950 2502 1051 2587 papae

124 2592 223 2651 iactus
248 2591 296 2668 sit,
321 2592 553 2670 necquicquam
577 2588 751 2650 offendatur
771 2589 881 2650 horum
904 2589 1050 2651 librorum

126 2675 272 2750 lectione,
294 2672 377 2752 quod
399 2676 429 2733 in
453 2674 489 2733 iis
512 2672 664 2752 quaedam
679 2673 785 2734 videre
807 2674 901 2734 liceat
922 2693 1052 2734 consen·

127 2766 219 2818 tanea
241 2757 488 2817 adversariorum
510 2756 681 2833 doetrinae,
705 2757 877 2817 cuiusmodi
899 2763 970 2816 sunt
991 2755 1052 2816 loci

127 2841 165 2900 de
190 2847 348 2920 potestate
377 2838 531 2920 pontificis
555 2846 586 2899 et
617 2840 852 2920 episcoporum,
881 2838 920 2899 de
949 2841 1052 2916 missa,

127 2931 158 2984 et
178 2923 218 2984 de
241 2924 419 3002 unaspocie
442 2922 704 2983 coenaeDomini.
749 2923 827 2983 Nam
852 2942 889 2982 eo
903 2929 1053 3001 tempore,

126 3027 188 3086 quo
218 3006 298 3066 haec
324 3007 461 3086 scripsit,
490 3007 661 3085 anteceptis
692 3006 889 3085 opinionibus
907 3003 1054 3084 impedie-

126 3091 231 3167 batur,
264 3090 429 3168 quominus
457 3089 571 3149 claram
599 3090 737 3148 veritatis
765 3089 875 3147 faciem
904 3092 1054 3147 cerneret.

126 3174 295 3252 Postquam
318 3191 393 3233 vero
417 3171 496 3232 duce
519 3178 550 3233 et
577 3173 690 3232 comite
712 3171 807 3232 verbo
829 3171 888 3230 Dei
910 3189 949 3230 ex
971 3172 1057 3230 tenc'

127 3258 189 3318 bris
211 3257 365 3319 eluctatus
388 3263 437 3316 est
458 3262 490 3316 et
510 3257 700 3316 incrementa
720 3254 794 3314 lucis
811 3253 934 3313 divinae
949 3252 1054 3330 sensit,

127 3339 264 3419 quadam
287 3340 413 3400 excelsa
425 3340 602 3411 constantia
624 3338 726 3398 stilum
741 3338 893 3397 convertit
915 3334 953 3395 ad
972 3335 1055 3395 labe·

126 3422 305 3484 factendam
327 3442 428 3503 papae
451 3421 656 3504 tyrannidem,
680 3439 741 3500 quo
766 3420 887 3499 quidem
910 3420 941 3479 in
965 3437 1056 3478 cursu

127 3505 303 3567 admirabili
325 3512 357 3567 et
378 3506 484 3566 diviua
495 3506 642 3567 felicitate
664 3523 737 3564 usus
761 3509 817 3582 est,
840 3502 870 3563 id
891 3501 974 3582 quod
987 3503 1055 3583 pius

128 3597 160 3651 et
182 3589 333 3651 candidus
351 3590 450 3650 lector
470 3596 579 3650 notata
600 3595 774 3668 temporum
796 3587 875 3647 serie
887 3593 917 3646 et
933 3584 1055 3646 distinc-

129 3674 216 3734 tione
239 3673 329 3734 iacile
350 3673 585 3734 animadvertet.
618 3724 621 3730 .

214 3756 283 3817 Etsi
304 3763 406 3818 autem
428 3757 475 3816 vir
496 3756 620 3836 sapiens
642 3759 673 3814 et
695 3752 815 3813 divinus
832 3770 1055 3832 saepenumero
