2356 4200
133 251 198 335 148
458 254 607 323 Sermones
625 255 737 311 Lntheri

134 422 257 497 occidit.
299 423 360 488 Sed
388 424 553 507 spiritualis
581 423 788 505 intelligentia
817 429 865 484 est
892 423 960 503 illc,
991 443 1060 503 non,

134 504 258 591 occidas
280 507 374 589 corde
396 528 450 570 seu
472 509 596 589 spiritu,
622 511 643 569 i.
667 526 779 573 enon
806 508 965 585 irasceris,
992 525 1055 569 non

134 587 237 666 odies,
259 593 345 671 quis,
368 593 419 671 qui
441 591 506 652 odit
526 591 649 653 fratrem
672 609 775 667 suum,
811 589 969 652 homicida
999 596 1055 671 est,

133 679 165 732 et
185 670 359 737 Dominus:
383 675 435 755 qui
453 676 593 735 irascitur
603 675 689 736 fratri
700 690 766 750 suo,
780 692 850 733 reus
861 674 920 734 erit
931 666 1055 743 iudicio.

134 753 233 829 Quam
255 754 390 837 poenam
412 758 468 839 lex,
487 759 574 837 operi
587 760 729 834 minatur,
747 755 864 835 dicens,
883 757 936 835 qui
950 763 1064 837 alutem¹

135 836 292 920 occiderit,
314 860 383 901 reus
406 842 464 901 erit
474 840 598 903 iudicio.
635 841 837 900 Haecautem
852 839 1062 921 intelligentia:

133 920 211 1003 legis
246 920 442 1003 spiritualiter
470 916 693 1005 multomagis
724 921 852 1001 occidit,
872 923 956 1002 ,quis
984 922 1064 1001 sopit,

133 1003 234 1085 legem
255 1005 480 1086 impossibilem
504 1006 647 1087 impletu,
675 1024 713 1066 ac
740 1024 796 1084 per
816 1003 1056 1073 hoohominem

133 1086 172 1146 de
191 1088 272 1167 ,suis
307 1088 421 1151 viribus
451 1090 648 1170 desperatum
678 1095 709 1148 et
738 1084 946 1167 humiliatum,
984 1089 1057 1169 quis

133 1169 234 1230 nullus
256 1174 392 1232 estsine
414 1174 469 1252 ira,
491 1173 592 1232 nullus
617 1176 683 1233 sine
700 1171 963 1251 concupiscentia,
978 1170 1067 1241 talea.

133 1272 237 1316 sumus
260 1273 299 1314 ex
323 1257 491 1318 nativitate.
525 1255 605 1330 Quid
628 1263 729 1315 autern
752 1254 853 1333 saciet,
876 1272 938 1333 quo
961 1244 1057 1314 vadet

134 1335 228 1396 homo
252 1344 314 1397 tarn
337 1338 520 1418 impossibili
542 1340 612 1419 lege
635 1337 777 1418 pressus?

216 1418 282 1497 Hic,
306 1419 365 1500 hio,
386 1423 447 1480 iam
470 1423 555 1483 venit
569 1421 701 1485 officiam
718 1420 870 1500 evangelii
886 1419 1055 1480 secundum

133 1507 165 1565 ot
199 1504 355 1582 proprium
385 1510 416 1564 et
444 1524 566 1583 verum,
600 1504 682 1584 quod
720 1505 838 1563 nuntiat
872 1501 1056 1582 desperatae

123 1586 345 1647 conscientiae
374 1587 520 1648 auxilium
560 1594 591 1648 et
624 1587 807 1648 remedium:
843 1586 928 1645 cuius
961 1583 1057 1647 officii

134 1673 204 1727 sunt
225 1668 303 1729 haec
325 1669 432 1730 verba:
456 1672 560 1731 venite
581 1670 621 1731 ad
643 1691 692 1731 me
715 1671 887 1748 omnesqui
908 1668 1056 1730 laboratis

134 1757 168 1810 et
194 1754 315 1812 onerati
344 1754 433 1831 estis,
465 1759 496 1813 et
523 1773 583 1834 ego
605 1752 745 1813 'reficiam
771 1750 847 1829 'vos,
876 1758 907 1812 et
937 1754 1057 1831 iterum,

134 1831 266 1914 confide,
289 1834 403 1915 mitili,
425 1838 620 1897 remittuntur
641 1837 694 1898 tibi
711 1841 841 1915 peccata
863 1842 923 1899 tua.
953 1834 1059 1916 ,Igitur

133 1916 196 1979 hoo
216 1925 264 1981 est
286 1918 503 1999 evangelium,
533 1921 552 1981 i.
580 1939 607 1983 e.
630 1918 793 1981 iucundum
817 1924 849 1978 et
868 1936 963 1978 suave
983 1936 1059 1979 nun·

133 2000 207 2063 tium
231 2002 372 2080 animae,
398 2021 484 2081 ·quae
518 2022 574 2082 per
600 2003 701 2084 legem
736 2002 967 2080 interpretatam
997 2002 1073 2081 iam,

133 2083 194 2143 iam
224 2085 345 2163 peribat
372 2092 404 2145 et
430 2084 551 2146 deiecta
574 2086 648 2164 fuit,-
675 2083 780 2146 audire
810 2084 943 2162 scilicet,
973 2082 1057 2162 quod

134 2165 185 2225 lex
215 2173 263 2227 est
285 2168 429 2247 impleta,
458 2168 578 2229 scilicet
605 2188 661 2248 per
682 2168 852 2246 Christum,
882 2165 964 2246 quod
994 2184 1073 2227 non.

135 2249 174 2308 sit
196 2268 325 2311 necesse
348 2270 416 2312 eam
439 2251 576 2331 implere,
599 2251 654 2313 sed
676 2249 891 2312 tantummodo
917 2249 1057 2329 implenti

134 2351 190 2411 per
210 2331 302 2394 tidem
338 2333 505 2394 adhaerere
538 2342 569 2395 et
596 2334 797 2412 conformari,
825 2331 1059 2411 quiaKOhristufl.

135 2422 183 2475 est
202 2417 342 2495 iustitia,
371 2416 593 2496 sanctificatio,
621 2417 770 2479 redemtio
794 2423 909 2479 nostra.
928 2456 932 2465 »
952 2414 1057 2496 igitur,

135 2505 281 2577 quantum
319 2501 512 2563 contristavit
548 2501 741 2580 evangelium
781 2500 883 2579 legem
910 2499 1057 2578 interpre-

133 2581 244 2662 tando,
275 2589 392 2644 tantum
420 2591 451 2644 et
471 2585 569 2664 magis
591 2583 768 2644 laetificavit
798 2583 928 2663 gratiam
957 2583 1057 2643 nunti·

134 2664 228 2744 ando,
251 2667 295 2726 sio
313 2666 549 2746 ¹interpretando
571 2666 727 2746 humiliat,
750 2673 783 2726 ut
802 2666 1056 2745 gratiamnunti-

134 2747 216 2810 ando
239 2748 371 2828 exaltet,
397 2751 528 2829 percutit
549 2757 582 2810 ut
603 2756 700 2828 sanet,
723 2747 887 2809 mortificat
907 2754 941 2807 ut
960 2747 1057 2809 vivifi,

134 2840 198 2908 cet,
231 2830 355 2894 deducit
384 2833 423 2892 ad
446 2833 561 2894 inferos
584 2839 618 2893 ut
638 2829 773 2894 reducat.
817 2831 868 2893 Sic
889 2831 996 2893 Jsaiae
1020 2833 1074 2915 42·

25 2980 32 3001 x
134 2912 233 2988 Quam
256 2915 381 2977 iucundi
401 2915 498 2995 pedes
521 2915 809 2996 evangelizantium,
832 2914 947 2975 bonum
968 2933 1057 2994 prae·

133 2997 310 3078 dicentium,
331 3017 451 3080 pacem.

196 3080 298 3156 Quare
312 3084 364 3160 qui
376 3100 438 3143 non
449 3081 653 3161 attenderent,
666 3083 802 3142 facerent
813 3079 903 3140 nobis
912 3097 952 3140 ex
961 3098 1059 3141 euane-

133 3163 215 3244 geiio
240 3183 317 3225 onus
341 3166 439 3225 maius
454 3183 544 3243 quam
567 3164 617 3225 lex
640 3172 714 3242 erat,
738 3164 809 3242 quia
831 3161 977 3242 grandius
996 3170 1054 3239 est,

134 3264 197 3307 non
212 3249 312 3326 irasci,
338 3266 430 3327 quam
450 3267 513 3309 non
531 3247 689 3323 occidere,
712 3253 744 3307 et
764 3248 886 3326 gravius
909 3253 976 3324 est,
989 3264 1054 3309 non

133 3331 362 3409 concupiscere,
386 3349 477 3409 quam
500 3349 563 3390 non
581 3331 747 3408 moechari,
773 3331 835 3388 imo
851 3326 1054 3407 impossibile.

134 3411 184 3472 Sic
203 3415 309 3494 itaque
331 3412 425 3474 homo
449 3433 504 3492 per
528 3413 627 3493 legem
651 3413 834 3488 humiliatur,
857 3419 890 3471 ut
912 3431 967 3490 per
986 3431 1054 3492 gra·

133 3496 208 3555 tiam
229 3495 389 3557 exaltetur.
432 3497 500 3556 Hoc
523 3503 585 3576 est,
614 3496 697 3575 quod
726 3495 796 3555 doh.
820 3495 894 3574 Cap.
920 3499 946 3556 1.
970 3494 1055 3573 dicit,

133 3578 215 3656 quod
238 3579 293 3638 fuit
314 3581 424 3639 missus
447 3598 465 3639 a
486 3580 569 3659 De0,
592 3585 625 3639 ut
647 3579 854 3639 testimonium
877 3575 1057 3657 perhiberet

132 3660 172 3721 de
194 3661 262 3721 luce
284 3661 416 3725 Christo.
459 3662 554 3743 Igitur
575 3662 636 3723 hoc
664 3668 712 3722 est
739 3660 951 3741 evangelium,
979 3658 1058 3721 nun-'

130 3745 218 3805 tiatio
234 3745 333 3825 pacis,
356 3746 546 3806 remissionis
569 3752 783 3826 peccatorum,
812 3745 929 3824 gratiae
955 3749 987 3817 et
1008 3763 1055 3805 sa-
