2356 4200
124 288 204 358 ²220
396 294 591 348 desolationes
610 293 717 362 Disput.
737 293 815 348 Luth.

137 456 202 522 alia
221 462 365 522 adiuncta
385 462 445 522 illis
468 463 650 541 donatione,
674 463 793 524 scilicet
813 452 993 522 meritorum
1017 478 1063 522 ec

141 545 263 627 clesiae.
286 544 373 620 Quae
390 545 517 607 donatio
540 549 647 607 iterum
668 545 883 626 distinguenda
905 550 953 605 esl
971 565 990 604 a
1013 560 1064 626 ge-

139 628 235 687 nerali
259 629 483 708 applicatione,
514 647 574 708 qua
603 631 735 690 ecclesia
764 629 802 688 de
829 628 911 690 facto
934 646 992 708 per
1012 626 1065 688 illa

139 709 325 792 suffragatur
352 710 526 790 animabus,
564 715 630 773 sine
652 731 752 793 papae
774 712 1001 792 applicatione,
1036 716 1066 772 et

139 793 305 853 videndum
328 793 400 873 quid
428 796 496 875 ipsa
522 796 633 856 valeat.
676 795 737 856 sed
767 797 858 855 etiam
880 794 950 854 aliis
973 793 1065 853 relin-

139 874 279 955 quendus
311 885 357 938 est
385 878 556 956 inquirendi
585 878 687 956 labor,
717 878 824 958 quibus
855 883 902 936 est
924 875 1064 937 nondum

139 959 252 1019 fessum
276 960 406 1020 studium
428 962 460 1020 in
482 964 574 1021 tantis
597 962 707 1024 dubiis.
1027 968 1030 973 ’

468 1089 558 1149 Nunc
581 1090 734 1152 obiicitur:

223 1212 333 1288 Prima,
357 1215 478 1280 celebre
499 1218 642 1295 habetur,
666 1218 747 1296 quod
770 1216 893 1296 quidam
915 1215 1065 1296 Magister

140 1295 262 1355 Parisiis
285 1298 383 1357 tenuit
403 1303 434 1361 in
458 1301 664 1381 disputatione
687 1321 762 1378 sua,
785 1319 937 1360 summurn
961 1299 1064 1378 ponti·

140 1375 228 1437 ficem
242 1378 355 1438 habere
377 1391 561 1462 potestatem
585 1387 614 1444 in
632 1385 849 1466 purgatorium,
872 1389 904 1443 et
921 1381 1064 1461 pontifex

140 1479 178 1520 eo
201 1463 325 1541 cognito
348 1474 379 1525 et
400 1475 521 1529 mortuo
544 1467 629 1528 dedit
650 1487 716 1528 eam
739 1474 886 1526 assertam
909 1466 1066 1525 remissio·

132 1554 211 1603 nem
235 1545 318 1605 velut
340 1549 572 1613 commendans.
774 1563 777 1568 '

132 1704 172 1757 ..33
501 1678 687 1759 Respondes
700 1698 706 1736 ε

222 1803 271 1863 Me
304 1805 378 1866 nihil
406 1814 524 1887 movet,
553 1807 625 1887 quid
659 1806 782 1886 placeat
816 1804 865 1863 vel
900 1801 1066 1884 displiceat

140 1903 259 1946 summo
280 1887 429 1968 pontifici.
463 1889 565 1951 Homo
587 1898 647 1966 est,
672 1890 750 1949 sicut
772 1893 802 1946 et
823 1887 941 1965 ceteri,
977 1885 1065 1946 multi

139 1967 262 2029 luerunt
282 1974 391 2032 summi
414 1971 587 2053 pontifices,
611 1970 718 2052 qulbus
741 1969 920 2030 nouaclum
943 1987 1064 2029 errores

135 2055 171 2110 'et
193 2053 276 2132 vitia,
299 2054 351 2114 sed
376 2057 466 2116 etiam
482 2063 626 2137 portenta
647 2049 834 2136 placuerunt.
876 2051 946 2132 Ego
969 2050 1064 2112 audio

141 2134 252 2213 papam
273 2143 305 2195 ut
318 2157 438 2218 papam.
461 2139 560 2216 idest,
583 2148 616 2199 ut
634 2140 662 2197 in
677 2136 845 2211 canonibus
866 2134 1012 2213 loquitur,
1036 2141 1066 2194 et

141 2217 306 2278 secundum
331 2238 466 2282 canones
488 2222 630 2301 loquitur,
653 2227 706 2280 aut
727 2239 793 2278 cum
818 2215 1064 2277 conciliodeter·

141 2300 255 2377 minat,
285 2322 346 2362 non
370 2311 470 2364 autem
508 2305 630 2384 quando
659 2288 825 2364 s‘acundum
859 2318 946 2358 suurn
970 2305 1064 2380 caput

140 2381 282 2462 loquitur,
302 2378 344 2445 'ne
366 2387 444 2448 forte
465 2407 569 2468 cogar,
592 2407 659 2446 cum
684 2384 862 2465 quibusdam
885 2382 966 2442 male
979 2382 1064 2443 Chri·

141 2468 219 2524 stum
236 2471 494 2547 cognoscentibus
517 2470 628 2547 dicere,
651 2468 733 2547 quod
748 2466 820 2528 Julii
831 2466 867 2528 11.
888 2464 1064 2526 horrendae

141 2545 253 2608 caedes
282 2551 313 2609 in
341 2550 546 2613 Christianum
581 2552 727 2634 populum
764 2551 877 2610 tuerint
909 2547 1062 2627 quaedam

140 2629 291 2692 beneficia
313 2636 353 2713 pii
377 2637 507 2714 pastoris
530 2639 559 2695 in
584 2655 658 2696 oves
673 2634 783 2694 Christi
806 2632 929 2693 collata.

176 2736 179 2741 ’
224 2715 383 2794 Secundo,
404 2719 448 2784 Β.
480 2720 696 2778 Bonaventnra
725 2717 776 2776 lib.
799 2716 852 2777 IV.
883 2715 953 2774 dist.
986 2712 1064 2775 XX:

140 2795 209 2856 Non
233 2817 302 2858 esse
323 2802 525 2861 resistendum
547 2804 736 2882 importune,
760 2802 785 2859 si
808 2799 875 2876 quis
897 2797 1067 2857 asseruerit

141 2897 253 2959 papam
275 2882 389 2944 habere
412 2891 595 2963 potestatem
619 2884 649 2944 in
673 2883 890 2962 purgatorium.
923 2881 1065 2959 Respon-

142 2959 201 3021 deo
224 2965 370 3043 primum:
402 2968 558 3027 Autaritas
582 2969 614 3027 B.
639 2967 874 3026 Bonaventurae
896 2964 925 3041 in
949 2963 1011 3022 hac
1032 2982 1065 3022 re

142 3063 202 3104 non
232 3046 357 3127 sufficit,
386 3050 543 3128 secundo,
576 3048 698 3130 quanda
728 3067 809 3129 papa
830 3045 859 3105 id
889 3045 1065 3123 asseruerit,

141 3148 203 3190 non
227 3134 284 3191 erit
300 3133 526 3210 resistendum,
549 3135 653 3210 terti0,
675 3133 892 3193 Bonaventura
914 3135 1000 3188 recte
1024 3127 1066 3188 di·

142 3215 183 3273 cit
205 3216 275 3293 quia
287 3214 380 3294 addit,
402 3235 435 3275 se
447 3218 545 3295 ipsum
559 3235 729 3295 exponens,
753 3212 918 3272 dummodo
938 3210 968 3270 id
993 3231 1066 3271 con-

142 3304 202 3357 stet
225 3317 279 3376 per
300 3300 493 3359 autoritatem
504 3300 697 3359 manifestam
721 3305 773 3357 aut
795 3297 948 3355 dictamen
972 3297 1067 3356 ratio·

142 3379 254 3443 nabile.
306 3381 365 3442 Sed
394 3382 446 3441 illa
475 3383 610 3442 nandum
639 3388 760 3442 constat
788 3378 950 3439 manifesta
978 3386 1067 3437 auto·

142 3463 224 3524 ritas.

439 3593 497 3653 Hic
517 3611 590 3653 varo
614 3591 773 3653 obiicitur:

203 3721 303 3782 Primo
322 3721 423 3782 Sixtus
446 3722 497 3781 lv.
521 3720 741 3805 determinasse
763 3719 881 3795 dicitur,
904 3716 988 3795 quod
1013 3730 1069 3799 per
