2356 4200
125 258 186 329 10ss
460 264 609 325 samanae
627 263 739 323 Luthari

124 439 267 513 mantum
289 432 425 512 habere,
465 448 556 514 quam
582 434 641 505 Dei
670 431 1044 525 bouitatsmftt·2uullalfl

125 518 310 595 creaturam,
344 516 501 596 quomodo
515 517 609 579 ..arca
637 515 874 598 Magistrum'“)‘
902 507 1042 576 ilefinitio

125 601 192 680 spei
213 600 263 660 vel
287 607 333 660 est
354 600 432 660 falsa
452 601 503 660 vcl
524 599 603 660 falsa
613 596 801 682 intelligitur.
834 600 947 678 Primo,
971 599 1043 679 quia

125 702 195 763 spes
218 690 266 747 est
286 684 381 745 virtus
403 683 513 762 infusa,
530 681 582 765 (ut
599 703 706 761 amnas
719 682 840 754 dicunt)
859 689 937 751 ante
949 701 1045 760 omna

124 767 275 842 meritum,
299 770 331 826 at
351 786 391 827 ex
413 767 482 908 ipsa
502 767 604 846 potius
625 767 811 848 proveniunt
830 766 949 846 merita,
971 764 1045 846 quia

124 850 169 908 sic
188 848 386 928 impleretest
407 868 530 928 pacerc
549 849 617 910 Dec
645 850 711 910 siue
739 848 814 927 fide,
847 854 879 908 ct
904 849 948 908 ita
977 848 1044 909 'sinc

124 951 181 1013 spa
193 937 224 993 et
239 933 375 1010 caritate,
390 933 442 1010 qui
464 938 573 992 autem·
589 951 653 992 nou
675 932 919 1013 placaubpriuss
935 928 1044 991 merita

124 1015 227 1076 lacere
253 1035 317 1075 uon
346 1021 485 1094 possunt
536 1014 695 1092 Secunda,
724 1016 795 1094 quia
822 1015 969 1097 Magister
997 1011 1044 1074 sic

125 1104 173 1159 est
195 1096 376 1175 salvandus,
398 1097 487 1177 dicit,
509 1097 592 1176 quod
614 1100 757 1178 prcveuit
777 1117 818 1158 cx
837 1098 964 1171 maritisr
986 1094 1044 1158 seu

124 1180 220 1242 fertur
239 1182 271 1240 in
291 1181 401 1257 Deum,
421 1181 475 1240 ille
496 1186 599 1240 autem
622 1200 708 1261 spem
728 1183 760 1240 in
782 1181 891 1243 marita
907 1180 1044 1240 collocat

124 1270 158 1324 ut
178 1263 462 1325 infundamcntum
484 1262 630 1341 fiduciae,
650 1265 755 1343 patius
777 1282 931 1343 quam-cx
953 1263 1043 1325 merie

125 1342 173 1406 tis'
185 1346 344 1426 producat.
386 1346 454 1428 Ego
485 1352 587 1406 autem
615 1349 661 1408 sic
686 1367 756 1408 eum
789 1356 922 1424 excuso,
956 1344 1043 1424 quod

124 1428 269 1507 loquatur
290 1429 330 1491 dc
350 1449 407 1511 spe
428 1429 555 1509 praemii
577 1429 720 1490 instantia
737 1437 769 1490 et
786 1430 1044 1510 permultasta'n-

125 1512 258 1573 tationes
280 1512 410 1593 probata
432 1518 464 1572 ct
485 1511 668 1591 certificata,
701 1514 774 1574 licat
802 1512 1045 1593 ipsc'teutatum

123 1595 202 1654 haec
223 1597 332 1655 merita
351 1614 415 1656 non
438 1595 596 1674 aestimet,
629 1597 696 1656 Deo
727 1602 831 1656 tamen
860 1591 1045 1656 aestimante

124 1696 181 1757 per
207 1677 286 1738 haec
313 1683 362 1738 est
390 1678 572 1739 confortata.
615 1678 694 1739 Nam
717 1678 756 1739 de
778 1698 834 1758 spa
854 1677 1045 1739 remissionis

124 1767 322 1839 peccatorum
339 1766 371 1821 ct
385 1761 492 1844 initiali
501 1767 600 1840 atqua
617 1762 719 1822 inlusa
730 1780 794 1822 nou
808 1768 855 1822 est
867 1779 925 1821 uec
940 1766 1046 1840 potest

124 1842 273 1924 intelligi,
302 1860 371 1904 cum
401 1850 545 1924 oporteat
576 1843 759 1906 accedentes
788 1843 926 1921 credere,
949 1840 1044 1922 'quod

124 1925 210 1986 Dans
231 1927 271 1987 sit
293 1932 324 1986 et
343 1933 555 1987 remunerator
575 1928 622 1988 sit.
655 1926 760 2008 igitur,
782 1933 817 1987 ut
838 1927 972 1990 breviter
993 1944 1044 1985 aas

123 2007 303 2088 pedianus,
325 2011 455 2090 primum
477 2009 598 2088 quidem
624 2010 746 2090 oportet
766 2011 949 2090 incipientes
968 2008 1045 2068 mul-

124 2092 163 2151 tis
185 2091 275 2152 bonis
296 2092 440 2172 operibus
463 2109 607 2153 exercere
626 2101 657 2154 et
675 2092 800 2174 amalis
822 2092 976 2153 abstinere
996 2110 1043 2151 ss-

125 2173 256 2235 crudum
279 2174 454 2246 sensibilem
478 2175 644 2253 homiuem,
665 2183 700 2235 ut
718 2182 789 2235 sunt
803 2177 948 2253 ieiunare,
969 2174 1044 2254 vigi·

124 2257 199 2335 lare,
221 2276 320 2336 crare,
344 2257 497 2334 laborare·
517 2260 664 2337 misereri,
687 2260 811 2333 servire,
833 2257 961 2337 obsequi
984 2263 1043 2320 etc.

125 2339 226 2419 Omni,
248 2342 384 2419 iuquam,
406 2339 509 2400 studio
529 2340 608 2402 baec
628 2348 699 2401 sunt
719 2340 894 2422 incipienda
911 2347 947 2400 ct
958 2356 1044 2403 cren

125 2423 258 2484 canda..
287 2423 405 2482 Verum
424 2422 556 2483 ubiiam
586 2425 680 2484 homo
709 2424 830 2484 inillis
857 2424 961 2501 inierit,
994 2422 1045 2482 hic

125 2524 245 2567 summo
276 2504 377 2566 studia
408 2505 596 2587 vigilandum
625 2512 688 2585 est,
721 2507 771 2567 hic
800 2505 919 2587 indiget
945 2506 1043 2586 magia

128 2587 258 2650 doctore
280 2607 370 2668 quam
386 2589 418 2648 in
440 2589 591 2668 principio
613 2590 670 2669 sui,
691 2608 740 2668 ue,
763 2591 841 2650 sicut
857 2590 1045 2671 vitavitacm

126 2670 228 2732 sibilia
248 2672 339 2749 mala,
362 2672 449 2751 peius
468 2671 561 2732 carim
581 2673 611 2732 in
635 2673 819 2753 spiritualia,
854 2672 959 2751 utqui
981 2676 1044 2731 carss

126 2755 174 2813 nis
195 2755 347 2814 luxuriam
370 2754 502 2832 domuit,
525 2754 616 2816 cadat
636 2757 666 2815 in
689 2756 839 2815 luxuriam
863 2755 1046 2834 spiritusst

126 2842 244 2916 septem
266 2844 398 2917 paccata
417 2839 560 2898 mortalia
581 2838 759 2919 spiritualia.
801 2836 860 2897 llic
889 2839 970 2897 enim
993 2835 1045 2896 ds·

127 2918 258 2980 uliuatur
289 2919 330 2980 ad
361 2919 518 2997 dextram,
557 2919 607 2980 hic
636 2926 878 3001 saparant'sese
900 2938 993 2981 veras
1015 2927 1047 2980 st

124 3002 222 3062 falsae
244 3004 393 3080 virtutes,
415 3003 466 3062 hic
485 3002 696 3084 digrediuntur
716 3003 756 3064 ab
774 3004 906 3063 invicem
927 3003 992 3062 veri
1014 3009 1046 3063 at

125 3085 194 3145 salsi
217 3086 350 3147 cultores
373 3087 445 3162 Dei,
475 3086 635 3164 hucusque
661 3088 745 3147 enim
773 3085 881 3147 cadem
903 3085 954 3145 via
976 3102 1045 3167 prc-

127 3175 293 3253 ccssepunt,
316 3174 348 3229 et
370 3168 499 3230 comites
520 3169 641 3229 fuerunt
659 3186 758 3248 usque
777 3169 815 3228 ad
832 3168 907 3228 illud
921 3168 1045 3245 bivium,

127 3251 207 3310 sicut
233 3251 413 3332 publicanus
442 3258 474 3326 cl
494 3251 677 3312 Pharisaeus
708 3251 824 3314 eisdem
847 3251 992 3332 gradibus
1013 3252 1045 3310 in

126 3334 274 3414 templum
296 3333 529 3395 adscenderuut.
580 3335 658 3395 Nam
687 3335 811 3415 superbi
841 3333 960 3412 Sancti,
994 3333 1046 3412 qui

126 3418 171 3477 sic
191 3425 312 3497 ponunt
331 3417 457 3477 limitem
480 3415 555 3476 lucis
579 3436 653 3478 suae
675 3425 706 3477 et
733 3423 955 3494 excaecantur,
992 3435 1045 3476 uo-

129 3508 217 3560 scunt
238 3501 329 3561 aliam
353 3500 432 3558 viam
457 3506 488 3559 ct
509 3500 571 3560 alia
593 3520 702 3582 opera,
730 3500 801 3561 ideo
830 3501 861 3559 iu
891 3500 951 3575 illis
979 3519 1047 3583 per-

125 3588 225 3687 p'ctup'
256 3581 440 3649 manendum
475 3589 584 3664 putant
615 3596 674 3646 nec
702 3590 852 3664 quaerunt
885 3581 1044 3665 proficere.

128 3722 169 3733 9——

183 3732 215 3837 ὁΙ)
235 3772 263 3826 Ρ.
280 3738 480 3843 incubandum,¹
497 3736 662 3842 magistrum
680 3736 894 3828 §camulianum
980 3738 983 3745 Ι
