2356 4200
397 272 434 325 ad
453 271 487 329 D.
506 272 580 327 Frid.
599 273 696 331 arsen.
707 271 773 329 Su,
827 314 830 319 -
986 267 1077 332 425·

130 461 225 522 quam
247 449 313 504 tuto
336 442 448 522 degere
480 443 606 522 possim.
657 442 736 517 Quid
761 442 846 509 enim
873 441 1051 523 -egomiear

131 533 165 587 et
185 526 307 593 humilis
330 527 500 587 monachus
522 544 653 605 sperem,
674 526 737 587 imo
761 525 833 604 quid
851 544 913 586 non
926 526 1049 586 timeam

134 609 338 670 discriminis?
374 608 453 684 Quid
489 627 549 669 non
586 616 717 668 metuam
755 608 896 676 mallan
922 608 1050 677 aemulis

132 692 229 752 meis?
251 711 319 752 cum
343 694 425 768 ne¹)
449 692 682 753 illustrissimam
706 690 829 770 quidem
851 697 933 752 tuam
949 691 1051 752 Domi·

131 777 305 854 nationem,
327 777 467 855 quamvis
488 782 604 836 tantum
626 775 815 854 Principem,
852 781 967 834 tantum
991 775 1050 835 Ro·

131 860 213 918 mani
244 859 366 939 Imperii
395 859 473 919 sacri
496 858 687 936 Electorem,
719 866 836 919 tentum
859 858 1051 927 Christianae

130 942 288 1021 religionis
303 943 462 1018 cultorem,
484 960 545 1003 non
559 941 697 1003 dubitent
720 942 762 1001 ita
775 941 935 1020 insigniter
958 941 1050 1001 offen-

131 1024 225 1101 dere,
242 1032 292 1085 ·ut
323 1025 418 1085 multo
447 1024 575 1089 meliora
607 1026 716 1087 meritc
739 1025 850 1090 minari
880 1023 1050 1101 videantur,

132 1108 238 1168 nescio
268 1127 358 1187 qnam
382 1108 605 1186 calamitatem,
643 1107 700 1167 nisi
728 1125 777 1167 me
806 1107 852 1166 vel
882 1108 910 1165 in
936 1106 1049 1168 Urbem

132 1192 241 1264 mittat,
262 1191 311 1252 vel
333 1210 351 1251 e
374 1192 459 1250 terris
482 1192 544 1251 sois
567 1191 676 1251 eiiciat.

215 1273 419 1367 Quapropter,
441 1294 481 1334 ne
502 1274 723 1335 illustrissimae
745 1279 817 1353 luae
839 1273 1050 1334 Dominationi

131 1356 298 1436 quidquam
322 1372 391 1417 m‘eo
413 1356 539 1416 nomine
559 1350 632 1416 mali
658 1355 759 1435 (quod
774 1356 899 1416 minime
913 1357 1050 1416 omnium
1109 1373 1114 1382 ·

131 1439 242 1517 velim)
266 1439 396 1517 aecidat,
418 1457 493 1501 ecce
514 1440 655 1520 regiones
679 1447 746 1500 tuas
769 1439 928 1519 relinquo,
953 1441 1049 1509 ituras

130 1541 193 1602 quo
218 1523 300 1582 Deus
319 1523 498 1595 ¹misericors
524 1522 670 1599 voluerit,
696 1523 823 1585 eteius
853 1521 975 1582 divinae
998 1541 1050 1582 vo-

131 1606 239 1665 luntati
262 1624 311 1665 me
333 1606 362 1665 in
386 1625 508 1667 omnem
539 1606 741 1686 permissurus
773 1611 926 1667 eventum.
969 1605 1050 1667 Nihil

130 1687 212 1748 enim
235 1690 333 1748 minus
356 1708 484 1768 sequor,
516 1707 607 1767 quam
637 1695 671 1748 ut
692 1688 851 1767 quisquam
876 1687 1048 1749 mortalium

131 1790 201 1830 mea
222 1789 316 1831 cause
340 1773 470 1847 (nedum
491 1771 883 1841 illustrissimabominstio
906 1774 974 1847 tua)
1001 1770 1048 1831 vel

130 1854 162 1913 in
185 1853 342 1929 invidiam,
364 1855 411 1914 vel
433 1855 464 1914 in
487 1840 654 1934 perieulum
678 1853 803 1932 aliquod
826 1852 1005 1916 adducatur.

215 1935 439 2012 Quamobrem,
472 1937 673 1999 illustrissime
694 1936 856 2018 Princeps,
885 1936 1049 2005 illustrissi-

131 2038 219 2079 mam.
235 2027 317 2083 tuam
340 2020 591 2083 Dominationem·
610 2025 786 2082 reverenter
813 2019 930 2096 saluto,
958 2021 1048 2098 eique

128 2101 309 2182 simpliciter
332 2103 481 2183 valedico,
504 2105 618 2183 gratias
631 2103 819 2165 immortales
832 2122 888 2183 pro
905 2101 1047 2167 omnibus

128 2185 194 2245 suis
217 2184 458 2266 beneficiiserga
480 2205 646 2267 mengens.
680 2185 852 2265 Ego-enim,
874 2184 1048 2264 ubicunque

129 2286 183 2327 ero
205 2269 352 2348 gentium,
375 2269 595 2331 illustrissimae
619 2269 844 2335 Dominationis
874 2278 945 2330 tuae
968 2288 1046 2329 nun-

129 2367 221 2428 quam
245 2370 306 2412 non
339 2370 392 2412 ero
415 2371 548 2429 metor,
577 2352 694 2418 futurus
717 2371 837 2432 semper
859 2351 995 2412 sincerus
1017 2357 1048 2412 et

128 2440 234 2511 gratus
258 2452 313 2514 pro
336 2442 388 2495 tua
409 2443 439 2495 et
460 2442 581 2496 tuorum
599 2435 742 2497 felicitate
765 2441 916 2516 precator.

134 2552 157 2561 ·-
210 2517 325 2594 Porro,
354 2519 436 2596 quod
466 2518 508 2579 ait
528 2517 799 2582 reverendissimus
821 2518 971 2579 Dominus
994 2517 1047 2577 Le-

128 2605 229 2678 gatos,
250 2600 450 2662 reverendum
472 2601 592 2663 Patrem
614 2601 769 2667 vinarium
803 2600 918 2665 abiisse
935 2600 1047 2665 inadt-

112 2690 195 2745 ¹toto
216 2683 356 2762 bospite,
386 2683 458 2762 quid
490 2684 551 2747 boc
577 2684 616 2744 ad
644 2684 877 2748 illustrissimam
901 2683 1046 2745 Domina·
1153 2696 1157 2701 ·

129 2765 245 2826 tionem
267 2766 372 2826 tuam?
400 2767 539 2829 Vicarius
571 2786 632 2828 non
656 2778 722 2832 erat
742 2777 887 2845 vocatus,
908 2765 984 2826 nihil
1004 2766 1046 2827 ad

128 2866 199 2910 eum
223 2864 317 2909 eausa
329 2850 724 2930 ista-pertinebatpoterat
744 2853 799 2927 irs,
820 2849 930 2928 redire,
950 2847 1046 2927 abire,

129 2932 235 2991 venire
255 2933 340 2992 omni
354 2992 357 2996 ,
371 2931 447 2995 hors
466 2940 503 2995 ut
523 2933 629 2996 voluit.
671 2937 719 2996 An
743 2935 835 2995 etism
858 2937 962 3013 portat
984 2933 1045 2997 Au·

112 3022 239 3092 gnatae
259 3014 499 3093 ingredientibus
527 3023 558 3076 et
585 3017 823 3094 egredientibua-
842 3022 968 3096 propter
997 3034 1046 3076 me

128 3095 230 3156 claudi
253 3096 436 3177 oportebat?
459 3097 518 3159 Sed
541 3099 644 3179 timeo,
666 3100 750 3181 qnod
766 3098 1046 3177 undecunque-cnr·

128 3179 256 3239 rodatur
276 3190 308 3241 et
329 3188 493 3260 quaeratur
513 3199 609 3241 cauea
630 3191 741 3263 contra
756 3202 823 3249 mc,
841 3181 980 3248 Nereae
1000 3185 1047 3249 eet
1162 3218 1165 3222 ·

124 3262 210 3404 epim
233 3263 340 3340 quaeri·
352 3282 477 3326 causam
500 3263 540 3325 ab
561 3281 610 3344 eo,
632 3268 689 3348 qui
705 3265 772 3327 vult
782 3263 896 3330 babere
908 3281 1045 3341 calisam,

128 3363 148 3403 u
171 3363 180 3402 l
201 3344 768 3511 1bne}llwlabarwregtn3:212?uilllustrissima
783 3430 965 3497 Dominatio
988 3393 1046 3491 ’tua

107 3509 352 3572 -rerbosissimis
381 3514 470 3594 nugis
506 3513 590 3573 meis.
644 3515 717 3596 Ego
741 3514 847 3577 adhuc
868 3515 967 3594 gratia
987 3512 1046 3575 Dei

126 3592 251 3672 pudeo
268 3600 299 3654 et
319 3596 432 3674 gratim
451 3615 544 3676 agop-
561 3598 803 3675 quodGbristus
826 3598 882 3659 Dei
913 3595 998 3685 filius,
1013 3598 1045 3659 in

107 3794 113 3805 .
183 3759 260 3825 ¹)'In
277 3728 608 3819 adiandsssbness
806 3828 822 3837 ..
861 3736 891 3828 ln
931 3724 1019 3831 :dr-tlt
