2356 4200
442 299 468 339 ι.
491 284 558 341 rara
575 281 672 339 utura
951 274 1012 346 153

88 454 111 513 i.
134 472 161 514 e.
185 451 299 514 deliota
319 453 456 533 occulta,
477 453 557 515 idem
581 453 661 513 enim
685 450 810 513 verbum
825 450 856 511 iu
869 448 1011 513 Hebraeo

89 538 280 598 iuventutem
305 546 335 598 et
351 537 534 611 abscondita
549 535 723 619 signifieat,
757 535 874 605 soiliaet
895 533 1011 594 Almut.

171 621 240 680 lam
264 627 337 681 tuno
353 620 498 700 seqnitur,
522 618 678 700 quomodo
702 620 741 679 sit
763 637 824 679 vox
847 617 1011 696 etquidem

88 703 273 765 clamantis?
317 703 485 767 Clamantis
507 711 610 764 autem
637 703 704 779 hia,
732 701 859 779 seilicet,
890 699 1011 781 dirigite

88 787 170 845 viam
194 786 334 864 Domini,
363 788 450 865 quasi
472 787 606 859 diceret,
636 787 735 866 legem
757 784 834 860 Dei,
863 789 1013 862 quaeest

88 869 142 928 via
163 869 234 944 Dei,
257 876 291 930 ut
313 876 399 950 patet
419 871 468 932 Ps.
492 871 562 947 118,
584 870 696 930 vitiose
719 867 847 949 dirigitis
870 885 937 942 vos,
961 866 1012 945 qui

89 953 225 1012 curvatis
249 961 281 1013 et
302 951 476 1033 depravatis
497 952 600 1034 legem
621 971 676 1033 per
698 950 848 1013 literalem
872 968 1010 1011 sensum:

89 1032 259 1096 rectilieate
282 1053 350 1096 eam
372 1054 429 1117 per
451 1035 638 1116 spiritualem
660 1035 904 1117 intelligentiam,
923 1032 1013 1093 utsio

90 1115 167 1177 fiant
187 1136 284 1199 prava
306 1117 423 1179 directa
446 1125 477 1180 et
498 1138 608 1201 aspera
628 1118 658 1177 in
686 1119 752 1177 vias
778 1117 898 1198 planas.
942 1114 1011 1177 Vie-

88 1218 155 1260 rum
178 1200 229 1260 hia
251 1220 330 1262 voae
353 1209 384 1262 et
409 1202 546 1263 elamore
568 1221 646 1282 opus
669 1206 731 1277 est,
758 1198 910 1281 profunde
941 1214 1011 1259 enm

89 1283 259 1361 dormiunt,
299 1291 332 1345 ut
363 1287 547 1346 suscitentur
580 1284 618 1345 ad
652 1284 733 1344 hano
766 1281 1011 1363 intelligentiam.

89 1364 159 1441 Quo
182 1373 286 1427 autem
308 1368 425 1449 paolo?
444 1369 469 1428 si
493 1367 617 1443 dixeris,
641 1364 798 1446 quomode
822 1385 895 1447 ergo
908 1365 1011 1426 ambu-

88 1447 161 1509 labo
184 1456 217 1510 et
237 1449 385 1531 implebo,
408 1452 433 1512 si
456 1459 518 1511 tam
540 1456 625 1511 areta
642 1450 693 1508 via
716 1449 772 1509 Dei
791 1454 822 1508 et
841 1450 906 1509 eius
924 1446 1011 1508 reati·

88 1531 164 1592 tudo
189 1532 280 1592 etiarn
304 1552 401 1614 usque
422 1533 460 1594 ad
482 1533 682 1595 novissimum
697 1528 813 1593 motum
830 1529 1011 1613 perpendat,

88 1615 268 1694 respondet,
290 1634 363 1676 ease
385 1616 503 1678 medius
525 1623 659 1678 vestrum
672 1621 742 1688 stat,
765 1616 832 1695 ipse
843 1612 1012 1695 baptizabit

87 1709 153 1757 vas
173 1698 261 1778 igne,
289 1699 358 1778 ipse
388 1701 445 1761 erit
469 1700 611 1768 verbum,
628 1699 729 1759 ¹euius
758 1716 817 1779 ego
845 1717 910 1757 sum
939 1714 1011 1775 vox,

88 1780 155 1920 ipse
176 1779 303 1841 verbum
328 1781 446 1843 scilieet
473 1780 702 1858 absconditum,
731 1779 813 1860 quod
842 1780 923 1841 intus
953 1798 1011 1841 vos

110 1861 213 1923 oeebit
232 1869 263 1923 et
282 1863 385 1942 faciet,
407 1865 535 1926 verbum
558 1865 639 1925 enim
653 1865 710 1933 Dei
733 1864 930 1942 omnipotens
954 1868 1011 1941 est,

89 1940 193 2005 omnia
215 1944 318 2008 faeiat.
362 1946 422 2009 sed
438 1948 498 2008 heu
512 1948 648 2026 nescitis,
661 1945 768 2025 inquit,
783 1965 874 2025 quam
887 1944 1010 2026 superbi

88 2037 120 2086 et
141 2027 288 2109 religiosi,
312 2030 383 2111 quia
406 2032 456 2109 qni
477 2031 562 2090 missi
584 2030 715 2105 inerunt,
737 2029 844 2108 inquit,
867 2036 954 2088 erant
970 2048 1010 2089 ex

87 2110 261 2172 Pharisaeis
291 2112 468 2174 sacerdotes
498 2120 529 2174 et
554 2114 676 2173 levitae.
734 2110 801 2174 lloo
830 2118 877 2170 est
911 2130 1009 2191 genus

87 2192 246 2253 hominum
280 2194 381 2276 legem
421 2196 479 2257 Dei
513 2196 744 2276 depravantium
782 2195 873 2254 etiam
913 2213 1010 2273 usque

87 2275 190 2337 hodie.
235 2277 313 2338 Vide
343 2279 423 2340 enim
458 2278 615 2358 quomodo
648 2277 843 2338 blandiuntur
875 2276 1009 2337 iohanni

88 2364 119 2417 et
147 2358 330 2421 insidiantur
353 2363 399 2438 ei,
428 2370 462 2422 ut
490 2362 528 2421 ad
557 2380 591 2422 se
618 2361 717 2441 ipsum
747 2360 878 2420 trahant.
921 2358 1010 2421 Talia

87 2440 174 2500 multi
197 2441 321 2511 faciunt
344 2446 395 2526 qui
419 2453 450 2505 et
472 2443 565 2505 modo
588 2442 841 2523 eaputJohannis
865 2462 932 2502 oum
950 2441 1008 2503 He-

87 2523 163 2584 rode
187 2533 356 2604 amputant,
381 2534 414 2587 ut
436 2527 532 2588 libera
554 2529 595 2587 sit
616 2527 760 2586 meretrix
782 2527 885 2587 anima
903 2531 934 2585 et
946 2524 1010 2586 lilia

87 2607 153 2666 eius
183 2607 301 2669 lasciva
330 2608 425 2671 libido
457 2629 524 2669 oum
553 2609 697 2690 operibus
719 2614 750 2669 et
771 2606 905 2670 motibus
928 2608 1007 2668 eius:

87 2690 135 2747 oui
157 2688 317 2750 lohannes
339 2693 358 2754 i.
384 2712 410 2754 e.
426 2692 593 2773 spiritualis
608 2692 660 2751 lex
675 2691 809 2768 resistit,
831 2691 1008 2770 quidiount,

86 2790 149 2832 non
173 2782 244 2832 sunt
264 2788 434 2856 praecepta
457 2775 538 2853 duta,
555 2781 595 2845 vut
615 2794 746 2837 neeesse
768 2775 808 2834 sit
828 2794 866 2834 ea
877 2774 1008 2854 impleri,

85 2853 141 2914 sed
164 2860 197 2914 ut
218 2864 301 2916 meta
324 2857 454 2939 signata,
476 2856 632 2937 quomodo
648 2858 759 2938 aorrigi
772 2857 867 2917 homo
886 2857 1007 2918 debeat.

84 2936 136 3018 Sia
158 2944 189 2996 et
210 2938 244 2998 Β,
288 2938 493 3022 Hieronymus
514 2941 704 3020 intelligitur,
728 2940 809 3018 quod
832 2939 1007 3020 Religiosus

85 3038 147 3080 non
171 3026 293 3081 tenetur
314 3022 352 3083 ad
376 3042 445 3084 esse
472 3026 502 3083 in
531 3029 611 3083 statu
640 3024 853 3102 perfeetioniS,
886 3022 940 3082 sed
967 3020 1006 3082 ad

84 3101 213 3162 tendere
240 3106 270 3163 in
300 3107 439 3169 eandem.
493 3105 596 3184 Atque
624 3114 658 3165 ut
677 3105 836 3165 materiam
859 3112 941 3165 reete
963 3105 1007 3165 in·

84 3184 254 3264 telligeret,
276 3194 387 3248 terum
417 3187 540 3268 quidem
575 3195 639 3260 est,
670 3187 752 3268 quod
783 3206 845 3248 non
868 3186 907 3246 ad
928 3204 1007 3265 esee,

83 3266 137 3326 sed
161 3267 200 3326 ad
223 3268 288 3329 fieri
310 3273 478 3350 perfeetum
501 3279 655 3348 tenemur,
685 3270 740 3331 sub
764 3289 867 3350 poena
888 3270 1007 3350 peooati

84 3350 239 3424 mortalis,
262 3360 294 3413 at
314 3354 359 3414 illi
383 3373 490 3415 secure.
512 3355 716 3415 intermittunt
737 3359 899 3430 conatum,
933 3355 1006 3413 satis

84 3430 234 3510 arbitrati,
259 3436 283 3493 si
302 3438 472 3498 novissimo
492 3437 573 3497 vitae
586 3441 745 3497 momento
762 3436 878 3496 inventi
895 3434 1008 3496 fuerint

83 3515 113 3573 in
144 3515 302 3577 tendentia
333 3519 372 3580 ad
401 3520 578 3600 perfeetum.
618 3518 698 3599 ¹Hoe
721 3519 825 3597 utique
847 3525 895 3577 est
916 3523 1008 3598 eaput

82 3596 234 3658 iohannis
252 3601 371 3662 auferre
384 3608 415 3663 et
427 3601 568 3663 oooidere
583 3603 614 3661 in
628 3600 750 3663 occulto
764 3609 795 3661 et
807 3604 930 3661 earcere
944 3602 963 3662 i.
978 3619 1005 3662 e.

82 3678 199 3740 latente
216 3682 295 3743 falso
310 3684 476 3748 intellectu.
505 3686 544 3746 Hi
558 3692 628 3746 suut
640 3687 743 3764 itaque
755 3684 921 3762 Pharisaei,
936 3684 1005 3744 iusti

82 3770 113 3823 et
134 3765 324 3847 sacerdotes,
347 3771 397 3849 qui
420 3777 452 3830 et
472 3769 551 3831 alios
572 3774 774 3849 praesumunt
794 3766 974 3831 iustilieare.
