<?xml version="1.0" encoding="UTF-8"?>
<!DOCTYPE html PUBLIC "-//W3C//DTD XHTML 1.0 Transitional//EN"
    "http://www.w3.org/TR/xhtml1/DTD/xhtml1-transitional.dtd">
<html xmlns="http://www.w3.org/1999/xhtml" xml:lang="en" lang="en">
 <head>
  <title>
</title>
<meta http-equiv="Content-Type" content="text/html;charset=utf-8" />
  <meta name='ocr-system' content='tesseract 3.04.00' />
  <meta name='ocr-capabilities' content='ocr_page ocr_carea ocr_par ocr_line ocrx_word'/>
</head>
<body>
  <div class='ocr_page' id='page_1' title='image "./dmartinilutheri01luthgoog_0836.png"; bbox 0 0 2356 4200; ppageno 0'>
   <div class='ocr_carea' id='block_1_1' title="bbox 278 280 1046 369">
    <p class='ocr_par' dir='ltr' id='par_1_1' title="bbox 278 280 1046 369">
     <span class='ocr_line' id='line_1_1' title="bbox 278 280 1046 369; baseline -0.003 -16"><span class='ocrx_word' id='word_1_1' title='bbox 278 299 452 369; x_wconf 68' lang='lat' dir='ltr'>sparena.</span> <span class='ocrx_word' id='word_1_2' title='bbox 472 298 499 352; x_wconf 88' lang='lat' dir='ltr'>s.</span> <span class='ocrx_word' id='word_1_3' title='bbox 518 298 590 351; x_wconf 74' lang='lat' dir='ltr'>srxu</span> <span class='ocrx_word' id='word_1_4' title='bbox 610 280 870 368; x_wconf 56' lang='grc' dir='ltr'>ιιιιιιίιοιιῡιιι.</span> <span class='ocrx_word' id='word_1_5' title='bbox 985 294 1046 361; x_wconf 77' lang='lat'>373</span> 
     </span>
    </p>
   </div>
   <div class='ocr_carea' id='block_1_2' title="bbox 123 454 1089 1712">
    <p class='ocr_par' dir='ltr' id='par_1_2' title="bbox 123 454 1047 1212">
     <span class='ocr_line' id='line_1_2' title="bbox 124 454 1046 549; baseline -0.002 -20"><span class='ocrx_word' id='word_1_6' title='bbox 124 468 311 529; x_wconf 85' lang='lat' dir='ltr'>baeretiourn</span> <span class='ocrx_word' id='word_1_7' title='bbox 334 466 500 528; x_wconf 81' lang='lat' dir='ltr'>invalidum</span> <span class='ocrx_word' id='word_1_8' title='bbox 532 454 736 549; x_wconf 83' lang='lat' dir='ltr'>praesidium,</span> <span class='ocrx_word' id='word_1_9' title='bbox 772 466 897 546; x_wconf 82' lang='lat' dir='ltr'>deinde,</span> <span class='ocrx_word' id='word_1_10' title='bbox 929 467 1046 548; x_wconf 85' lang='lat' dir='ltr'>siquis</span> 
     </span>
     <span class='ocr_line' id='line_1_3' title="bbox 126 549 1049 633; baseline 0 -22"><span class='ocrx_word' id='word_1_11' title='bbox 126 551 255 628; x_wconf 75' lang='lat' dir='ltr'>(linerat,</span> <span class='ocrx_word' id='word_1_12' title='bbox 288 558 378 632; x_wconf 88' lang='lat' dir='ltr'>turpe</span> <span class='ocrx_word' id='word_1_13' title='bbox 400 561 488 629; x_wconf 83' lang='lat' dir='ltr'>estse,</span> <span class='ocrx_word' id='word_1_14' title='bbox 505 551 678 633; x_wconf 85' lang='lat' dir='ltr'>prinoipem</span> <span class='ocrx_word' id='word_1_15' title='bbox 701 551 785 630; x_wconf 88' lang='lat' dir='ltr'>loqui</span> <span class='ocrx_word' id='word_1_16' title='bbox 806 550 873 611; x_wconf 87' lang='lat' dir='ltr'>sine</span> <span class='ocrx_word' id='word_1_17' title='bbox 895 549 979 630; x_wconf 83' lang='lat' dir='ltr'>lege,</span> <span class='ocrx_word' id='word_1_18' title='bbox 1015 552 1049 615; x_wconf 73' lang='lat' dir='ltr'>et</span> 
     </span>
     <span class='ocr_line' id='line_1_4' title="bbox 124 632 1046 714; baseline -0.002 -20"><span class='ocrx_word' id='word_1_19' title='bbox 124 636 211 694; x_wconf 79' lang='lat' dir='ltr'>iuxta</span> <span class='ocrx_word' id='word_1_20' title='bbox 223 633 414 710; x_wconf 86' lang='lat' dir='ltr'>Zaobariam,</span> <span class='ocrx_word' id='word_1_21' title='bbox 436 652 498 695; x_wconf 88' lang='lat' dir='ltr'>non</span> <span class='ocrx_word' id='word_1_22' title='bbox 520 634 613 694; x_wconf 84' lang='lat' dir='ltr'>verba</span> <span class='ocrx_word' id='word_1_23' title='bbox 636 634 777 714; x_wconf 84' lang='lat' dir='ltr'>bominis,</span> <span class='ocrx_word' id='word_1_24' title='bbox 800 633 853 694; x_wconf 83' lang='lat' dir='ltr'>sed</span> <span class='ocrx_word' id='word_1_25' title='bbox 874 634 903 693; x_wconf 91' lang='lat' dir='ltr'>le</span> <span class='ocrx_word' id='word_1_26' title='bbox 926 650 974 692; x_wconf 91' lang='lat' dir='ltr'>em</span> <span class='ocrx_word' id='word_1_27' title='bbox 988 632 1046 692; x_wconf 87' lang='lat' dir='ltr'>Dei</span> 
     </span>
     <span class='ocr_line' id='line_1_5' title="bbox 123 652 1047 813; baseline -0.002 -35"><span class='ocrx_word' id='word_1_28' title='bbox 123 715 337 813; x_wconf 86' lang='lat' dir='ltr'>requirendam</span> <span class='ocrx_word' id='word_1_29' title='bbox 361 735 401 776; x_wconf 87' lang='lat' dir='ltr'>ex</span> <span class='ocrx_word' id='word_1_30' title='bbox 424 735 478 776; x_wconf 92' lang='lat' dir='ltr'>ore</span> <span class='ocrx_word' id='word_1_31' title='bbox 499 717 685 794; x_wconf 77' lang='lat' dir='ltr'>sacerdotis,</span> <span class='ocrx_word' id='word_1_32' title='bbox 719 717 806 794; x_wconf 88' lang='lat' dir='ltr'>item,</span> <span class='ocrx_word' id='word_1_33' title='bbox 839 652 934 813; x_wconf 39' lang='lat' dir='ltr'>quoi.</span> <span class='ocrx_word' id='word_1_34' title='bbox 953 714 1047 783; x_wconf 82' lang='lat' dir='ltr'>verbu</span> 
     </span>
     <span class='ocr_line' id='line_1_6' title="bbox 124 797 1046 896; baseline -0.003 -34"><span class='ocrx_word' id='word_1_35' title='bbox 124 801 294 896; x_wconf 69' lang='lat' dir='ltr'>sumpturae</span> <span class='ocrx_word' id='word_1_36' title='bbox 315 800 452 878; x_wconf 81' lang='lat' dir='ltr'>torquet,</span> <span class='ocrx_word' id='word_1_37' title='bbox 486 807 516 859; x_wconf 88' lang='lat' dir='ltr'>et</span> <span class='ocrx_word' id='word_1_38' title='bbox 543 801 574 858; x_wconf 93' lang='lat' dir='ltr'>in</span> <span class='ocrx_word' id='word_1_39' title='bbox 604 799 737 860; x_wconf 89' lang='lat' dir='ltr'>alienum</span> <span class='ocrx_word' id='word_1_40' title='bbox 760 818 883 867; x_wconf 84' lang='lat' dir='ltr'>sensnm</span> <span class='ocrx_word' id='word_1_41' title='bbox 906 799 950 860; x_wconf 88' lang='lat' dir='ltr'>eia</span> <span class='ocrx_word' id='word_1_42' title='bbox 963 797 1046 859; x_wconf 83' lang='grc' dir='ltr'>ιιιιιι·</span> 
     </span>
     <span class='ocr_line' id='line_1_7' title="bbox 124 878 1046 962; baseline -0.003 -18"><span class='ocrx_word' id='word_1_43' title='bbox 124 884 206 957; x_wconf 79' lang='grc' dir='ltr'>ιιιιιι,</span> <span class='ocrx_word' id='word_1_44' title='bbox 228 898 300 942; x_wconf 80' lang='lat' dir='ltr'>num</span> <span class='ocrx_word' id='word_1_45' title='bbox 323 900 402 962; x_wconf 84' lang='lat' dir='ltr'>quae</span> <span class='ocrx_word' id='word_1_46' title='bbox 420 882 458 942; x_wconf 89' lang='lat' dir='ltr'>de</span> <span class='ocrx_word' id='word_1_47' title='bbox 482 883 778 962; x_wconf 80' lang='lat' dir='ltr'>gratiaiuatiiieante</span> <span class='ocrx_word' id='word_1_48' title='bbox 790 878 881 942; x_wconf 86' lang='lat' dir='ltr'>dieta</span> <span class='ocrx_word' id='word_1_49' title='bbox 904 889 982 960; x_wconf 90' lang='lat' dir='ltr'>sunt,</span> <span class='ocrx_word' id='word_1_50' title='bbox 1006 879 1046 941; x_wconf 86' lang='lat' dir='ltr'>ad</span> 
     </span>
     <span class='ocr_line' id='line_1_8' title="bbox 123 964 1047 1062; baseline -0.002 -36"><span class='ocrx_word' id='word_1_51' title='bbox 123 966 333 1062; x_wconf 75' lang='lat' dir='ltr'>indulgentias</span> <span class='ocrx_word' id='word_1_52' title='bbox 353 965 453 1047; x_wconf 86' lang='lat' dir='ltr'>trabit,</span> <span class='ocrx_word' id='word_1_53' title='bbox 475 983 537 1053; x_wconf 86' lang='lat' dir='ltr'>quo</span> <span class='ocrx_word' id='word_1_54' title='bbox 561 964 721 1026; x_wconf 88' lang='lat' dir='ltr'>videbatur</span> <span class='ocrx_word' id='word_1_55' title='bbox 738 966 836 1047; x_wconf 86' lang='lat' dir='ltr'>magis</span> <span class='ocrx_word' id='word_1_56' title='bbox 858 985 983 1026; x_wconf 88' lang='lat' dir='ltr'>narrare</span> <span class='ocrx_word' id='word_1_57' title='bbox 1016 969 1047 1024; x_wconf 87' lang='lat' dir='ltr'>et</span> 
     </span>
     <span class='ocr_line' id='line_1_9' title="bbox 124 1011 1046 1144; baseline -0.001 -35"><span class='ocrx_word' id='word_1_58' title='bbox 124 1050 224 1128; x_wconf 83' lang='lat' dir='ltr'>magis</span> <span class='ocrx_word' id='word_1_59' title='bbox 249 1049 397 1144; x_wconf 87' lang='lat' dir='ltr'>opinione</span> <span class='ocrx_word' id='word_1_60' title='bbox 418 1011 551 1129; x_wconf 83' lang='lat' dir='ltr'>quadarn</span> <span class='ocrx_word' id='word_1_61' title='bbox 574 1050 626 1129; x_wconf 91' lang='lat' dir='ltr'>pia</span> <span class='ocrx_word' id='word_1_62' title='bbox 643 1049 809 1141; x_wconf 85' lang='lat' dir='ltr'>exhortari,</span> <span class='ocrx_word' id='word_1_63' title='bbox 832 1067 923 1129; x_wconf 90' lang='lat' dir='ltr'>quam</span> <span class='ocrx_word' id='word_1_64' title='bbox 947 1013 1046 1109; x_wconf 85' lang='lat' dir='ltr'>solida</span> 
     </span>
     <span class='ocr_line' id='line_1_10' title="bbox 125 1124 1028 1212; baseline -0.001 -20"><span class='ocrx_word' id='word_1_65' title='bbox 125 1124 324 1192; x_wconf 78' lang='lat' dir='ltr'>demonstrat</span> <span class='ocrx_word' id='word_1_66' title='bbox 304 1140 388 1190; x_wconf 88' lang='lat' dir='ltr'>trone</span> <span class='ocrx_word' id='word_1_67' title='bbox 410 1132 523 1210; x_wconf 90' lang='lat' dir='ltr'>aliquid</span> <span class='ocrx_word' id='word_1_68' title='bbox 544 1130 686 1212; x_wconf 89' lang='lat' dir='ltr'>probare,</span> <span class='ocrx_word' id='word_1_69' title='bbox 1020 1142 1028 1165; x_wconf 79' lang='lat'>¹</span> 
     </span>
    </p>

    <p class='ocr_par' dir='ltr' id='par_1_3' title="bbox 124 1210 1089 1712">
     <span class='ocr_line' id='line_1_11' title="bbox 209 1210 1089 1297; baseline 0.002 -24"><span class='ocrx_word' id='word_1_70' title='bbox 209 1213 353 1274; x_wconf 82' lang='lat' dir='ltr'>Vexabat</span> <span class='ocrx_word' id='word_1_71' title='bbox 374 1215 483 1294; x_wconf 87' lang='lat' dir='ltr'>etiam,</span> <span class='ocrx_word' id='word_1_72' title='bbox 514 1214 597 1293; x_wconf 92' lang='lat' dir='ltr'>quod</span> <span class='ocrx_word' id='word_1_73' title='bbox 619 1213 684 1274; x_wconf 89' lang='lat' dir='ltr'>fieri</span> <span class='ocrx_word' id='word_1_74' title='bbox 706 1232 799 1297; x_wconf 89' lang='lat' dir='ltr'>posse</span> <span class='ocrx_word' id='word_1_75' title='bbox 822 1219 958 1290; x_wconf 80' lang='lat' dir='ltr'>onustat,</span> <span class='ocrx_word' id='word_1_76' title='bbox 987 1210 1048 1275; x_wconf 87' lang='lat' dir='ltr'>De·</span> <span class='ocrx_word' id='word_1_77' title='bbox 1086 1282 1089 1287; x_wconf 58' lang='grc'>,</span> 
     </span>
     <span class='ocr_line' id='line_1_12' title="bbox 126 1294 1047 1377; baseline -0.004 -18"><span class='ocrx_word' id='word_1_78' title='bbox 126 1297 256 1359; x_wconf 77' lang='grc' dir='ltr'>αιιιιιιιιιι</span> <span class='ocrx_word' id='word_1_79' title='bbox 278 1296 445 1377; x_wconf 90' lang='lat' dir='ltr'>aliquando</span> <span class='ocrx_word' id='word_1_80' title='bbox 468 1312 612 1357; x_wconf 87' lang='lat' dir='ltr'>erroneas</span> <span class='ocrx_word' id='word_1_81' title='bbox 635 1316 721 1375; x_wconf 87' lang='lat' dir='ltr'>esse,</span> <span class='ocrx_word' id='word_1_82' title='bbox 755 1305 785 1357; x_wconf 90' lang='lat' dir='ltr'>et</span> <span class='ocrx_word' id='word_1_83' title='bbox 813 1294 921 1358; x_wconf 81' lang='lat' dir='ltr'>uont&#39;r&#39;a</span> <span class='ocrx_word' id='word_1_84' title='bbox 942 1313 1047 1359; x_wconf 80' lang='lat' dir='ltr'>sacrae</span> 
     </span>
     <span class='ocr_line' id='line_1_13' title="bbox 124 1374 1046 1442; baseline -0.003 -1"><span class='ocrx_word' id='word_1_85' title='bbox 124 1374 229 1441; x_wconf 79' lang='lat' dir='ltr'>literas</span> <span class='ocrx_word' id='word_1_86' title='bbox 252 1387 282 1440; x_wconf 88' lang='lat' dir='ltr'>at</span> <span class='ocrx_word' id='word_1_87' title='bbox 303 1380 460 1440; x_wconf 79' lang='lat' dir='ltr'>&lt;raritatem</span> <span class='ocrx_word' id='word_1_88' title='bbox 485 1379 624 1442; x_wconf 87' lang='lat' dir='ltr'>militare.</span> <span class='ocrx_word' id='word_1_89' title='bbox 675 1379 754 1440; x_wconf 81' lang='lat' dir='ltr'>Nam</span> <span class='ocrx_word' id='word_1_90' title='bbox 778 1380 859 1440; x_wconf 86' lang='lat' dir='ltr'>lioet&#39;</span> <span class='ocrx_word' id='word_1_91' title='bbox 869 1374 1046 1440; x_wconf 80' lang='lat' dir='ltr'>Deeretalea</span> 
     </span>
     <span class='ocr_line' id='line_1_14' title="bbox 125 1456 1049 1553; baseline -0.003 -28"><span class='ocrx_word' id='word_1_92' title='bbox 125 1464 215 1525; x_wconf 83' lang='lat' dir='ltr'>Ro&#39;rn</span> <span class='ocrx_word' id='word_1_93' title='bbox 237 1462 355 1543; x_wconf 82' lang='lat' dir='ltr'>pontiti.</span> <span class='ocrx_word' id='word_1_94' title='bbox 377 1472 522 1542; x_wconf 81' lang='lat' dir='ltr'>tanquam</span> <span class='ocrx_word' id='word_1_95' title='bbox 544 1468 663 1523; x_wconf 82' lang='lat' dir='ltr'>vocem</span> <span class='ocrx_word' id='word_1_96' title='bbox 686 1463 765 1553; x_wconf 80' lang='lat' dir='ltr'>Petri</span> <span class='ocrx_word' id='word_1_97' title='bbox 789 1456 919 1544; x_wconf 76' lang='lat' dir='ltr'>oportet</span> <span class='ocrx_word' id='word_1_98' title='bbox 932 1458 1049 1538; x_wconf 89' lang='lat' dir='ltr'>audire,</span> 
     </span>
     <span class='ocr_line' id='line_1_15' title="bbox 125 1542 1047 1629; baseline -0.003 -21"><span class='ocrx_word' id='word_1_99' title='bbox 125 1553 167 1608; x_wconf 84' lang='lat' dir='ltr'>ut</span> <span class='ocrx_word' id='word_1_100' title='bbox 182 1544 290 1606; x_wconf 83' lang='lat' dir='ltr'>dieitur</span> <span class='ocrx_word' id='word_1_101' title='bbox 311 1544 377 1605; x_wconf 88' lang='lat' dir='ltr'>dist.</span> <span class='ocrx_word' id='word_1_102' title='bbox 403 1547 459 1623; x_wconf 86' lang='grc'>19,</span> <span class='ocrx_word' id='word_1_103' title='bbox 481 1552 583 1606; x_wconf 86' lang='lat' dir='ltr'>tamen</span> <span class='ocrx_word' id='word_1_104' title='bbox 605 1545 696 1606; x_wconf 88' lang='lat' dir='ltr'>boe</span> <span class='ocrx_word' id='word_1_105' title='bbox 687 1542 788 1626; x_wconf 86' lang='lat' dir='ltr'>rps&#39;um</span> <span class='ocrx_word' id='word_1_106' title='bbox 809 1545 987 1629; x_wconf 74' lang='lat' dir='ltr'><strong>intelligitur</strong></span> <span class='ocrx_word' id='word_1_107' title='bbox 1009 1543 1047 1605; x_wconf 82' lang='lat' dir='ltr'>de</span> 
     </span>
     <span class='ocr_line' id='line_1_16' title="bbox 124 1591 1048 1712; baseline -0.003 -22"><span class='ocrx_word' id='word_1_108' title='bbox 124 1631 163 1690; x_wconf 84' lang='lat' dir='ltr'>ila</span> <span class='ocrx_word' id='word_1_109' title='bbox 185 1629 285 1690; x_wconf 85' lang='lat' dir='ltr'>solnm</span> <span class='ocrx_word' id='word_1_110' title='bbox 307 1630 359 1707; x_wconf 82' lang='lat' dir='ltr'>(ut</span> <span class='ocrx_word' id='word_1_111' title='bbox 382 1591 493 1689; x_wconf 75' lang='lat' dir='ltr'>dieiiur</span> <span class='ocrx_word' id='word_1_112' title='bbox 512 1626 665 1712; x_wconf 82' lang='lat' dir='ltr'><strong>ibidem),</strong></span> <span class='ocrx_word' id='word_1_113' title='bbox 688 1646 768 1708; x_wconf 87' lang='lat' dir='ltr'>quae</span> <span class='ocrx_word' id='word_1_114' title='bbox 796 1646 955 1689; x_wconf 74' lang='lat' dir='ltr'>consonae</span> <span class='ocrx_word' id='word_1_115' title='bbox 977 1634 1048 1688; x_wconf 89' lang='lat' dir='ltr'>sunt</span> 
     </span>
    </p>
   </div>
   <div class='ocr_carea' id='block_1_3' title="bbox 125 1709 1153 1793">
    <p class='ocr_par' dir='ltr' id='par_1_4' title="bbox 125 1709 1153 1793">
     <span class='ocr_line' id='line_1_17' title="bbox 125 1709 1153 1793; baseline -0.001 -21"><span class='ocrx_word' id='word_1_116' title='bbox 125 1730 236 1772; x_wconf 75' lang='lat' dir='ltr'>saurae</span> <span class='ocrx_word' id='word_1_117' title='bbox 254 1713 442 1792; x_wconf 81' lang='lat' dir='ltr'>seripturae,</span> <span class='ocrx_word' id='word_1_118' title='bbox 480 1719 551 1772; x_wconf 90' lang='lat' dir='ltr'>eta</span> <span class='ocrx_word' id='word_1_119' title='bbox 579 1709 754 1792; x_wconf 78' lang='lat' dir='ltr'><strong>prioribus</strong></span> <span class='ocrx_word' id='word_1_120' title='bbox 765 1718 887 1793; x_wconf 88' lang='lat' dir='ltr'>patrum</span> <span class='ocrx_word' id='word_1_121' title='bbox 917 1709 1048 1773; x_wconf 78' lang='lat' dir='ltr'>decretis</span> <span class='ocrx_word' id='word_1_122' title='bbox 1148 1747 1153 1752; x_wconf 92' lang='lat'><em>-</em></span> 
     </span>
    </p>
   </div>
   <div class='ocr_carea' id='block_1_4' title="bbox 109 1794 1107 3869">
    <p class='ocr_par' dir='ltr' id='par_1_5' title="bbox 125 1794 403 1856">
     <span class='ocr_line' id='line_1_18' title="bbox 125 1794 403 1856; baseline -0.004 0"><span class='ocrx_word' id='word_1_123' title='bbox 125 1813 205 1856; x_wconf 86' lang='lat' dir='ltr'>non</span> <span class='ocrx_word' id='word_1_124' title='bbox 201 1794 403 1855; x_wconf 64' lang='lat' dir='ltr'>dissentiunt.</span> 
     </span>
    </p>

    <p class='ocr_par' dir='ltr' id='par_1_6' title="bbox 109 1874 1107 2622">
     <span class='ocr_line' id='line_1_19' title="bbox 210 1874 1047 1959; baseline -0.001 -22"><span class='ocrx_word' id='word_1_125' title='bbox 210 1878 351 1938; x_wconf 88' lang='lat' dir='ltr'>Aeaessit</span> <span class='ocrx_word' id='word_1_126' title='bbox 371 1877 411 1937; x_wconf 86' lang='lat' dir='ltr'>ad</span> <span class='ocrx_word' id='word_1_127' title='bbox 433 1875 504 1959; x_wconf 86' lang='lat' dir='ltr'>hoo,</span> <span class='ocrx_word' id='word_1_128' title='bbox 526 1875 608 1955; x_wconf 78' lang='lat' dir='ltr'>quoti</span> <span class='ocrx_word' id='word_1_129' title='bbox 631 1876 668 1937; x_wconf 89' lang='lat' dir='ltr'>de</span> <span class='ocrx_word' id='word_1_130' title='bbox 689 1877 772 1937; x_wconf 84' lang='lat' dir='ltr'>facto</span> <span class='ocrx_word' id='word_1_131' title='bbox 788 1876 895 1936; x_wconf 85' lang='lat' dir='ltr'>Petrus</span> <span class='ocrx_word' id='word_1_132' title='bbox 918 1894 981 1945; x_wconf 89' lang='lat' dir='ltr'>non</span> <span class='ocrx_word' id='word_1_133' title='bbox 1002 1874 1047 1936; x_wconf 87' lang='grc' dir='ltr'>ιιι-</span> 
     </span>
     <span class='ocr_line' id='line_1_20' title="bbox 126 1958 1048 2040; baseline -0.004 -17"><span class='ocrx_word' id='word_1_134' title='bbox 126 1960 240 2023; x_wconf 78' lang='lat' dir='ltr'>sedens</span> <span class='ocrx_word' id='word_1_135' title='bbox 269 1959 309 2020; x_wconf 88' lang='lat' dir='ltr'>ad</span> <span class='ocrx_word' id='word_1_136' title='bbox 336 1962 446 2021; x_wconf 86' lang='lat' dir='ltr'>veritat</span> <span class='ocrx_word' id='word_1_137' title='bbox 447 1978 495 2020; x_wconf 91' lang='lat' dir='ltr'>em</span> <span class='ocrx_word' id='word_1_138' title='bbox 530 1960 680 2039; x_wconf 83' lang='lat' dir='ltr'>evangelii</span> <span class='ocrx_word' id='word_1_139' title='bbox 705 1958 920 2040; x_wconf 83' lang='lat' dir='ltr'>reprehensus</span> <span class='ocrx_word' id='word_1_140' title='bbox 955 1963 1002 2019; x_wconf 85' lang='lat' dir='ltr'>est</span> <span class='ocrx_word' id='word_1_141' title='bbox 1028 1976 1048 2019; x_wconf 85' lang='lat' dir='ltr'>a</span> 
     </span>
     <span class='ocr_line' id='line_1_21' title="bbox 124 2040 1047 2141; baseline -0.004 -36"><span class='ocrx_word' id='word_1_142' title='bbox 124 2043 240 2141; x_wconf 70' lang='lat' dir='ltr'>Paulo,</span> <span class='ocrx_word' id='word_1_143' title='bbox 255 2041 344 2103; x_wconf 79' lang='lat' dir='ltr'>Gela</span> <span class='ocrx_word' id='word_1_144' title='bbox 367 2044 396 2106; x_wconf 99' lang='grc'>2.</span> <span class='ocrx_word' id='word_1_145' title='bbox 439 2041 512 2102; x_wconf 90' lang='lat' dir='ltr'>ldeo</span> <span class='ocrx_word' id='word_1_146' title='bbox 534 2061 597 2102; x_wconf 91' lang='lat' dir='ltr'>non</span> <span class='ocrx_word' id='word_1_147' title='bbox 617 2044 726 2102; x_wconf 87' lang='lat' dir='ltr'>mirum</span> <span class='ocrx_word' id='word_1_148' title='bbox 748 2040 860 2120; x_wconf 80' lang='lat' dir='ltr'>videri,</span> <span class='ocrx_word' id='word_1_149' title='bbox 881 2041 1047 2103; x_wconf 62' lang='lat' dir='ltr'>menoses·</span> 
     </span>
     <span class='ocr_line' id='line_1_22' title="bbox 109 2120 1048 2211; baseline -0.004 -23"><span class='ocrx_word' id='word_1_150' title='bbox 109 2145 180 2199; x_wconf 62' lang='lat' dir='ltr'>‚sor</span> <span class='ocrx_word' id='word_1_151' title='bbox 214 2127 280 2187; x_wconf 86' lang='lat' dir='ltr'>eius</span> <span class='ocrx_word' id='word_1_152' title='bbox 312 2127 344 2186; x_wconf 88' lang='lat' dir='ltr'>in</span> <span class='ocrx_word' id='word_1_153' title='bbox 377 2126 481 2206; x_wconf 85' lang='lat' dir='ltr'>aliquo</span> <span class='ocrx_word' id='word_1_154' title='bbox 525 2125 701 2204; x_wconf 74' lang='lat' dir='ltr'>defecerit,</span> <span class='ocrx_word' id='word_1_155' title='bbox 729 2120 978 2211; x_wconf 75' lang='lat' dir='ltr'>quaniioquirlem</span> <span class='ocrx_word' id='word_1_156' title='bbox 1017 2128 1048 2184; x_wconf 86' lang='lat' dir='ltr'>&#39;et</span> 
     </span>
     <span class='ocr_line' id='line_1_23' title="bbox 128 2202 1048 2307; baseline -0.005 -36"><span class='ocrx_word' id='word_1_157' title='bbox 128 2212 218 2272; x_wconf 74' lang='lat' dir='ltr'>Aeto.</span> <span class='ocrx_word' id='word_1_158' title='bbox 242 2213 290 2273; x_wconf 83' lang='lat'>15.</span> <span class='ocrx_word' id='word_1_159' title='bbox 314 2209 452 2269; x_wconf 80' lang='lat' dir='ltr'>duatrina</span> <span class='ocrx_word' id='word_1_160' title='bbox 474 2209 553 2268; x_wconf 90' lang='lat' dir='ltr'>Petri</span> <span class='ocrx_word' id='word_1_161' title='bbox 582 2209 730 2268; x_wconf 83' lang='lat' dir='ltr'>nonfuit</span> <span class='ocrx_word' id='word_1_162' title='bbox 756 2204 916 2307; x_wconf 80' lang='lat' dir='ltr'>suscepta,</span> <span class='ocrx_word' id='word_1_163' title='bbox 948 2202 1048 2271; x_wconf 82' lang='lat' dir='ltr'>donea</span> 
     </span>
     <span class='ocr_line' id='line_1_24' title="bbox 129 2286 1107 2379; baseline -0.005 -25"><span class='ocrx_word' id='word_1_164' title='bbox 129 2292 292 2354; x_wconf 84' lang='lat' dir='ltr'>aauederet</span> <span class='ocrx_word' id='word_1_165' title='bbox 323 2299 354 2351; x_wconf 89' lang='lat' dir='ltr'>et</span> <span class='ocrx_word' id='word_1_166' title='bbox 386 2291 568 2372; x_wconf 79' lang='lat' dir='ltr'>approbatio</span> <span class='ocrx_word' id='word_1_167' title='bbox 598 2290 707 2352; x_wconf 82' lang='lat' dir='ltr'>Jaoobi</span> <span class='ocrx_word' id='word_1_168' title='bbox 733 2292 880 2366; x_wconf 85' lang='lat' dir='ltr'>minoris,</span> <span class='ocrx_word' id='word_1_169' title='bbox 908 2291 1047 2379; x_wconf 71' lang='lat' dir='ltr'>epiros</span> <span class='ocrx_word' id='word_1_170' title='bbox 1104 2286 1107 2291; x_wconf 76' lang='grc'><strong>’</strong></span> 
     </span>
     <span class='ocr_line' id='line_1_25' title="bbox 127 2373 1048 2457; baseline -0.005 -20"><span class='ocrx_word' id='word_1_171' title='bbox 127 2374 412 2457; x_wconf 75' lang='lat' dir='ltr'>Hierosolymitani,</span> <span class='ocrx_word' id='word_1_172' title='bbox 435 2380 465 2434; x_wconf 89' lang='lat' dir='ltr'>et</span> <span class='ocrx_word' id='word_1_173' title='bbox 484 2374 579 2434; x_wconf 86' lang='lat' dir='ltr'>totins</span> <span class='ocrx_word' id='word_1_174' title='bbox 600 2373 751 2434; x_wconf 80' lang='lat' dir='ltr'>eeclesiae</span> <span class='ocrx_word' id='word_1_175' title='bbox 766 2392 944 2451; x_wconf 81' lang='lat' dir='ltr'>consensus,</span> <span class='ocrx_word' id='word_1_176' title='bbox 966 2392 1006 2434; x_wconf 92' lang='lat' dir='ltr'>un</span> <span class='ocrx_word' id='word_1_177' title='bbox 1030 2390 1048 2432; x_wconf 90' lang='lat' dir='ltr'>e</span> 
     </span>
     <span class='ocr_line' id='line_1_26' title="bbox 128 2420 1048 2538; baseline -0.005 -18"><span class='ocrx_word' id='word_1_178' title='bbox 128 2458 256 2520; x_wconf 83' lang='lat' dir='ltr'>fluxisse</span> <span class='ocrx_word' id='word_1_179' title='bbox 277 2457 397 2518; x_wconf 84' lang='lat' dir='ltr'>videtur</span> <span class='ocrx_word' id='word_1_180' title='bbox 417 2456 477 2517; x_wconf 89' lang='lat' dir='ltr'>id&#39;</span> <span class='ocrx_word' id='word_1_181' title='bbox 469 2458 541 2516; x_wconf 80' lang='lat' dir='ltr'>ruris</span> <span class='ocrx_word' id='word_1_182' title='bbox 566 2456 692 2538; x_wconf 86' lang='lat' dir='ltr'>dogma,</span> <span class='ocrx_word' id='word_1_183' title='bbox 709 2457 810 2537; x_wconf 85' lang='lat' dir='ltr'>legem</span> <span class='ocrx_word' id='word_1_184' title='bbox 833 2464 906 2516; x_wconf 85' lang='lat' dir='ltr'>tuno</span> <span class='ocrx_word' id='word_1_185' title='bbox 923 2420 1048 2534; x_wconf 79' lang='lat' dir='ltr'>ilimari,</span> 
     </span>
     <span class='ocr_line' id='line_1_27' title="bbox 129 2539 978 2669; baseline -0.002 -68"><span class='ocrx_word' id='word_1_186' title='bbox 129 2541 254 2669; x_wconf 84' lang='lat' dir='ltr'>quando</span> <span class='ocrx_word' id='word_1_187' title='bbox 276 2542 424 2601; x_wconf 88' lang='lat' dir='ltr'>utentium</span> <span class='ocrx_word' id='word_1_188' title='bbox 447 2539 582 2600; x_wconf 86' lang='lat' dir='ltr'>moribus</span> <span class='ocrx_word' id='word_1_189' title='bbox 604 2540 801 2621; x_wconf 82' lang='lat' dir='ltr'>approbatur.</span> <span class='ocrx_word' id='word_1_190' title='bbox 975 2552 978 2559; x_wconf 84' lang='lat'>·</span> 
     </span>
    </p>

    <p class='ocr_par' dir='ltr' id='par_1_7' title="bbox 129 2622 1053 3617">
     <span class='ocr_line' id='line_1_28' title="bbox 213 2622 1053 2703; baseline -0.006 -19"><span class='ocrx_word' id='word_1_191' title='bbox 213 2623 386 2697; x_wconf 86' lang='lat' dir='ltr'>Praeterea,</span> <span class='ocrx_word' id='word_1_192' title='bbox 407 2642 499 2703; x_wconf 90' lang='lat' dir='ltr'>quam</span> <span class='ocrx_word' id='word_1_193' title='bbox 520 2623 633 2683; x_wconf 89' lang='lat' dir='ltr'>multae</span> <span class='ocrx_word' id='word_1_194' title='bbox 645 2622 821 2683; x_wconf 87' lang='lat' dir='ltr'>Deoretales</span> <span class='ocrx_word' id='word_1_195' title='bbox 844 2623 961 2702; x_wconf 76' lang='lat' dir='ltr'>priores</span> <span class='ocrx_word' id='word_1_196' title='bbox 984 2622 1053 2680; x_wconf 65' lang='lat' dir='ltr'>aba·</span> 
     </span>
     <span class='ocr_line' id='line_1_29' title="bbox 129 2662 1049 2788; baseline -0.005 -20"><span class='ocrx_word' id='word_1_197' title='bbox 129 2662 234 2768; x_wconf 75' lang='lat' dir='ltr'>restae</span> <span class='ocrx_word' id='word_1_198' title='bbox 254 2714 326 2766; x_wconf 89' lang='lat' dir='ltr'>sunt</span> <span class='ocrx_word' id='word_1_199' title='bbox 346 2722 402 2786; x_wconf 90' lang='lat' dir='ltr'>per</span> <span class='ocrx_word' id='word_1_200' title='bbox 423 2708 619 2788; x_wconf 79' lang='lat' dir='ltr'>posteriores</span> <span class='ocrx_word' id='word_1_201' title='bbox 661 2706 796 2786; x_wconf 89' lang='lat' dir='ltr'>ideoque</span> <span class='ocrx_word' id='word_1_202' title='bbox 818 2710 849 2764; x_wconf 89' lang='lat' dir='ltr'>et</span> <span class='ocrx_word' id='word_1_203' title='bbox 836 2703 949 2764; x_wconf 88' lang='lat' dir='ltr'>thano</span> <span class='ocrx_word' id='word_1_204' title='bbox 968 2703 1049 2764; x_wconf 83' lang='lat' dir='ltr'>forte</span> 
     </span>
     <span class='ocr_line' id='line_1_30' title="bbox 131 2786 1049 2885; baseline -0.004 -35"><span class='ocrx_word' id='word_1_205' title='bbox 131 2806 189 2870; x_wconf 88' lang='lat' dir='ltr'>pro</span> <span class='ocrx_word' id='word_1_206' title='bbox 211 2797 350 2870; x_wconf 85' lang='lat' dir='ltr'>ternpore</span> <span class='ocrx_word' id='word_1_207' title='bbox 372 2809 429 2852; x_wconf 87' lang='lat' dir='ltr'>suo</span> <span class='ocrx_word' id='word_1_208' title='bbox 452 2790 562 2869; x_wconf 64' lang='lat' dir='ltr'>eorr&#39;vgi</span> <span class='ocrx_word' id='word_1_209' title='bbox 584 2808 686 2871; x_wconf 86' lang='lat' dir='ltr'>posse.</span> <span class='ocrx_word' id='word_1_210' title='bbox 719 2786 954 2850; x_wconf 85' lang='lat' dir='ltr'>Panormitanus</span> <span class='ocrx_word' id='word_1_211' title='bbox 976 2802 1049 2885; x_wconf 79' lang='lat' dir='ltr'>quo·</span> 
     </span>
     <span class='ocr_line' id='line_1_31' title="bbox 131 2869 1048 2952; baseline -0.004 -21"><span class='ocrx_word' id='word_1_212' title='bbox 131 2891 194 2952; x_wconf 73' lang='lat' dir='ltr'>que</span> <span class='ocrx_word' id='word_1_213' title='bbox 215 2872 273 2933; x_wconf 92' lang='lat' dir='ltr'>lib.</span> <span class='ocrx_word' id='word_1_214' title='bbox 297 2876 324 2935; x_wconf 87' lang='lat'>1.</span> <span class='ocrx_word' id='word_1_215' title='bbox 353 2873 391 2932; x_wconf 87' lang='lat' dir='ltr'>de</span> <span class='ocrx_word' id='word_1_216' title='bbox 424 2873 512 2933; x_wconf 83' lang='lat' dir='ltr'>alent.</span> <span class='ocrx_word' id='word_1_217' title='bbox 543 2890 569 2933; x_wconf 85' lang='lat' dir='ltr'>a.</span> <span class='ocrx_word' id='word_1_218' title='bbox 597 2871 800 2952; x_wconf 83' lang='lat' dir='ltr'>Signilieaati,</span> <span class='ocrx_word' id='word_1_219' title='bbox 833 2869 985 2946; x_wconf 78' lang='lat' dir='ltr'>ostendit,</span> <span class='ocrx_word' id='word_1_220' title='bbox 1017 2869 1048 2928; x_wconf 91' lang='lat' dir='ltr'>in</span> 
     </span>
     <span class='ocr_line' id='line_1_32' title="bbox 130 2953 1050 3034; baseline -0.007 -17"><span class='ocrx_word' id='word_1_221' title='bbox 130 2956 260 3017; x_wconf 82' lang='lat' dir='ltr'>materia</span> <span class='ocrx_word' id='word_1_222' title='bbox 297 2955 367 3016; x_wconf 86' lang='lat' dir='ltr'>fidei</span> <span class='ocrx_word' id='word_1_223' title='bbox 401 2972 465 3015; x_wconf 85' lang='lat' dir='ltr'>non</span> <span class='ocrx_word' id='word_1_224' title='bbox 494 2954 600 3014; x_wconf 91' lang='lat' dir='ltr'>modo</span> <span class='ocrx_word' id='word_1_225' title='bbox 616 2953 760 3034; x_wconf 87' lang='lat' dir='ltr'>generale</span> <span class='ocrx_word' id='word_1_226' title='bbox 789 2953 952 3013; x_wconf 85' lang='lat' dir='ltr'>aonoilium</span> <span class='ocrx_word' id='word_1_227' title='bbox 981 2971 1050 3012; x_wconf 86' lang='lat' dir='ltr'>esse</span> 
     </span>
     <span class='ocr_line' id='line_1_33' title="bbox 131 3035 1050 3118; baseline -0.004 -20"><span class='ocrx_word' id='word_1_228' title='bbox 131 3056 226 3118; x_wconf 83' lang='lat' dir='ltr'>snper</span> <span class='ocrx_word' id='word_1_229' title='bbox 249 3056 371 3118; x_wconf 85' lang='lat' dir='ltr'>papam,</span> <span class='ocrx_word' id='word_1_230' title='bbox 394 3037 447 3098; x_wconf 84' lang='lat' dir='ltr'>aad</span> <span class='ocrx_word' id='word_1_231' title='bbox 471 3038 562 3099; x_wconf 87' lang='lat' dir='ltr'>etiarn</span> <span class='ocrx_word' id='word_1_232' title='bbox 585 3036 752 3115; x_wconf 80' lang='lat' dir='ltr'>quemlibet</span> <span class='ocrx_word' id='word_1_233' title='bbox 771 3035 909 3115; x_wconf 84' lang='lat' dir='ltr'>fidelem,</span> <span class='ocrx_word' id='word_1_234' title='bbox 938 3036 964 3095; x_wconf 87' lang='lat' dir='ltr'>ai</span> <span class='ocrx_word' id='word_1_235' title='bbox 986 3051 1050 3095; x_wconf 87' lang='lat' dir='ltr'>me·</span> 
     </span>
     <span class='ocr_line' id='line_1_34' title="bbox 131 3082 1050 3199; baseline -0.004 -18"><span class='ocrx_word' id='word_1_236' title='bbox 131 3121 257 3189; x_wconf 86' lang='lat' dir='ltr'>lioribus</span> <span class='ocrx_word' id='word_1_237' title='bbox 279 3123 392 3181; x_wconf 89' lang='lat' dir='ltr'>nitatur</span> <span class='ocrx_word' id='word_1_238' title='bbox 419 3121 583 3180; x_wconf 84' lang='lat' dir='ltr'>autoritate</span> <span class='ocrx_word' id='word_1_239' title='bbox 613 3127 644 3180; x_wconf 90' lang='lat' dir='ltr'>et</span> <span class='ocrx_word' id='word_1_240' title='bbox 670 3121 806 3193; x_wconf 88' lang='lat' dir='ltr'>ratione</span> <span class='ocrx_word' id='word_1_241' title='bbox 840 3082 931 3199; x_wconf 78' lang='lat' dir='ltr'>quain</span> <span class='ocrx_word' id='word_1_242' title='bbox 959 3120 1050 3199; x_wconf 84' lang='lat' dir='ltr'>papa,</span> 
     </span>
     <span class='ocr_line' id='line_1_35' title="bbox 132 3165 1050 3279; baseline -0.003 -14"><span class='ocrx_word' id='word_1_243' title='bbox 132 3205 212 3265; x_wconf 82' lang='lat' dir='ltr'>siout</span> <span class='ocrx_word' id='word_1_244' title='bbox 232 3204 323 3265; x_wconf 89' lang='lat' dir='ltr'>Petro</span> <span class='ocrx_word' id='word_1_245' title='bbox 345 3204 457 3264; x_wconf 87' lang='lat' dir='ltr'>Paulus</span> <span class='ocrx_word' id='word_1_246' title='bbox 471 3201 539 3264; x_wconf 81' lang='lat' dir='ltr'>Gal</span> <span class='ocrx_word' id='word_1_247' title='bbox 557 3204 585 3266; x_wconf 89' lang='grc'>2.</span> <span class='ocrx_word' id='word_1_248' title='bbox 629 3165 1050 3287; x_wconf 60' lang='lat' dir='ltr'>eustasianorum</span> 
     </span>
     <span class='ocr_line' id='line_1_36' title="bbox 132 3278 1051 3365; baseline -0.007 -17"><span class='ocrx_word' id='word_1_249' title='bbox 132 3286 339 3363; x_wconf 84' lang='lat' dir='ltr'>ooniirmatur,</span> <span class='ocrx_word' id='word_1_250' title='bbox 362 3287 393 3348; x_wconf 82' lang='lat' dir='ltr'>Si</span> <span class='ocrx_word' id='word_1_251' title='bbox 415 3287 505 3347; x_wconf 80' lang='lat' dir='ltr'>luerit</span> <span class='ocrx_word' id='word_1_252' title='bbox 526 3286 611 3346; x_wconf 88' lang='lat' dir='ltr'>alteri</span> <span class='ocrx_word' id='word_1_253' title='bbox 634 3285 752 3348; x_wconf 85' lang='lat' dir='ltr'>sedenti</span> <span class='ocrx_word' id='word_1_254' title='bbox 767 3283 956 3361; x_wconf 87' lang='lat' dir='ltr'>revelatum,</span> <span class='ocrx_word' id='word_1_255' title='bbox 967 3278 1051 3365; x_wconf 84' lang='lat' dir='ltr'>prio&#39;r</span> 
     </span>
     <span class='ocr_line' id='line_1_37' title="bbox 132 3367 1052 3449; baseline -0.007 -18"><span class='ocrx_word' id='word_1_256' title='bbox 132 3378 244 3432; x_wconf 69' lang='lat' dir='ltr'>masat.</span> <span class='ocrx_word' id='word_1_257' title='bbox 286 3369 360 3431; x_wconf 82' lang='lat' dir='ltr'>ideo</span> <span class='ocrx_word' id='word_1_258' title='bbox 390 3372 435 3442; x_wconf 83' lang='lat' dir='ltr'>siu</span> <span class='ocrx_word' id='word_1_259' title='bbox 461 3388 570 3431; x_wconf 82' lang='lat' dir='ltr'>vocem</span> <span class='ocrx_word' id='word_1_260' title='bbox 591 3369 672 3430; x_wconf 88' lang='lat' dir='ltr'>Petri</span> <span class='ocrx_word' id='word_1_261' title='bbox 695 3388 764 3430; x_wconf 85' lang='lat' dir='ltr'>ease</span> <span class='ocrx_word' id='word_1_262' title='bbox 786 3367 985 3449; x_wconf 86' lang='lat' dir='ltr'>audiendam,</span> <span class='ocrx_word' id='word_1_263' title='bbox 1018 3370 1052 3425; x_wconf 92' lang='grc' dir='ltr'>ιιι</span> 
     </span>
     <span class='ocr_line' id='line_1_38' title="bbox 132 3450 1050 3535; baseline -0.007 -20"><span class='ocrx_word' id='word_1_264' title='bbox 132 3460 236 3515; x_wconf 86' lang='lat' dir='ltr'>tamea</span> <span class='ocrx_word' id='word_1_265' title='bbox 257 3453 381 3514; x_wconf 81' lang='lat' dir='ltr'>liberior</span> <span class='ocrx_word' id='word_1_266' title='bbox 402 3455 441 3514; x_wconf 82' lang='lat' dir='ltr'>ait</span> <span class='ocrx_word' id='word_1_267' title='bbox 463 3472 526 3514; x_wconf 87' lang='lat' dir='ltr'>vox</span> <span class='ocrx_word' id='word_1_268' title='bbox 537 3453 623 3513; x_wconf 80' lang='lat' dir='ltr'>Pauli</span> <span class='ocrx_word' id='word_1_269' title='bbox 637 3450 937 3535; x_wconf 83' lang='lat' dir='ltr'>eumredarguentis,</span> <span class='ocrx_word' id='word_1_270' title='bbox 958 3467 1050 3532; x_wconf 90' lang='lat' dir='ltr'>porro</span> 
     </span>
     <span class='ocr_line' id='line_1_39' title="bbox 134 3535 721 3617; baseline -0.005 -18"><span class='ocrx_word' id='word_1_271' title='bbox 134 3539 271 3600; x_wconf 87' lang='lat' dir='ltr'>omnium</span> <span class='ocrx_word' id='word_1_272' title='bbox 293 3538 433 3617; x_wconf 87' lang='lat' dir='ltr'>superior</span> <span class='ocrx_word' id='word_1_273' title='bbox 453 3556 517 3598; x_wconf 83' lang='lat' dir='ltr'>vox</span> <span class='ocrx_word' id='word_1_274' title='bbox 540 3535 660 3598; x_wconf 80' lang='lat' dir='ltr'>Christi.</span> <span class='ocrx_word' id='word_1_275' title='bbox 718 3600 721 3605; x_wconf 75' lang='grc'>,</span> 
     </span>
    </p>

    <p class='ocr_par' dir='ltr' id='par_1_8' title="bbox 133 3615 1053 3869">
     <span class='ocr_line' id='line_1_40' title="bbox 215 3615 1052 3700; baseline -0.006 -20"><span class='ocrx_word' id='word_1_276' title='bbox 215 3620 351 3681; x_wconf 83' lang='lat' dir='ltr'>Maxime</span> <span class='ocrx_word' id='word_1_277' title='bbox 383 3638 456 3680; x_wconf 87' lang='lat' dir='ltr'>vero</span> <span class='ocrx_word' id='word_1_278' title='bbox 481 3619 675 3699; x_wconf 84' lang='lat' dir='ltr'>laborabam,</span> <span class='ocrx_word' id='word_1_279' title='bbox 703 3616 786 3700; x_wconf 83' lang='lat' dir='ltr'>quod</span> <span class='ocrx_word' id='word_1_280' title='bbox 813 3616 921 3679; x_wconf 83' lang='lat' dir='ltr'>eadem</span> <span class='ocrx_word' id='word_1_281' title='bbox 944 3615 1052 3676; x_wconf 78' lang='lat' dir='ltr'>Extra-</span> 
     </span>
     <span class='ocr_line' id='line_1_41' title="bbox 133 3698 1052 3785; baseline -0.003 -23"><span class='ocrx_word' id='word_1_282' title='bbox 133 3722 250 3784; x_wconf 85' lang='lat' dir='ltr'>vagans</span> <span class='ocrx_word' id='word_1_283' title='bbox 273 3703 519 3763; x_wconf 87' lang='lat' dir='ltr'>manifestissime</span> <span class='ocrx_word' id='word_1_284' title='bbox 541 3704 614 3764; x_wconf 91' lang='lat' dir='ltr'>mihi</span> <span class='ocrx_word' id='word_1_285' title='bbox 630 3701 888 3785; x_wconf 87' lang='lat' dir='ltr'>apparebatfalsa</span> <span class='ocrx_word' id='word_1_286' title='bbox 901 3698 1052 3781; x_wconf 85' lang='lat' dir='ltr'>quaedam</span> 
     </span>
     <span class='ocr_line' id='line_1_42' title="bbox 134 3786 1053 3869; baseline -0.004 -23"><span class='ocrx_word' id='word_1_287' title='bbox 134 3787 303 3848; x_wconf 83' lang='lat' dir='ltr'>continere.</span> <span class='ocrx_word' id='word_1_288' title='bbox 334 3787 448 3865; x_wconf 88' lang='lat' dir='ltr'>Primo,</span> <span class='ocrx_word' id='word_1_289' title='bbox 470 3786 557 3869; x_wconf 84' lang='lat' dir='ltr'>quoti</span> <span class='ocrx_word' id='word_1_290' title='bbox 570 3786 763 3847; x_wconf 87' lang='lat' dir='ltr'>dioitmerita</span> <span class='ocrx_word' id='word_1_291' title='bbox 784 3788 960 3846; x_wconf 85' lang='lat' dir='ltr'>sanatorum</span> <span class='ocrx_word' id='word_1_292' title='bbox 983 3801 1053 3843; x_wconf 86' lang='lat' dir='ltr'>esse</span> 
     </span>
    </p>
   </div>
   <div class='ocr_carea' id='block_1_5' title="bbox 0 0 1189 4200">
    <p class='ocr_par' dir='ltr' id='par_1_9' title="bbox 0 0 1189 4200">
     <span class='ocr_line' id='line_1_43' title="bbox 0 0 1189 4200; baseline 0 0"><span class='ocrx_word' id='word_1_293' title='bbox 0 0 1189 4200; x_wconf 95' lang='lat' dir='ltr'> </span> 
     </span>
    </p>
   </div>
  </div>
 </body>
</html>
