2356 4200
299 245 308 259 Ι
376 287 410 342 do
424 284 528 343 virtuts
543 282 795 360 indulgentiarum
984 274 1047 353 243

128 456 263 518 lutiones
285 457 464 537 impendere
477 465 507 518 et
520 459 772 540 participationes
786 458 946 535 eiusmodi,
961 460 1048 538 quasi

129 540 170 599 sit
192 541 306 618 passim
329 542 475 619 omnium,
497 543 586 600 istam
603 539 700 600 fidem
721 539 845 619 habere,
867 559 968 620 neque
989 540 1048 602 dis·

129 624 256 703 cutiunt,
279 642 371 703 quem
392 631 445 684 aut
461 642 561 705 quare
583 622 755 687 absolvant.

211 704 257 767 lta
280 725 318 765 ue
352 725 415 767 non
443 713 506 767 tam
535 707 741 767 necessarium
778 713 825 767 est
812 704 1047 769 tab's'olvendo

120 787 242 868 dicere,
258 724 362 866 (doles,
386 808 488 877 quam
498 788 587 866 illud,
611 787 775 849 credist
731 795 792 850 tete
816 786 936 863 absolvi
957 809 977 850 a
998 782 1048 869 pie

127 888 231 951 posse,
254 874 332 931 sicut
320 862 493 932 tChristus
515 873 558 931 ait
546 871 616 932 tad
638 874 819 948 eaecos*]:
846 858 976 933 Creditis
999 892 1048 933 me

126 973 221 1034 posse
243 954 320 1014 haee
340 955 428 1016 vobis
451 954 572 1015 facere?
616 955 757 1015 Credent'
737 961 758 1015 tr
771 956 875 1015 omnia
890 953 1068 1051 possibiliaae

127 1044 208 1096 sunt.
258 1037 344 1097 Haec
370 1039 452 1098 enim
482 1036 558 1098 fides
584 1046 667 1098 certe
688 1040 719 1098 in
742 1039 801 1098 illis
823 1039 957 1098 maxime
978 1057 1046 1118 pro-

127 1119 231 1198 batur,
266 1121 317 1199 qui
339 1127 472 1182 tremore
493 1122 654 1182 consuiant
654 1122 703 1181 iae
724 1122 773 1217 agi
776 1123 829 1180 tati
852 1119 954 1217 potius
978 1139 1047 1182 sese
1073 1136 1077 1144 ’

126 1166 265 1262 diffidere
295 1211 363 1264 sent
364 1205 438 1266 iunt.
418 1203 550 1264 tlllis
579 1223 651 1265 vero
659 1205 743 1283 ,qni
770 1204 863 1265 talem
895 1205 1048 1265 miseriam

128 1302 194 1344 non
215 1287 359 1365 sentiunt,
381 1287 488 1346 nescio
511 1306 551 1346 an
573 1287 634 1345 sint
656 1250 758 1346 blaves
779 1284 852 1369 illae
873 1286 1048 1348 consolato·

126 1368 201 1446 riae,
223 1387 292 1427 cum
314 1333 468 1428 cobsolari
489 1370 551 1427 non
575 1374 773 1448 mereantur,
779 1362 838 1428 nis'i
860 1369 911 1465 qui
932 1368 1047 1451 lugent,

126 1469 187 1510 nec
208 1452 335 1510 animari
357 1450 396 1510 ad
417 1450 509 1511 fidem
531 1452 736 1530 remissionis
765 1453 824 1511 nisi
846 1454 897 1531 qui
918 1451 1049 1532 trepidat

108 1531 298 1593 diffidentia
317 1534 508 1594 retentionis.

211 1615 314 1697 Atque
335 1623 369 1677 ut
387 1614 480 1676 finem
502 1614 627 1676 tandem
649 1614 776 1693 faciam,
798 1616 876 1676 haec
897 1616 1049 1678 sententia

127 1716 207 1778 mea,
228 1696 320 1760 oredo
330 1704 545 1779 ,potestatem
570 1698 665 1759 clavis
687 1718 750 1760 non
771 1699 897 1775 minuit,
920 1707 954 1760 ιιι
974 1699 1048 1760 mihi

125 1746 319 1863 impingitur,
356 1780 411 1842 sed
442 1802 460 1843 a
487 1781 565 1843 falso
586 1781 707 1843 honore
729 1786 760 1842 et
781 1746 942 1863 tyrannica
961 1800 1047 1843 reve
1090 1814 1093 1819 ·

124 1866 224 1925 tentia
251 1867 283 1925 in
305 1863 361 1925 sibi
383 1863 467 1925 debit
455 1871 518 1924 tam
540 1871 571 1924 et
558 1863 754 1927 tamabilem
775 1866 979 1926 reverentiam
1001 1884 1047 1926 re·

124 1947 218 2007 ducit.
260 1947 331 2009 Non
353 1948 434 2009 enim
457 1954 504 2008 est
525 1949 650 2026 mirum,
684 1948 710 2008 sl
732 1948 835 2008 claves
858 1942 1048 2029 contemptui

124 2028 223 2109 liant,
231 2031 258 2089 si
279 2029 363 2091 falsis
384 2030 571 2111 honoribus,
593 2030 624 2089 id
647 2037 709 2110 est,
731 2030 896 2090 terroribus
918 2036 1048 2117 tantum

123 2076 220 2173 modb
243 2110 408 2173 offerantur
429 2077 658 2193 suscipiendae,
694 2077 761 2173 dum
790 2113 915 2193 cognita
945 2132 1047 2174 earum

123 2193 324 2256 saluberrima
359 2195 578 2257 commoditate
624 2215 732 2256 saxum
764 2194 803 2256 sit
835 2203 887 2257 aut
922 2194 1047 2278 lignum,

125 2279 264 2358 quinon
294 2296 363 2338 enm
390 2278 523 2339 lacrimis
551 2298 604 2340 eas
633 2279 886 2341 exosculeturt
855 2286 886 2339 et
916 2278 1049 2361 amplec-

125 2368 217 2455 tatur

208 2442 289 2518 Quid
311 2462 385 2525 ergo
408 2443 586 2524 pontificem
600 2450 727 2526 propter
741 2463 793 2506 eas
816 2436 1046 2527 magnificamus

124 2533 157 2588 et
177 2527 334 2588 hominem
356 2526 520 2587 terribilem
548 2525 717 2608 fingimus?
767 2526 838 2588 Non
859 2526 948 2589 'illius
977 2532 1047 2588 sunt

125 2611 239 2690 claves,
262 2629 350 2671 meae
367 2610 470 2706 potius
487 2617 567 2688 sunt,
546 2611 663 2670 tmihi
676 2609 818 2689 donatae,
842 2616 929 2672 meae
946 2596 1046 2690 saluti,

125 2711 215 2754 meae
238 2693 389 2753 consolat
369 2693 463 2771 troni,
485 2693 555 2789 paci
578 2698 609 2753 ct
631 2695 755 2791 quieti
748 2712 926 2755 concessae.
969 2693 1046 2755 Pon·

123 2775 200 2836 tifex
221 2795 326 2836 servus
349 2782 396 2835 est
417 2782 448 2835 et
469 2776 607 2835 minister
627 2796 714 2836 mens
735 2777 766 2835 in
788 2768 943 2859 clavibus,
979 2776 1046 2856 ipse

124 2877 189 2920 non
218 2865 290 2941 eget
278 2858 376 2918 tillis
404 2864 438 2917 ut
465 2859 622 2937 pontifex,
651 2857 706 2919 sed
735 2877 804 2940 ego.
862 2856 1046 2931 Adulatores

125 2960 201 3002 vero
224 2943 328 3002 omnia
348 2948 426 3021 pont
414 2938 546 3001 tificibus
558 2940 663 3002 inflcot
651 2948 727 3020 tunt,
744 2960 806 3001 non
822 2946 959 3003 noctram
974 2959 1046 3006 con·

124 3024 215 3085 solet
195 3030 327 3101 tionem,
356 3023 411 3083 sed
442 3023 562 3082 illorum
587 3029 652 3084 tant
654 3022 799 3084 ummodo
822 3043 863 3103 po
866 3012 992 3087 tentiam
1014 3024 1047 3101 lu

124 3107 186 3167 illis
209 3107 357 3185 iactitant,
380 3111 412 3167 et
431 3125 487 3186 per
509 3125 546 3165 ea
567 3107 636 3186 ipsa
657 3125 714 3166 nos
737 3112 872 3168 terrent
858 3127 944 3193 ,per
964 3122 1044 3188 quae

124 3208 184 3251 nos
207 3190 341 3250 maxime
362 3190 498 3268 oportuit
533 3190 703 3266 consolari,
739 3189 818 3252 adeo
857 3153 927 3250 {unt
954 3189 1046 3252 hodie

125 3273 231 3334 omnia
250 3290 405 3353 perversa,
429 3279 460 3332 et
447 3271 581 3332 tadhuc
594 3291 657 3333 non
673 3279 814 3352 putamus
830 3264 963 3335 infelicia
978 3291 1046 3334 esse

123 3363 274 3452 tempqra,
296 3354 458 3452 inquibus
481 3360 583 3416 tantus
606 3362 653 3416 est
675 3355 787 3417 abusus
802 3357 993 3455 optimarum
1001 3372 1045 3418 re

124 3458 192 3498 rum
213 3439 245 3497 in
267 3437 484 3518 pessimantes
507 3439 596 3501 nobis
618 3458 785 3500 versatum.
827 3439 934 3519 Itaque
956 3441 1045 3500 istam

124 3519 372 3599 conclusionem,
395 3526 429 3580 ut
449 3523 543 3602 iacet,
565 3538 628 3583 nnn
651 3525 776 3583 omnino
799 3526 908 3604 teneo,
931 3521 984 3583 sed
1007 3541 1046 3583 ex

124 3622 241 3684 magna
261 3610 349 3683 parte
371 3623 462 3685 nego.

362 3736 569 3749 m

183 3782 213 3847 ⁸)
232 3780 325 3834 llatth.
347 3780 371 3835 9.
