2356 4200
314 273 349 330 da
367 277 469 330 virtute
486 273 730 346 indulgentiarum.
929 273 992 341 209
1052 224 1062 244 '-

66 446 151 505 nium
172 426 370 525 peccatorum
393 446 432 508 de
454 447 646 528 poenitentia
666 447 823 528 iniuncta,
846 448 989 530 intelligi·

67 527 182 588 turus
209 548 313 608 poena
338 531 484 610 imposita
520 550 576 611 per
608 529 810 592 sacerdotem.
858 531 990 608 Quando

66 618 171 672 autem
193 612 282 672 dicit:
319 613 443 673 Damus·
457 613 664 694 indulgentias
688 616 824 675 omniurn
846 621 1005 695 peccato·¹

65 714 149 773 rum,
181 695 219 755 de
248 695 356 774 quibus
395 697 516 757 contriti
545 703 576 757 et
598 696 730 758 confessi
762 697 888 778 fuerint,
918 702 1022 775 tuucg'

65 797 130 838 non
152 779 345 839 remittuntur
367 778 464 840 oblita
486 779 536 841 vel
564 781 716 861 ignorata.
742 779 891 855 *Quando
910 800 989 843 vero

66 861 154 921 dicit:
177 861 293 922 Damus
310 864 524 924 remissionem
538 863 674 924 omnium
688 870 895 943 peccatorum,
917 871 991 925 tunc

66 945 222 1025 evolaret,
237 945 261 1004 si
284 953 462 1008 moreretur.
507 945 547 1006 Et
569 948 665 1007 sicin
687 965 779 1006 manu
810 966 910 1028 papae
933 955 988 1027 est,

66 1047 144 1107 quos
166 1028 252 1089 volet
273 1028 401 1092 salvare.
429 1029 569 1100 Ofuror.
612 1029 691 1090 Vide
717 1032 988 1109 pronunciatorem

64 1112 162 1189 huuc,
191 1130 280 1191 quam
304 1130 412 1174 secure
425 1114 534 1173 asserit
558 1112 610 1192 ¹),
633 1113 716 1172 acsi
740 1114 896 1173 oraculum
920 1113 998 1174 eds.

64 1201 120 1256 ret.
145 1193 202 1255 Cui
224 1196 249 1254 si
272 1194 415 1272 dicerem,
438 1195 567 1256 obsecro
591 1203 631 1275 te,
653 1195 735 1255 unde
748 1196 888 1275 probabo
902 1197 999 1277 haec,¹

65 1277 201 1338 sifuero
230 1279 329 1338 iussus
358 1279 508 1346 rationem
538 1278 666 1339 reddere
694 1278 784 1359 huius
809 1278 903 1339 fidei?
920 1280 989 1340 ‚for-

65 1367 149 1420 tasse
172 1379 255 1421 nova
276 1359 455 1442 alia-finget
476 1362 655 1436 mendacia,
677 1362 786 1440 quibus
808 1362 862 1422 illa
884 1363 989 1442 priore

64 1449 180 1504 statuat
209 1463 322 1523 magna
350 1444 526 1506 maioribus.
564 1444 706 1504 infelices
729 1443 913 1524 Christiani,
937 1447 987 1525 qui

65 1533 217 1607 coguntur
239 1528 343 1587 omnia
365 1526 487 1604 audire,
511 1545 713 1606 quaecunque
735 1528 858 1588 tandem
881 1529 988 1608 nugari
1016 1524 1023 1535 “

66 1609 155 1670 libuit
176 1610 374 1690 ineptissimis
395 1609 586 1689 homiuibus,
614 1611 698 1671 acsi
721 1629 790 1670 non,
805 1610 999 1674 haberemus·¹

64 1695 163 1772 ipsam
187 1695 384 1772 scripturam,
407 1711 497 1772 quam
519 1694 727 1773 praecipiente
750 1692 871 1755 Christo
893 1688 1006 1774 popm·-

64 1775 128 1834 lum
149 1775 347 1853 doceremus,
370 1783 401 1836 et
422 1777 512 1836 tritici
533 1795 718 1856 mensuram,
741 1795 804 1837 non
827 1775 988 1858 lapparurn

65 1865 97 1920 et
118 1859 297 1919 tribulorum
319 1858 413 1920 cados
434 1859 494 1919 illis
517 1859 727 1920 tribueremus.

147 1942 230 2002 luter
250 1950 354 2002 cetera
377 1949 528 2022 portenta,
551 1962 631 2021 quae
646 1942 697 2002 hic
714 1944 913 2003 suavissimus
936 1963 987 2003 aa»

63 2034 113 2086 tor
135 2023 237 2105 fingit,
259 2026 289 2086 id
314 2044 437 2105 quoque
458 2025 548 2086 nobis
570 2025 664 2086 audet
683 2025 880 2105 persuadere,
902 2025 985 2104 quod

62 2110 94 2169 in
117 2127 207 2167 manu
227 2127 326 2188 papae
348 2109 387 2167 sit
402 2109 557 2168 remittere
570 2108 619 2168 vel
633 2117 696 2169 non
711 2110 876 2186 remittere,
898 2109 984 2188 iguo·

62 2197 131 2251 rata
151 2192 201 2251 vel
225 2192 335 2270 oblita,
364 2192 449 2269 quasi
478 2210 540 2251 non
569 2193 646 2252 sciat
678 2193 820 2251 universa
843 2191 984 2271 eeclesia,

63 2273 147 2352 quod
168 2283 242 2354 post
263 2293 385 2335 omnem
408 2273 591 2334 solutionem
616 2293 716 2354 papae
744 2276 862 2335 cunctis
890 2273 985 2334 fideli-

62 2357 120 2418 bus
145 2365 243 2423 restet
272 2357 374 2417 dicere
396 2355 447 2433 U:
500 2356 621 2417 Delicta
650 2358 716 2436 quis
745 2357 913 2437 iutelligit?
946 2357 999 2418 abv

63 2440 192 2501 occultis
214 2442 289 2501 meis
312 2439 426 2499 munda
447 2458 516 2517 me,
544 2440 686 2503 Domine.
725 2440 766 2500 Et
786 2441 869 2521 quod
892 2442 985 2500 etiam

62 2522 147 2584 bona
169 2542 264 2603 opera
288 2530 395 2583 nostra
417 2522 624 2604 cuchb**)
649 2524 748 2584 vereri
771 2529 923 2604 oporteat,
946 2543 985 2583 nc

61 2607 259 2667 inveniantur
286 2606 367 2686 apud
389 2606 488 2666 Deum
521 2606 685 2667 horrenda
705 2614 843 2687 peccata.
886 2608 929 2667 At
950 2605 982 2680 ²)

62 2689 159 2749 clavis
186 2691 336 2750 ecclesiae
363 2691 446 2750 bona
482 2708 595 2769 opera,
624 2692 649 2750 si
680 2692 740 2751 siut
769 2689 853 2750 mala
879 2708 984 2757 coram

61 2773 129 2832 Deo
159 2792 276 2853 necue,
305 2775 418 2850 nescit,
448 2791 505 2832 nec
526 2773 656 2850 iudicat,
686 2773 782 2833 multo
812 2774 911 2832 minus
940 2792 998 2832 re·-

61 2857 163 2917 nrittit.
191 2865 192 2868 ’
936 2898 942 2907 =
986 2881 989 2884 ·

139 2940 298 3018 Secundo,
333 2940 473 3020 procedit
501 2940 565 2999 eius
594 2940 745 2998 somnium
769 2958 808 2998 ex
828 2937 985 2999 laboriosa

60 3024 116 3084 illa
137 3031 168 3084 et
189 3024 287 3084 inutili
309 3031 374 3084 arte
389 3021 567 3100 confitendi,
588 3022 649 3082 imo
660 3021 844 3101 desperandi
866 3027 897 3081 et
918 3041 984 3101 per·

61 3106 154 3167 dendi
183 3109 316 3184 animas,
347 3125 408 3185 qua
433 3106 591 3184 hucusque
619 3104 703 3165 docti
732 3124 836 3164 sumus
858 3105 983 3165 arenam

61 3209 233 3265 numerare,
254 3190 359 3267 idest,
377 3189 497 3270 singula
515 3194 646 3269 peccata
658 3188 819 3264 discutere,
837 3187 984 3268 colligere

60 3281 153 3350 atque
175 3272 360 3351 ponder-are,
384 3272 422 3332 ed
445 3272 618 3332 faciendam
642 3271 869 3333 contritionem.
892 3269 983 3345 Quod

61 3375 129 3415 cum
153 3356 324 3432 fecerimus,
348 3354 382 3414 fir
398 3362 431 3414 ut
442 3355 618 3415 refricamus
641 3355 691 3415 vel
713 3353 1000 3434 concupiscentias.

60 3437 110 3497 vel
134 3438 449 3518 odiapraeteritorum
474 3438 631 3516 memoria,
656 3444 687 3498 et
708 3438 779 3498 dum
799 3437 985 3497 conterimur

59 3521 99 3581 de
121 3523 303 3601 praeteritis,
326 3539 407 3582 nove
421 3540 594 3601 peccemus.
619 3522 681 3582 Aut
703 3526 786 3582 certe
807 3521 833 3580 si
854 3516 908 3583 fiat
930 3537 983 3599 cp-

132 3724 160 3790 1)
180 3724 210 3774 ln
230 3722 272 3777 ed.
292 3722 368 3775 len:
397 3725 511 3775 asserat.
548 3721 755 3791 2)1uid.:sn.
831 3765 834 3768 ,

133 3795 164 3862 *)
184 3796 254 3848 Paul.
275 3794 317 3849 19.
363 3794 410 3859 ⁸⁴)
430 3793 492 3847 Job.
512 3793 538 3848 9.
613 3824 668 3839 s„
766 3829 768 3835 .

86 3901 177 3941 Lutlrari
192 3912 243 3950 opp.
257 3902 283 3942 V.
299 3900 325 3939 A.
339 3900 368 3940 ad
381 3900 421 3939 ref.
436 3899 485 3938 hist.
501 3899 515 3939 l.
528 3910 551 3950 p.
566 3899 615 3941 Vol.
630 3900 659 3940 lL
769 3901 812 3964 Ἄ
