2356 4200
173 272 236 340 192
494 275 642 330 Sermones
662 274 773 329 Lutheri

176 444 269 525 gique
303 443 483 523 hominique
512 444 643 524 Deoque
674 443 836 508 donarunt.
878 445 914 507 B.
941 444 1093 524 Hierony-

173 547 241 588 mus
277 545 369 607 super
389 526 579 588 Matthaeum
600 527 748 607 denique,
783 527 899 589 oblatio
934 546 1093 588 munerum

173 609 411 691 intelligentiam
441 611 473 669 in
502 629 540 672 eo
570 612 664 671 totius
687 610 841 689 qualitatis
864 611 1031 691 expressit,
1046 611 1092 670 in

174 712 249 754 auro
271 712 393 774 regem,
426 694 459 754 in
481 693 568 753 thure
589 693 705 772 Deum,
737 694 769 752 in
791 693 915 773 myrrha
935 692 1094 755 hominem

133 788 141 806 ‘
174 774 367 856 confitendo,
397 780 490 855 atque
523 777 566 837 ita
587 796 643 857 per
665 777 896 836 venerationem
917 795 1026 837 eorum
1045 795 1091 836 sa

174 859 321 920 crementi
345 860 445 920 omnis
474 866 687 920 consummata
716 866 764 919 est
784 858 938 938 cognitio,
974 859 1005 919 in
1038 858 1092 921 ho·

174 943 256 1003 mine
278 942 395 1019 mortis,
415 942 446 1001 in
469 942 536 1004 Deo
558 943 801 1021 resurrectionis,
830 943 860 1001 in
883 961 957 1023 rege
978 942 1093 1002 iudicii.

173 1024 245 1086 Alia
255 1024 458 1105 intelligentie
466 1025 593 1085 sumitur
603 1045 644 1086 ex
655 1026 819 1102 contrario,
833 1024 951 1085 scilicet
960 1026 991 1085 in
1005 1043 1091 1100 auro,

175 1113 209 1168 ut
230 1106 411 1187 ostendetur
431 1109 513 1188 regis
540 1109 696 1187 potentie,
729 1109 760 1168 iu
789 1108 876 1168 thure
899 1108 1093 1170 sacerdotem

174 1209 318 1272 magnum
348 1190 519 1268 considera,
541 1192 571 1250 in
605 1191 728 1271 myrrha
750 1190 936 1251 dominicam
958 1190 1091 1271 sepultu-

176 1293 252 1335 ram.
295 1273 380 1334 Haec
414 1280 517 1334 autem
538 1274 573 1334 B.
595 1273 729 1334 Hilarius
757 1273 856 1334 solum
878 1275 910 1333 in
933 1273 1021 1334 thure
1042 1272 1094 1333 de·

175 1362 337 1418 monstrat.
380 1355 466 1435 Alia,
499 1357 562 1417 imo
590 1356 699 1417 eadem
726 1375 794 1417 cum
817 1357 928 1437 prima,
962 1357 998 1417 B.
1019 1355 1094 1417 Gre-

175 1440 256 1521 gorii
275 1440 306 1498 in
328 1438 478 1500 Homilia:
502 1459 581 1518 eum,
604 1458 696 1518 quem
716 1439 800 1519 Magi
820 1439 963 1518 adorent,
1000 1439 1095 1500 etiam

82 1558 83 1564 κ
175 1523 313 1602 mysticis
335 1522 510 1583 muneribus
532 1521 721 1602 praedicant,
745 1525 839 1582 'auro
860 1541 982 1602 regem,
1005 1522 1095 1582 thure

175 1605 285 1682 Deum,
309 1605 433 1684 myrrha
453 1605 628 1667 mortalem:
665 1622 771 1665 aurum
794 1606 909 1685 quippe
923 1605 1002 1686 Regi
1023 1623 1095 1665 con-

175 1689 265 1769 gruit,
288 1687 360 1748 thus
382 1706 456 1748 vero
478 1689 509 1747 in
529 1687 680 1748 sacrificio
691 1688 750 1749 Dei
768 1688 949 1768 ponebatur,
971 1687 1096 1768 myrrha

176 1778 279 1832 autem
302 1778 492 1832 mortuorum
519 1790 651 1852 corpore
680 1770 886 1835 condiuntur..
917 1770 978 1832 Sed
1000 1770 1096 1831 alium

174 1853 257 1916 idem
279 1855 415 1932 sequitur
430 1856 504 1931 (suo
527 1873 614 1914 more
633 1852 816 1915 moralinaus
838 1854 980 1915 libentius
1002 1872 1095 1931 quam

175 1937 397 2018 allegorizans)
422 1937 488 1999 scil.
507 1938 539 1996 in
561 1955 635 1998 auro
658 1938 850 2017 sapientiam,
870 1938 901 1996 in
923 1937 1011 1998 thure
1028 1955 1095 1997 ora·

175 2021 302 2098 tionem,
323 2021 353 2079 in
377 2020 499 2101 myrrha
512 2021 611 2080 carnis
629 2019 906 2082 mortificationem.
944 2018 1010 2079 Hac
1026 2020 1095 2080 vice

148 2121 150 2125 ’
175 2105 303 2183 primam
325 2102 409 2163 illam
432 2110 464 2163 et
484 2105 640 2183 antiquam
661 2103 836 2163 videamus:
859 2121 988 2163 necesse
1010 2103 1092 2163 enim

178 2193 241 2265 eat,
264 2192 297 2245 ut
318 2192 349 2246 et
369 2205 427 2247 nos
449 2187 510 2246 ista
531 2187 678 2267 mysteria
699 2184 904 2266 perficiamus.
946 2184 1017 2246 Nou
1043 2205 1095 2245 au·

174 2277 237 2330 tem
258 2288 317 2329 uos
342 2274 466 2348 oportet
486 2289 604 2347 aurum,
626 2267 707 2347 thus,
729 2269 881 2349 myrrham
898 2268 1016 2346 afferre,
1038 2268 1094 2328 sed

175 2353 380 2415 confessionis
405 2351 530 2431 triplicis
554 2352 754 2431 oblationem,
776 2354 795 2412 i.
818 2371 845 2413 e.
857 2350 997 2412 confiteri
1009 2351 1093 2412 Chri·

175 2443 254 2496 stum
277 2453 346 2495 esse
369 2454 484 2516 regem,
507 2455 576 2495 esse
597 2436 706 2514 Deum,
730 2454 799 2495 esse
811 2435 983 2495 mortalem.
1016 2433 1094 2495 Sunt

176 2520 268 2596 enim,
290 2524 324 2577 ut
344 2517 378 2581 Β,
422 2517 589 2598 Gregorius
611 2520 663 2597 ait
686 2520 736 2596 qui
759 2537 828 2578 eum
851 2518 1012 2578 mortalem
1030 2536 1093 2577 cre-

174 2602 266 2680 duut,
289 2601 342 2660 sed
366 2620 427 2661 non
450 2621 571 2681 regem,
598 2601 649 2661 alii
671 2621 792 2681 regem,
825 2601 879 2661 sed
902 2620 963 2661 non
984 2602 1094 2661 Deum.

174 2684 253 2745 Nem
275 2683 385 2745 ludaei
408 2692 559 2745 mortuum
583 2704 653 2745 eum
677 2703 746 2745 esse
768 2692 800 2744 et
820 2684 976 2745 hominem
997 2683 1092 2744 fuisse

174 2766 369 2846 confitentur,
392 2766 446 2828 sed
470 2786 571 2846 neque
592 2787 707 2848 regem,
730 2786 831 2847 neque
848 2768 963 2844 Deum3
985 2767 1091 2827 haere-

177 2853 228 2911 tici
241 2852 332 2912 etiam
345 2851 397 2911 alii
411 2852 520 2927 Deum,
541 2850 670 2911 sednon
691 2869 807 2930 regem,
830 2850 882 2910 alii
903 2868 1018 2929 regem,
1037 2849 1092 2910 sed

174 2954 236 2995 non
249 2934 349 2995 Deum
373 2933 565 2994 confitentur.
608 2934 673 2994 Soli
694 2952 768 2993 vero
783 2933 945 2993 Christiani
968 2952 1037 2992 eum
1063 2941 1094 2992 et

174 3037 279 3098 regem
300 3016 447 3078 etDeum
472 3022 503 3076 et
523 3016 679 3077 homiuem
701 3015 894 3094 confitentur,
916 3033 1040 3096 passum
1064 3022 1096 3076 et

174 3106 336 3161 mortuum.
379 3099 491 3166 Verum
523 3105 554 3159 et
585 3098 663 3159 haec
684 3099 837 3160 confessio
862 3098 1023 3179 dupliciter
1044 3097 1093 3160 lit:

173 3181 305 3244 Primum
320 3188 526 3244 vocetantum
543 3184 609 3242 sine
625 3181 719 3242 corde
742 3187 773 3242 et
796 3201 900 3261 opere,
922 3183 1001 3242 siout
1020 3201 1093 3261 epo·

174 3267 271 3327 stolus
293 3268 336 3326 ait
351 3264 410 3326 Tit.
425 3269 459 3328 1:
494 3264 686 3325 Confitentur
707 3283 740 3324 se
762 3284 857 3326 nosse
874 3266 983 3345 Deum,
1005 3264 1095 3325 sactis

173 3357 275 3410 autem
292 3356 417 3429 negant,
440 3347 495 3408 sed
518 3349 621 3427 potius
644 3347 798 3428 sibiipsis
821 3349 929 3408 volunt
952 3367 1022 3408 esse
1042 3348 1095 3408 Dii

174 3441 206 3495 et
221 3451 310 3513 reges
333 3438 364 3492 et
384 3431 541 3493 homines:
564 3429 700 3492 secundo
722 3429 834 3491 affectu
856 3438 888 3492 et
904 3449 999 3509 opere
1012 3431 1093 3492 vitae

173 3517 276 3578 uuus.
319 3515 413 3595 lgitur
434 3516 493 3574 isto
524 3515 617 3574 modo
641 3512 794 3573 Christum
817 3513 916 3573 Deum
944 3512 1094 3592 confiteri,

174 3605 222 3659 eat
244 3599 348 3658 omnia
368 3597 450 3657 bon'a
471 3597 590 3676 abipso
614 3604 743 3675 accepta
763 3583 891 3657 redffere
914 3605 944 3656 et
965 3598 995 3655 in
1024 3617 1094 3656 eum

173 3680 301 3760 referre,
334 3699 395 3741 non
426 3680 497 3741 inde
524 3680 581 3740 sibi
603 3679 732 3760 gloriam
755 3696 919 3759 quaerere,
957 3698 1015 3740 nec
1038 3680 1095 3742 sibi
