2356 4200
124 265 166 338 60
377 273 533 359 Respopsio
553 275 587 330 D.
606 275 684 333 ldart
704 276 817 335 Luthcri

123 441 235 504 filicem
258 442 296 504 ad
317 444 462 506 invidiam
495 465 594 506 meam
624 445 840 527 commendas,
877 445 995 507 scilicet
1016 450 1045 505 ut

124 531 241 588 tuntum
268 526 360 587 decus
374 529 568 589 innocentiae
581 529 756 610 operculum
769 530 864 590 facias
882 530 1043 609 nequitiae.

124 608 158 669 Id
182 611 410 687 euimanhelas,
433 619 465 670 ut
488 631 588 672 mores
606 612 723 672 Romae
741 632 871 694 arguere
893 610 1043 673 neminem

124 693 216 771 siuas,
240 694 296 754 uisi
319 701 349 754 te
372 695 551 775 interprete,
585 695 673 755 simul
697 696 803 775 optimi
827 694 983 776 pontilicis
1005 695 1045 755 in·

125 777 300 837 nocentiam
323 777 449 838 laesisse
480 777 634 858 probetur.
680 777 760 854 Quid
783 777 850 838 vis?
882 785 1043 859 patronum

125 863 155 920 ie
178 879 287 920 vocem
304 861 511 922 Romanorum
535 859 746 941 flagitiorum?
769 860 829 922 Cur
851 867 881 920 tu
901 862 968 942 ipse
986 879 1044 921 nou

125 947 155 1002 te
190 962 314 1023 quoque
348 944 554 1024 interpretaris
598 944 724 1004 laesisse
763 942 958 1026 pontificem,
997 943 1045 1022 qui
1081 1004 1086 1017 ,

125 1032 230 1106 aperte
252 1026 374 1103 scribis,
408 1027 581 1088 Romanum
617 1026 729 1086 clerum
753 1046 771 1086 a
793 1027 953 1106 primaeva
983 1047 1046 1108 per-

124 1107 257 1169 fectione
286 1109 481 1169 declinasse?
520 1108 592 1170 Sine
627 1129 674 1169 me
707 1109 765 1169 tuis
796 1117 898 1170 tecum
933 1108 1045 1170 artibus

125 1210 227 1273 agere.
272 1192 392 1253 Olenum
416 1192 588 1253 Romanum
613 1191 755 1253 mordes?
778 1195 818 1251 At
840 1192 982 1273 pontifex
1004 1199 1047 1252 est

124 1294 212 1355 pars,
249 1282 279 1334 et
313 1274 434 1355 quidem
468 1275 601 1336 nobilior
628 1274 708 1335 cleri.
760 1274 825 1334 Vae
848 1273 901 1334 tibi
926 1277 1045 1350 misero,

125 1357 176 1437 qui
200 1356 290 1417 talem
316 1377 353 1418 ao
375 1363 490 1417 tantum
514 1357 691 1438 pontificem
715 1375 776 1417 uon
801 1356 900 1418 solum
917 1357 1045 1438 lapsum,

125 1439 178 1500 sed
208 1461 226 1500 a
253 1447 318 1501 tota
345 1440 533 1522 perfectione
562 1441 731 1500 declinasse
765 1446 795 1499 et
825 1442 854 1499 in
888 1438 1045 1521 perfidiam

125 1526 155 1582 at
176 1522 326 1584 baeresim
350 1523 463 1584 abiisse
484 1523 586 1603 palam
610 1525 730 1585 asseris,
782 1521 815 1581 ld
847 1524 927 1582 eninr
951 1529 1045 1584 toturn

122 1605 276 1685 significat
295 1605 457 1685 declinare,
480 1606 636 1666 sciliceta
660 1606 859 1686 perfectione.
904 1605 1045 1686 Videsne,

124 1706 216 1767 quam
240 1688 365 1769 pulchre
388 1697 418 1749 et
440 1709 498 1768 ego
523 1693 552 1749 te
575 1689 740 1749 auxesibus
763 1688 827 1747 istis
847 1707 972 1768 possem
996 1709 1045 1770 op·

123 1772 266 1853 primerc,
288 1772 313 1832 si
338 1771 453 1833 adulari
477 1778 506 1831 et
529 1772 706 1832 calumniari
731 1771 850 1832 vellem.

209 1853 295 1930 Quae
327 1855 367 1915 ad
397 1855 622 1937 sexagesimam
659 1874 727 1936 cum
771 1860 920 1934 sequente
961 1852 1044 1932 dieis,

125 1941 260 1999 transeo.
313 1937 396 1998 Nihil
426 1939 505 1998 enirn
530 1936 620 2017 dicis,
653 1938 737 2018 quod
769 1955 832 1996 nou
865 1935 980 1997 dictum
1009 1936 1047 1997 sit

123 2020 216 2100 prius.
260 2020 329 2101 Ego
356 2019 555 2102 probabiliter
576 2023 683 2101 posui,
716 2018 799 2102 quod
823 2019 984 2080 thesaurus
1005 2020 1046 2080 in·

70 2125 73 2132 ’
125 2102 349 2184 dulgentiamm
371 2105 432 2163 sint
443 2105 529 2184 ipsae
547 2103 660 2182 claves,
684 2109 716 2164 ut
732 2105 761 2163 iu
779 2101 1046 2164 declarationibus.

125 2185 269 2247 similiter
291 2192 414 2247 transeo
437 2188 660 2266 sexagesimam
691 2185 874 2264 secundam,
898 2187 971 2265 quia
998 2184 1066 2246 ad!

125 2269 218 2329 mittis
241 2288 309 2329 eam
332 2289 400 2329 esse
422 2288 535 2348 veram,
558 2289 620 2330 non
644 2276 744 2329 tomen
769 2269 835 2329 sine
857 2267 1019 2329 calumnia.

207 2351 254 2412 Ad
279 2352 503 2434 sexagesimam
527 2353 657 2430 tertium,
680 2358 835 2431 quartam,
858 2353 995 2431 quintam
1017 2356 1045 2413 et

125 2441 260 2514 sextam,
283 2454 352 2496 cnm
375 2454 463 2495 veras
485 2453 555 2495 esse
578 2455 640 2496 non
663 2455 775 2517 neges,
810 2444 911 2513 neque
933 2454 1045 2515 negare

124 2518 240 2597 possis,
274 2519 368 2578 miror
400 2516 481 2596 quod
509 2518 551 2578 ita
580 2517 780 2579 excandesois
810 2524 841 2577 et
863 2524 946 2577 totus
967 2518 1044 2601 iguis

124 2599 265 2663 efficeris.
308 2600 525 2661 Mirabiliorem
550 2600 770 2682 disputatorem
804 2619 865 2660 nou
899 2599 981 2677 vidi,
1015 2606 1046 2660 ut

125 2701 215 2762 quem
237 2684 467 2763 propositiones
490 2704 582 2744 verae
604 2684 673 2764 plus
696 2694 822 2745 movent
836 2702 927 2763 quam
940 2683 1044 2759 falsae,

124 2784 193 2826 curn
228 2772 332 2826 tamen
366 2767 478 2826 veritas
513 2774 677 2846 quaeratur
707 2764 901 2847 disputando
952 2766 1044 2847 Igitur

124 2848 180 2908 sim
204 2849 304 2925 canis,
342 2848 422 2909 filius
452 2850 552 2926 canis,
589 2849 697 2929 dicax,
731 2868 793 2909 nou
822 2856 986 2909 excusatus
1008 2847 1043 2909 ab

124 2931 329 3009 anathemate,
352 2949 411 3018 pec
433 2927 544 2992 mentis
567 2934 767 3013 compositae,
791 2940 822 2992 et
844 2933 869 2992 si
883 2951 944 3011 qua
959 2933 1045 3013 plura

123 3033 180 3094 pro
203 3014 357 3075 modestia
378 3020 430 3075 tua
451 3015 539 3075 senili
562 3014 672 3094 babes,
708 3014 800 3075 modo
824 3034 897 3074 vern
919 3035 968 3076 ure
989 3014 1043 3075 sal·

123 3103 185 3156 tem
209 3095 413 3158 momordisse
436 3096 600 3175 comedas,
624 3100 649 3158 si
672 3117 767 3180 negas
790 3097 915 3157 dixisse.
959 3098 1044 3158 Hanc

124 3185 258 3260 satyram
283 3181 396 3256 merui,
418 3200 479 3242 non
504 3183 574 3260 quia
596 3181 689 3257 falsa,
719 3179 772 3240 sed
795 3181 867 3260 quia
889 3200 962 3240 vera
984 3179 1042 3240 dixi

122 3262 152 3321 in
176 3263 345 3323 avaritiam.
376 3263 445 3323 Nou
470 3263 668 3325 credidissem
690 3263 861 3324 Romanam
887 3264 1042 3324 avaritiam

123 3351 185 3404 tam
210 3351 346 3406 teneram
372 3353 403 3406 et
422 3347 641 3427 impassibilem
655 3347 685 3424 ¹)
711 3364 789 3422 esse,
811 3346 873 3406 imo
897 3352 963 3407 tarn
985 3366 1042 3406 am·

123 3426 267 3489 bitiosam
291 3433 321 3489 ct
342 3435 547 3511 arrogantem,
570 3434 603 3491 ut
624 3431 801 3490 innocentia
823 3429 929 3513 optimi
948 3429 1043 3510 ponti·

123 3508 188 3571 fleis
210 3510 308 3571 videri
330 3511 433 3572 vellet.

175 3787 207 3859 1)
229 3787 259 3843 ln
277 3788 341 3844 edit.
359 3789 435 3847 tan:
454 3788 665 3863 impossibilem.
