2356 4200
194 262 256 331 308
357 298 360 303 ·
386 298 389 307 ·
423 265 465 320 Dc
486 267 587 320 virtute
604 266 913 320 excommuniceticulci-
958 296 975 314 ·.

196 435 311 497 Paulus
335 439 363 498 1.
386 433 525 497 Corinth.
548 439 577 499 5.
600 433 726 497 scribit:
754 435 796 496 Ul
813 454 876 496 uon
899 436 1124 497 conuincam

196 526 253 597 tur,
276 536 334 578 nec
356 518 456 580 cibum
478 523 601 579 sumant
620 536 691 579 cum
713 536 768 598 eo,
785 519 853 597 ·qui
869 519 1060 580 nominum
1078 519 1124 579 iu·

196 608 318 663 tereos
341 600 529 680 fornicator,
552 599 738 678 maledicus,
759 601 918 681 ebriosus,
936 614 1045 683 rapax
1066 608 1124 665 ιιι.-

197 687 280 748 etQ.
301 683 408 755 Thess.
420 686 454 749 3:
486 683 520 745 Si
541 684 684 762 quianon
708 683 980 747 obedierit-'verim
993 691 1123 782 unaue,

195 784 251 847 per
271 767 435 846 epistolem
457 766 538 827 hauc
561 774 686 842 notate
720 773 752 828 et
772 786 834 828 nou
847 767 1125 865 commisceamini

196 868 265 910 cum
287 849 352 925 illo
373 857 406 910 ut
426 848 640 911 confundatur.
662 850 838 946 Sequiturz·
852 850 894 911 at
913 850 1016 912 nolite

195 932 351 993 inimicum
372 932 560 1009 existimare,
579 931 636 993 sed
658 928 803 1015 corripite
823 939 857 994 ut
875 933 1040 997 fratrem

197 1016 223 1075 si
244 1034 306 1075 nou
324 1013 364 1075 de
386 1015 708 1077 excommunicatione
728 1023 866 1094 extans,
888 1015 980 1077 calve
999 1016 1124 1079 'nm

197 1099 431 1176 communione,
454 1096 644 1176 dictasunt,
666 1099 836 1159 iateorme
858 1117 923 1160 non
945 1098 1125 1180 intelligor

196 1181 373 1261 apostolum
393 1180 538 1249 Paulum„
573 1178 615 1241 lit
635 1144 773 1244 {loannes
808 1181 945 1261 epistola
966 1181 1124 1243 eecunh:

197 1263 229 1325 Si
251 1265 318 1342 quis
339 1265 426 1323 veuit
446 1263 486 1322 ad
498 1282 566 1341 voa,
590 1270 622 1325 et
641 1283 705 1326 non
727 1262 817 1326 affert
835 1263 1024 1326 doctr'nnur
1030 1264 1124 1344 hnc,

197 1345 293 1407 nolite
315 1358 385 1405 eum
407 1346 438 1407 iu
460 1344 586 1407 domum
607 1348 765 1427 recipere,¹
787 1365 846 1408 nec
866 1346 956 1409 Αιι
952 1349 992 1408 ιιι
1010 1347 1124 1409 dinari-

197 1429 252 1506 tis,
274 1429 326 1507 qui
347 1429 427 1489 enirn
449 1427 524 1489 dicit
544 1429 589 1491 illi
608 1430 688 1509 Ave,
709 1431 956 1492 communicatur
975 1430 1124 1513 spuitur

198 1512 262 1571 eius
284 1509 436 1590 malignis.
924 1548 927 1553 ·

264 1592 433 1673 eTertium,
444 1596 706 1656 excommunicari
728 1615 792 1688 non
815 1558 863 1656 eet
882 1596 1024 1657 ιιιιιιιαιιι
1046 1595 1124 1659 cedi

197 1676 332 1755 diabolo,
355 1695 455 1759 neque
475 1679 589 1758 privari
610 1677 700 1738 bonis
714 1657 875 1757 ecclesiae,
892 1679 1124 1742 comunibu-

197 1778 257 1838 que
293 1759 491 1823 orationihus
509 1760 659 1825 eiusdem:
701 1761 771 1827 Hoc
801 1780 841 1822 ex
867 1724 970 1823 dictis
998 1760 1124 1825 abunde

197 1849 291 1921 patet,
313 1843 386 1938 quia
406 1851 551 1905 manente
571 1842 647 1940 lide,
659 1851 760 1924 spect
780 1844 909 1940 caritate
929 1851 1125 1907 macetum

197 1927 373 2068 clommunio
412 1933 445 1987 et
475 1927 687 2007 peru'cipatio
702 1928 843 1989 omniurn
881 1926 1042 1989 bonorum
1075 1946 1124 1991 aa

195 2026 310 2069 cenae

283 2086 443 2186 Quartum,
466 2092 767 2189 excommunicatis,
778 2093 805 2153 si
826 2093 913 2154 iusta
927 2111 962 2153 ea
964 2044 1125 2175 taignld·

198 2180 249 2234 cat
269 2174 372 2253 potius
394 2175 526 2233 animam
551 2177 619 2234 e'sso
641 2174 767 2237 diabolo
790 2173 956 2238 traditam·
952 2181 1001 2237 ιι
1025 2177 1125 2239 ecclc·

198 2258 263 2317 siae
290 2257 508 2317 communione
535 2257 684 2336 spirituali
713 2259 885 2354 privatam,
913 2259 1000 2336 quia
1029 2259 1124 2321 lentur

199 2358 394 2419 supereum,
422 2340 473 2418 qui
500 2347 629 2419 peccato
652 2341 775 2402 mortali
802 2360 837 2401 se
861 2342 966 2421 ipsum
989 2343 1125 2422 privavit

199 2423 417 2483 communione
437 2422 582 2500 caritatis,
604 2429 637 2482 ιι
657 2423 863 2485 diabolosete
883 2422 1021 2504 tradidit,
1044 2427 1124 2487 ιιιιιι

199 2513 328 2586 econtra
349 2505 559 2566 reconciliatio
582 2515 805 2567 sacramentum
838 2512 886 2567 est
907 2514 938 2567 et
959 2514 1124 2579 externum

199 2590 319 2669 siguum
354 2588 507 2649 interioria
539 2589 800 2651 reconciliationis
830 2596 862 2650 et
874 2592 1123 2653 communionis.

199 2672 272 2733 ldeo
296 2689 400 2731 verum
423 2677 479 2749 est,
501 2670 584 2750 quod
606 2672 885 2733 excommunicatio
907 2672 1124 2735 ecclesiactica

199 2773 262 2815 nun
283 2754 383 2833 insert,
406 2752 460 2814 sed
483 2756 715 2835 praesupponit,
736 2756 868 2835 aliquem
880 2773 950 2816 ease
972 2757 1005 2825 in
1023 2763 1124 2819 morte

199 2844 396 2917 stpeccato,
422 2836 455 2899 id
475 2843 540 2917 eet,
562 2857 636 2901 rere
658 2838 958 2901 excommunicatum
982 2840 1124 2920 spirituc·

198 2920 276 2981 liter.
726 2956 729 2961 >

283 3001 452 3080 Quintum,
479 3005 757 3066 excommunicatio
789 3005 848 3065 sic-
867 3009 914 3065 est
939 3005 1123 3085 temporalia

200 3093 232 3147 et
249 3085 431 3181 corporalis,
447 3093 480 3145 ut
507 3092 609 3147 tamen
631 3085 803 3164 ordinetur,
831 3100 894 3149 uon
916 3093 1048 3168 contra,-
1069 3088 1123 3151 aad

198 3188 255 3248 pro
278 3169 497 3229 communione
517 3171 678 3249 interiore,
707 3169 758 3231 vel
779 3168 972 3249 reparanda,
995 3171 1022 3231 ai
1037 3134 1123 3233 ’iuste

198 3252 262 3312 lata
282 3252 392 3329 fuerit,
414 3251 465 3311 vel
487 3252 650 3334 augenda,
672 3254 697 3312 si
719 3253 831 3313 iniusta
851 3252 951 3314 inerit.
1071 3294 1075 3299 -

280 3335 432 3398 Probatur
451 3334 512 3395 hoc
533 3355 588 3416 per
604 3335 823 3416 apostolnm2.
836 3334 976 3398 Corinth.
996 3333 1122 3401 ultime:

198 3417 312 3499 Agam
321 3416 489 3479 secundum
510 3425 713 3498 potestatem,
749 3437 840 3498 quam
861 3417 947 3481 dedit
969 3417 1123 3483 Dominus

200 3501 274 3561 mihi
296 3502 403 3563 nonin
424 3500 675 3581 destructionem,
698 3500 753 3563 sed
774 3499 1036 3565 aedificationem.
1055 3502 1124 3565 Hoc

199 3592 284 3644 certe
304 3584 471 3664 intelligo,
480 3584 563 3662 quod
583 3603 650 3647 non
672 3583 952 3665 possitdecuuere,
975 3583 1047 3647 sed
1058 3592 1121 3649 teu·

191 3667 356 3728 -tummodo
379 3665 542 3728 aedificare
575 3687 631 3749 per
653 3667 895 3729 ecclesiasticam
921 3672 1122 3763 potestatem.

97 3824 101 3834 ι
197 3748 276 3810 Nam
299 3757 330 3812 et
350 3750 436 3811 illum
457 3748 655 3813 fornicarium
680 3755 706 3814 1.
721 3749 906 3818 Corintho
928 3750 977 3815 sic
993 3770 1122 3821 excom·
