2356 4200
465 290 713 373 noctuarum.
1005 287 1054 379 ,17

127 461 205 520 rium
221 457 275 544 (ut
295 462 430 541 vocant)
443 460 514 541 loci,
529 462 710 544 episcopum
722 459 1053 543 Brandeuburgepsem

132 540 378 625 Hieronymum,
399 563 529 627 rogans,
551 552 584 605 ut
601 550 836 626 compescerent
857 551 1054 623 quaestorum

128 625 354 708 impudentiam
399 635 432 699 et
472 626 709 709 blasphemiam,
748 627 802 689 sed
848 624 1053 711 pauperculus
1099 642 1101 647 ·

129 708 235 771 Frater
257 708 532 776 condemnabatur.
574 710 643 793 Ego
671 717 865 793 contemptus
898 709 981 775 edidi
1003 711 1055 772 Di·

131 793 316 873 sputationis
340 792 519 855 schedulam
541 795 632 857 sirnul
652 802 684 856 et
700 795 909 877 germanicam
930 795 1055 856 conuo-

130 894 200 937 nem
223 876 265 939 de
282 877 498 958 indulgentiis,
522 878 701 961 paulopost
722 880 815 941 etiam
826 876 1053 957 Resolutiones,

128 960 161 1020 in
183 960 296 1041 quibus
319 980 377 1042 pro
398 960 524 1027 honore.
536 981 645 1047 papae.
657 960 719 1023 hoc
735 962 881 1045 agebam,
902 966 936 1022 ut
955 958 1053 1045 indul·

127 1045 253 1123 gentiae
275 1063 341 1106 non
362 1043 581 1107 damnarentur
608 1040 751 1127 quidem,
775 1040 832 1109 sed
852 1044 936 1113 bona
956 1052 1053 1128 opera

128 1129 264 1189 carium
286 1126 350 1190 illis
370 1129 604 1208 praeferrentur.

208 1210 280 1272 Hoc
301 1212 499 1274 eratcoelum
521 1212 705 1291 deturbasse
727 1208 927 1275 et'mundum
949 1212 1052 1273 iuuen-

128 1291 180 1355 dio
203 1297 425 1358 consumsisse.
453 1297 593 1359 Accuaor
615 1294 698 1377 apud
711 1315 840 1377 papam,
863 1296 992 1359 mittitur
1014 1296 1053 1357 ci-

128 1379 203 1439 tatio
236 1379 299 1439 mei
328 1377 369 1439 ad
389 1376 523 1458 Urbem,
554 1386 587 1439 et
618 1381 889 1461 consurgittotus
944 1387 1053 1462 apatus

128 1463 158 1521 in
182 1482 233 1523 me
255 1462 390 1537 unicum.
432 1462 518 1524 Haec
539 1470 672 1545 aguntur
702 1458 785 1523 annu
807 1399 973 1528 uuxvlli.
996 1462 1052 1527 sub

129 1545 263 1605 comitiis
284 1544 488 1607 Maximiliani
507 1545 667 1627 Augustae
689 1545 867 1627 celebratis,
889 1548 920 1607 in
944 1547 1052 1627 quibus

130 1628 244 1709 agebat
266 1629 404 1709 legatum
430 1649 450 1689 a
477 1629 574 1691 latere
592 1628 750 1691 Pontificis
773 1629 944 1691 Cardinalis
967 1629 1053 1691 Caie-

127 1716 234 1791 tanus,
261 1731 353 1791 quem
370 1712 442 1773 Dux
461 1711 686 1775 illustrissimus
700 1712 855 1775 Saxuuiae
871 1710 1052 1792 Fridericns,

129 1793 258 1855 Elector
278 1795 444 1877 Princeps,
475 1815 569 1857 causa
595 1815 666 1859 mea
693 1794 783 1876 adiit,
815 1802 847 1857 et
866 1797 1051 1879 impetravit,

128 1897 167 1938 ne
180 1877 315 1939 Romam
333 1897 463 1960 cogerer
484 1880 538 1958 ire,
560 1878 615 1941 sed
627 1879 695 1960 ipse
707 1899 756 1940 me
778 1886 890 1940 vocato
902 1899 1051 1962 remflcog·

128 1968 273 2022 nosceret
294 1968 327 2024 et
348 1981 439 2045 comp
447 1969 564 2025 oneret.
607 1963 682 2023 Mox
702 1962 805 2039 soluta
817 1970 898 2023 sunt
918 1964 1052 2025 comitia.

207 2045 350 2124 Interim,
372 2047 446 2126 quia
461 2044 538 2125 ,fessi
553 2053 642 2107 eraut
656 2044 803 2125 Germani
824 2065 932 2108 onmes
953 2046 1051 2127 feren·

126 2125 172 2187 dis
195 2128 454 2209 expilationibus,
487 2128 762 2191 nundinationibus
792 2134 823 2189 et
848 2129 974 2191 infinitis
997 2131 1051 2189 im-

123 2214 259 2292 posturis
271 2212 514 2275 Romanensium
534 2212 740 2292 nebulonum,
761 2215 919 2293 suspensis
939 2214 1049 2291 animis

128 2295 355 2376 exspectabant
376 2302 521 2358 eventum
543 2303 647 2358 tantae
669 2297 729 2374 rei,
755 2316 846 2376 quam
875 2296 976 2357 nullus
998 2316 1050 2358 an·

126 2386 175 2438 tea
199 2398 303 2459 neque
325 2382 504 2461 episcopus,
533 2399 635 2460 neque
663 2380 827 2463 theologus
854 2399 946 2439 ausus
968 2386 1052 2443 esset

130 2463 290 2544 attingere.
332 2464 373 2524 Et
393 2462 519 2525 fovebat
540 2482 590 2525 mc
612 2472 766 2546 utcunque
788 2482 863 2524 aura
873 2464 934 2525 ista
951 2483 1048 2544 pupu-

130 2544 219 2625 laris,
254 2545 337 2626 quod
370 2547 489 2608 invisae
516 2549 577 2607 iam
606 2554 710 2609 essent
737 2544 878 2607 omnibus
911 2555 992 2609 artes
1020 2553 1052 2608 et

129 2627 370 2691 Rumanationes
397 2630 485 2710 illae,
514 2630 623 2710 quibus
645 2637 744 2693 totum
771 2631 877 2694 orbem
900 2629 1046 2711 impleve-

126 2719 195 2772 rant
214 2719 246 2774 et
266 2714 480 2794 fatigaverant.
746 2766 749 2781 ,

206 2796 287 2857 Veni
309 2798 402 2879 igitur
422 2796 567 2878 pedester
589 2804 620 2860 et
640 2817 759 2894 pauper
782 2797 968 2877 Augustam,
991 2798 1043 2858 sti·
1093 2856 1096 2861 .

123 2884 215 2957 patus
237 2881 409 2961 sumptibus
432 2888 463 2942 et
484 2880 580 2943 literis
602 2881 751 2961 Principis
768 2880 915 2941 Friderioi
936 2879 978 2940 ad
1000 2899 1047 2941 se·

123 2969 231 3022 natum
247 2969 278 3024 et
292 2964 444 3044 quosdam
456 2964 556 3026 bonos
569 2965 652 3025 viros
670 2963 940 3025 commendatitiis.
983 2962 1046 3023 Tri·

124 3044 187 3105 duo
216 3065 300 3107 eram
334 3047 394 3127 ibi,
432 3054 598 3128 antequam
626 3047 807 3109 accederem
841 3045 1047 3125 Cardinalem,

122 3128 329 3209 prohibebant
361 3131 443 3193 enim
472 3132 529 3192 viri
551 3131 596 3192 illi
624 3132 732 3211 optimi
768 3136 800 3193 et
826 3127 1048 3190 dissuadebant

123 3213 251 3273 summis
274 3213 403 3295 viribus,
425 3234 465 3275 ne
488 3216 563 3277 citra
584 3214 704 3275 salvum
728 3213 916 3275 conductum
935 3211 1046 3273 Caesa-

122 3297 165 3356 ris
181 3294 378 3359 cardinalem
402 3297 535 3379 adirem,
559 3297 631 3363 lieet
653 3296 706 3359 ille
730 3316 779 3358 me
793 3296 921 3377 singulis
936 3293 1044 3355 diebus

122 3399 180 3458 per
193 3379 347 3458 quendam
364 3389 522 3443 oratorem
539 3388 674 3443 vocaret.
717 3379 794 3441 Erat
812 3378 863 3440 hic
880 3378 956 3439 mibi
972 3378 1047 3439 satis

124 3461 293 3544 molestus,
315 3471 349 3525 ut
370 3471 491 3526 tantum
509 3482 706 3541 revocarem,
728 3470 792 3524 tum
816 3469 922 3523 essent
943 3460 1049 3523 omnia

124 3546 222 3607 salva.
266 3546 327 3609 Sed
349 3547 446 3629 lunga
467 3555 514 3610 est
534 3548 660 3628 iniuria,
682 3548 796 3628 longae
819 3545 977 3624 ambages.
1048 3584 1051 3589 -

207 3629 346 3693 Tandem
369 3633 461 3693 tertio
484 3632 534 3693 die
555 3632 641 3692 veuit
661 3630 878 3711 expostulans,
901 3628 962 3687 Cur
983 3645 1047 3699 non

122 3713 303 3774 accederem
320 3712 526 3795 Cardinalem,
549 3717 600 3795 qni
616 3714 837 3794 benignissime
855 3730 905 3771 me
918 3727 1045 3789 exspec-

123 3796 225 3857 taret?
257 3798 535 3879 Respondi,'mihi
556 3797 832 3881 obtemperandum
855 3813 927 3879 esse
948 3792 1050 3859 consi-

150 3901 241 3942 Lutberl
253 3914 301 3959 opp,
321 3905 341 3943 V,
353 3904 381 3941 A,
395 3903 427 3942 ad
436 3903 477 3942 reti
489 3904 539 3943 bist.
552 3905 568 3945 1.
581 3916 605 3958 p.
622 3907 671 3949 Vol.
685 3909 702 3948 l.
818 3928 837 3999 2
