2356 4200
116 251 186 320 *39ss
357 316 362 329 ,
421 257 602 314 Probationes
623 258 753 313 Canales.

126 444 212 506 spes,
243 426 302 486 nisi
330 427 362 487 in
394 428 477 488 omni
510 431 772 508 operetimeatur
792 427 941 488 iudicium
963 424 1046 485 dam-

125 509 270 570 nationis.
632 538 635 542 ·
848 517 872 547 *
1009 542 1012 547 ·

120 619 121 622 “
208 592 297 652 Patet
323 612 415 672 supra
438 612 476 652 ex
499 595 527 655 4,
551 594 775 669 ΟοηοΙιιείοηε,
810 593 881 673 quia
909 593 1048 672 impossi-

125 673 187 734 bile
209 677 257 735 est
276 676 306 734 in
319 675 417 735 Deum
440 695 573 756 sperare,
596 679 654 737 nisi
678 677 716 737 de
736 677 878 737 omnibns
901 675 1048 736 creaturis

118 755 319 837 desperetur,
344 759 484 837 sciatque
503 759 560 820 sibi
582 761 659 820 nihil
682 759 830 841 prodesse
852 760 929 819 nitra
948 757 1047 818 Deum

124 859 240 920 passe„
271 842 314 901 At
335 860 402 901 aum
426 842 527 903 nullus
553 844 605 921 ait,
638 845 698 922 qui·
719 844 800 904 hane
829 861 939 922 puram
960 860 1046 920 spem

124 923 249 1002 habeat⁷
271 931 417 1004 utsupra
438 925 580 1003 diximus,
604 945 640 986 an
661 927 706 985 sia
728 945 790 987 nan
814 925 889 984 nihil
911 925 942 983 iu
966 942 1046 984 area

125 1013 223 1067 turam
246 1005 446 1084 confidamus,
470 1015 564 1088 patet,
587 1008 670 1087 quod
687 1016 813 1089 propter
824 1006 1045 1073 immunditiam

124 1091 155 1149 in
185 1089 326 1150 omnibus
356 1090 523 1152 timendum
554 1098 603 1151 est
627 1092 685 1152 Dei
710 1090 875 1151 -iudinium
927 1089 967 1148 Et
1004 1089 1048 1148 sie

24 1220 26 1223 ,
124 1173 334 1261 praesumptio
357 1174 487 1252 vitetur,
510 1194 571 1234 non
591 1193 643 1251 re,
678 1174 731 1235 sad
763 1173 892 1251 affeetu,
927 1172 972 1232 id*
992 1176 1047 1247 est,

125 1254 208 1334 quad
230 1254 374 1334 displicet
395 1256 484 1317 nobis
506 1257 607 1317 adhue
624 1276 694 1317 esse
707 1259 738 1317 in
752 1256 865 1316 fiducia
877 1258 1046 1316 creaturae.

552 1390 755 1455 uu*

208 1507 295 1568 Tune
321 1527 394 1568 vere
422 1515 493 1569 suut
519 1516 649 1588 pennam
677 1509 880 1589 apud‘Deum
902 1507 1046 1584 venialia,

126 1589 252 1668 quando
274 1592 418 1651 timentur
440 1590 478 1651 ab
500 1591 676 1651 bominibus
699 1612 769 1652 esse
790 1591 942 1652 mortalia.
1015 1635 1019 1640 ι

208 1674 295 1733 Patet
316 1675 390 1734 satis
413 1694 452 1733 ex
474 1672 572 1751 dietis,
595 1675 667 1754 quia
688 1682 834 1754 quantum
850 1693 908 1735 nos
924 1692 1046 1735 aecusa-

126 1776 202 1834 mus,
227 1763 342 1816 tantum
364 1757 446 1816 Deus
470 1763 606 1835 excusat,
626 1759 712 1819 iuxta
732 1757 822 1818 illud:
844 1758 924 1818 -Din
940 1757 1046 1836 iniqui-

124 1844 203 1899 tates
227 1847 304 1917 tuas,
326 1846 360 1898 ut
380 1838 564 1918 iustificeris,
587 1848 618 1900 et
638 1841 728 1901 illud:
766 1841 807 1901 Ut
828 1859 891 1901 nun
914 1839 1047 1900 declinet

125 1940 301 1983 cormeum
323 1921 353 1981 in
377 1921 472 1982 verba
495 1922 644 2000 malitiae,
673 1923 711 1982 ad
742 1922 934 1983 excusandas
957 1940 1045 1983 exeu-

124 2007 261 2067 sationes
283 2005 314 2064 in
335 2006 481 2085 pennatis.
944 2007 948 2013 ’

542 2140 622 2203 XIII.

207 2257 348 2318 Liberum
377 2227 531 2318 albitrium
560 2265 633 2339 post
660 2265 819 2338 peceatum
850 2277 899 2319 res
931 2266 979 2319 est
1009 2258 1046 2318 da

125 2339 193 2401 solo
216 2340 319 2419 titulo,
355 2347 387 2400 et
408 2339 480 2400 dum
501 2341 589 2418 facit,
626 2340 707 2419 quod
729 2343 759 2400 in
783 2362 817 2401 se
837 2347 902 2418 est,
938 2349 1046 2421 peeeat

125 2422 304 2483 mortaliter

207 2505 308 2565 Prima
330 2525 400 2585 pars
421 2512 517 2585 patet,
536 2507 611 2585 ¹quia
632 2513 680 2566 est
701 2508 856 2586 eaptIvum
878 2516 910 2566 et
926 2526 1045 2567 servum

124 2594 265 2668 peecata,
286 2606 349 2648 non
373 2587 455 2666 quod
477 2590 517 2649 sit
537 2588 622 2666 nihil,
646 2589 701 2648 sed
723 2589 806 2668 quod
830 2609 892 2650 nnn
916 2591 956 2650 sit
975 2589 1045 2650 libe·

124 2690 201 2748 rum,
223 2671 281 2729 nisi
303 2670 341 2730 ad
364 2671 487 2748 malum,
510 2672 620 2732 laban.
644 2673 679 2735 8:
716 2672 775 2746 Qui
792 2672 1045 2752 faeitpeeeatum,

125 2773 231 2814 servus
246 2760 294 2813 est
307 2755 444 2832 pennati3
456 2755 480 2813 si
494 2754 587 2813 Filius
599 2774 655 2814 vos
670 2754 853 2834 liberaverit,
869 2774 943 2815 vere
961 2754 1046 2816 liberi

124 2837 207 2896 estis.
249 2835 325 2896 Inde
354 2837 387 2896 B.
417 2838 545 2918 August.
573 2836 663 2898 Libro
693 2836 733 2898 de
760 2839 867 2918 spiritu
899 2845 930 2898 et
960 2838 1046 2899 litera

125 2919 215 2982 dinit:
258 2918 399 2979 Liberum
429 2919 585 2980 arbitrium
618 2922 684 2980 sine
714 2923 814 3001 gratia
842 2939 904 2981 nan
926 2923 987 2981 nisi
1008 2919 1045 2980 nd

124 3001 313 3082 peeeandum
344 3002 436 3063 valet.
488 3003 528 3062 Et
554 3003 633 3063 libro
671 3008 698 3066 2.
735 3012 843 3064 eontra
874 3004 1044 3064 Iulianum:

124 3084 264 3145 Liberum
292 3103 349 3146 vos
383 3086 519 3162 voeatis,
546 3087 609 3146 imo
639 3105 760 3146 servum
791 3086 949 3147 arbitrium
988 3094 1045 3146 ate.

125 3167 164 3228 ut
185 3168 352 3227 innumeris
374 3168 443 3228 aliis
466 3168 553 3228 loeis.

208 3248 352 3311 Secunda
372 3271 444 3330 pars
466 3257 552 3330 patet
564 3271 602 3310 ex
615 3251 806 3330 supradietis,
829 3259 861 3312 et
879 3251 934 3312 illo
952 3252 1045 3313 Hnse.

126 3335 184 3396 13:
227 3332 361 3393 Perditio
384 3340 437 3392 tua
458 3353 497 3393 ex
519 3341 550 3393 te
570 3334 675 3410 lsrael,
697 3354 736 3392 ex
759 3354 809 3394 me
831 3334 1044 3396 tantummodo

124 3416 271 3476 auxilium
291 3422 373 3475 tuum
400 3422 459 3475 ete.
860 3441 862 3446 ·

542 3549 621 3610 XIV.

121 3662 123 3666 ⁴
206 3665 346 3728 Liberum
369 3667 524 3728 arbitrium
548 3674 620 3749 post
641 3648 802 3748 peecatum
824 3679 929 3750 potest
942 3671 974 3732 in
991 3670 1042 3733 bo-

124 3770 195 3811 num
207 3753 349 3831 potentia
361 3751 539 3831 subieetiva,
550 3753 581 3811 iu
595 3751 709 3811 malum
719 3771 791 3814 vero
801 3772 924 3833 semper
935 3755 1043 3815 nativa.
