2356 4200
164 272 240 342 218¹
487 278 634 338 Ser-enea
653 282 764 338 humari

165 453 198 510 et
218 448 333 509 auxilio
363 452 522 531 cupientes
554 454 665 532 solati,
692 473 735 515 *se
767 457 842 536 ipsis
876 457 1026 540 neglectis
1059 464 1092 520 et

166 550 257 613 super
278 551 311 592 se
332 534 418 613 ipsos
439 554 501 596 non
527 536 647 598 flentes.
681 537 747 598 Hao
769 541 850 600 enim
872 544 1090 622 compassione

166 617 212 677 sni
235 618 355 697 quaerit
375 618 405 676 in
429 619 519 680 uobis
542 620 682 681 dolorem
704 623 802 682 nostri
825 624 856 682 in
879 625 949 704 ipso
966 631 998 686 et
1015 624 1088 687 ideo

165 699 310 776 ostendit,
333 719 367 760 se
389 700 472 762 nolle
495 704 586 763 istum
610 705 765 765 carnalem
787 706 954 786 planctum,
979 727 1041 787 quo
1055 728 1089 769 se

163 785 234 865 ipso
257 783 353 844 oblito
375 783 468 846 homo
491 786 611 867 plangit
632 787 725 849 aliud.
763 788 841 848 Nam
864 789 959 852 homo
982 810 1086 852 sensa

163 869 264 928 insin
287 868 373 928 omni
395 868 488 944 malo,
511 869 594 949 quod
614 869 708 948 videt,
730 872 760 931 in
784 887 967 953 quacunque
990 882 1085 936 mate-

163 952 212 1012 ria·
229 953 312 1031 prius
334 969 368 1011 se
389 952 489 1030 ipsum
500 954 531 1012 iu
550 952 606 1014 illo
626 954 777 1034 deplorat,
794 956 905 1016 timens
924 962 956 1017 et
975 959 1089 1036 sciens,

164 1053 198 1096 sc
221 1033 333 1096 talibus
362 1039 394 1094 et
420 1036 585 1096 maioribus
613 1036 750 1116 dignum.
793 1037 854 1099 Sed
878 1040 909 1099 iu
932 1059 993 1119 quo
1015 1060 1086 1121 pos-

163 1119 265 1179 semus
293 1136 351 1178 nos
379 1120 477 1198 magis
505 1138 675 1200 agnoscere
704 1127 736 1180 et
763 1120 911 1201 plangere
936 1140 1028 1201 quem
1050 1125 1082 1184 in

163 1200 304 1263 Christo?
346 1200 503 1280 Nusquam
526 1204 645 1280 utique:
669 1204 803 1282 quiahic
824 1205 970 1286 intelligit
986 1207 1082 1269 homo

163 1287 318 1346 miseriam
340 1302 436 1362 suam,
460 1303 547 1364 quae,
570 1286 678 1364 qualis,
702 1292 818 1367 quanta
833 1290 882 1368 sit,
904 1290 976 1367 quia
989 1291 1013 1350 si
1026 1310 1083 1371 pro
1111 1350 1118 1368 ,

163 1374 268 1430 nostra
289 1367 413 1427 miseria
424 1367 493 1427 telis
510 1386 547 1428 ac
559 1375 661 1428 tantus
672 1371 795 1449 patitur,
811 1372 930 1433 scilicet
946 1373 1083 1454 unigeni·

153 1458 211 1512 tus
233 1452 291 1512 Dei
313 1448 403 1526 filius,
424 1451 673 1531 incomparabilis
695 1472 847 1532 persona,
868 1456 1083 1516 innocentissi-

162 1552 239 1615 mus,
261 1534 468 1614 dignissimus,
491 1551 548 1595 nec
569 1542 676 1596 nostra
696 1537 797 1616 potuit
818 1538 941 1599 miseria
963 1538 1083 1616 auferri,

160 1619 220 1679 nisi
250 1617 370 1678 infinita
396 1623 428 1677 et
454 1617 685 1679 inaestimabilis
714 1627 797 1679 esset
822 1639 964 1700 persona.
1007 1620 1084 1696 Quis

161 1718 224 1763 non
247 1706 397 1763 terreatur
419 1718 457 1760 ac
478 1703 600 1780 penitus
617 1703 844 1781 contremiscat,
866 1711 982 1765 tantam
995 1725 1082 1766 suam

162 1798 232 1846 csse
253 1784 416 1862 miseriam,
430 1802 541 1863 nempe
563 1783 713 1844 infinitam
736 1791 768 1844 et
789 1791 955 1847 aeternam.
990 1787 1081 1849 ldcir-

161 1884 202 1930 co
218 1887 253 1929 se
274 1870 373 1947 ipsum
395 1869 426 1926 in
439 1866 560 1928 Christo
584 1867 691 1948 legens
713 1868 914 1930 vehementer
935 1889 1081 1951 compun-

160 1956 249 2034 getur
271 1957 303 2012 et
324 1949 549 2027 lamentabitur,
568 1950 700 2029 ideoque
715 1952 896 2031 regulariter
912 1954 1082 2015 notandum

161 2027 209 2096 e'st
230 2041 261 2095 et
283 2033 421 2113 diligenti
441 2034 591 2102 memoria·
604 2033 779 2113 tenendum,
795 2034 940 2114 quidquid
954 2035 1081 2099 Christo

159 2117 315 2199 infligitur,
335 2136 404 2176 esse
420 2116 548 2175 vulnera
560 2121 591 2175 et
612 2116 702 2191 mala,
726 2135 805 2196 qnae
828 2118 918 2179 nobis
939 2139 995 2199 per
1018 2120 1081 2180 dia

160 2200 265 2263 bolum
290 2208 321 2262 et
343 2205 503 2280 peccatum
526 2198 642 2259 inflicta
663 2206 734 2259 sunt
754 2201 784 2259 iu
814 2203 936 2279 anima,
965 2210 996 2262 et
1022 2205 1081 2284 sig-

159 2283 286 2345 nificare
318 2287 467 2364 perpetua
501 2282 596 2360 mola,
627 2300 707 2361 quae
736 2283 826 2344 uobis
854 2303 909 2363 per
937 2284 1081 2346 iudicium

159 2367 217 2428 Dei
240 2367 408 2448 infligenda
428 2371 507 2424 sunt.
542 2364 686 2425 Secundo
697 2366 728 2426 in
747 2383 932 2445 quocunque
945 2367 1082 2429 Christus

160 2457 323 2514 accusatur
351 2452 534 2509 innocenter
555 2467 574 2507 a
595 2448 721 2509 Judaeis
744 2448 994 2530 intelligendum,
1024 2471 1081 2513 nos

159 2534 272 2595 codem
294 2532 431 2594 accusari
454 2549 473 2589 a
494 2529 697 2593 daemonibus
725 2550 830 2593 coram
859 2533 927 2594 Deo
955 2535 986 2594 in
1009 2554 1081 2596 cun-

160 2618 291 2679 scientia
313 2617 477 2690 veraciter,
501 2634 520 2673 a
541 2634 603 2694 qua
624 2615 823 2676 accusatione
844 2615 998 2677 horrenda
1018 2637 1082 2679 non

160 2700 341 2777 liberamur,
372 2701 429 2759 nisi
451 2717 507 2778 per
528 2699 706 2779 iniustitiam
731 2700 936 2760 accusationis
959 2700 1081 2763 Christi.

159 2783 235 2846 Ideo
258 2803 313 2863 per
334 2781 470 2844 Judaeos
498 2780 638 2862 intellige
664 2780 832 2842 daemones
853 2802 909 2863 per
929 2782 1082 2845 Christum

160 2874 296 2928 veterem
319 2867 475 2927 hominem
500 2883 539 2923 ex
563 2863 684 2925 Adamo
717 2866 851 2925 animam
883 2867 914 2925 iu
946 2869 1083 2946 peccatis

160 2955 264 3011 natam
287 2956 318 3011 et
339 2950 504 3024 viventem,
528 2966 582 3026 per
604 2947 736 3008 tribunal
750 2948 839 3008 Pilati
854 2948 998 3028 iudicium
1014 2950 1082 3010 Dei.

160 3032 323 3094 Accusaris
357 3034 477 3112 itaque,
517 3049 536 3089 o
564 3031 666 3091 anima
698 3032 823 3110 misera,
865 3032 947 3110 quod
986 3033 1081 3094 tilium

159 3116 218 3177 Dci
248 3116 413 3193 deieceris,
451 3113 599 3196 populum
632 3113 807 3188 seduxeris,
839 3113 983 3176 tributum
1016 3116 1082 3177 dari

105 3218 111 3235 ,
160 3199 363 3280 prohibueris,
385 3215 489 3278 regem
505 3205 535 3256 te
548 3195 672 3274 dixeris,
695 3196 967 3276 blasphemaveris,
990 3200 1083 3260 male·

94 3314 99 3318 ·
160 3281 259 3343 iactor
290 3283 397 3360 fueris,
427 3282 499 3360 quia
525 3286 556 3339 et
584 3297 656 3338 vere
687 3279 756 3339 talis
784 3286 832 3339 est
859 3282 959 3342 omnis
987 3282 1082 3344 homo

162 3371 250 3426 extra
279 3365 443 3426 Christum.
492 3361 572 3437 Quid
602 3381 676 3443 ergo
710 3362 758 3421 bis
791 3369 821 3423 te
857 3366 1083 3436 accusantibus,

160 3447 360 3529 urgentibus,
391 3445 557 3528 oppones?
601 3444 739 3505 Plumbia
770 3452 802 3506 et
829 3465 982 3527 agnosces
1010 3469 1084 3509 vera

161 3546 240 3593 esse.
293 3531 334 3592 At
355 3537 387 3593 tu
407 3529 558 3592 Christum
582 3529 716 3608 respice,
739 3529 789 3607 qui
813 3548 851 3589 ea
870 3549 927 3609 pro
950 3537 980 3590 te
1002 3532 1083 3592 subit

161 3621 194 3676 et
220 3616 347 3695 suscipit
374 3615 540 3688 innocens,
569 3617 601 3671 et
626 3610 711 3672 dices
740 3610 800 3671 illis
829 3615 859 3673 te
887 3615 1082 3693 urgentibus:

160 3697 277 3778 fateor,
306 3717 380 3759 vera
409 3707 496 3779 sunt,
526 3694 634 3755 Filium
662 3694 720 3754 Dei
751 3694 829 3756 eheu
862 3715 911 3755 me
939 3697 997 3756 teci
1025 3703 1084 3758 etc.

161 3778 224 3843 seu
256 3781 335 3844 haec
362 3780 485 3842 obiecta
511 3797 566 3862 per
589 3777 742 3839 Christum
770 3779 871 3840 evicta
890 3785 971 3841 sunt.
1013 3780 1084 3842 dam
