<?xml version="1.0" encoding="UTF-8"?>
<!DOCTYPE html PUBLIC "-//W3C//DTD XHTML 1.0 Transitional//EN"
    "http://www.w3.org/TR/xhtml1/DTD/xhtml1-transitional.dtd">
<html xmlns="http://www.w3.org/1999/xhtml" xml:lang="en" lang="en">
 <head>
  <title>
</title>
<meta http-equiv="Content-Type" content="text/html;charset=utf-8" />
  <meta name='ocr-system' content='tesseract 3.04.00' />
  <meta name='ocr-capabilities' content='ocr_page ocr_carea ocr_par ocr_line ocrx_word'/>
</head>
<body>
  <div class='ocr_page' id='page_1' title='image "./dmartinilutheri01luthgoog_0934.png"; bbox 0 0 2356 4200; ppageno 0'>
   <div class='ocr_carea' id='block_1_1' title="bbox 223 216 1045 320">
    <p class='ocr_par' dir='ltr' id='par_1_1' title="bbox 223 216 1045 320">
     <span class='ocr_line' id='line_1_1' title="bbox 223 216 1045 320; baseline 0.027 -21"><span class='ocrx_word' id='word_1_1' title='bbox 223 216 227 227; x_wconf 20' lang='grc' dir='ltr'>ἱ</span> <span class='ocrx_word' id='word_1_2' title='bbox 342 251 376 303; x_wconf 81' lang='lat' dir='ltr'><strong>ad</strong></span> <span class='ocrx_word' id='word_1_3' title='bbox 397 252 546 308; x_wconf 79' lang='lat' dir='ltr'><strong>Manaohas</strong></span> <span class='ocrx_word' id='word_1_4' title='bbox 565 253 815 310; x_wconf 68' lang='lat' dir='ltr'><strong>imterboccanses.</strong></span> <span class='ocrx_word' id='word_1_5' title='bbox 984 255 1045 320; x_wconf 75' lang='grc'><strong>471</strong></span> 
     </span>
    </p>
   </div>
   <div class='ocr_carea' id='block_1_2' title="bbox 123 422 1120 1645">
    <p class='ocr_par' dir='ltr' id='par_1_2' title="bbox 123 422 1111 733">
     <span class='ocr_line' id='line_1_2' title="bbox 125 422 1048 510; baseline 0.009 -29"><span class='ocrx_word' id='word_1_6' title='bbox 125 427 220 485; x_wconf 78' lang='lat' dir='ltr'><strong>stram</strong></span> <span class='ocrx_word' id='word_1_7' title='bbox 255 422 477 504; x_wconf 66' lang='lat' dir='ltr'><strong>negligentiam</strong></span> <span class='ocrx_word' id='word_1_8' title='bbox 513 431 544 484; x_wconf 83' lang='lat' dir='ltr'><strong>ei</strong></span> <span class='ocrx_word' id='word_1_9' title='bbox 577 426 788 486; x_wconf 76' lang='lat' dir='ltr'><strong>temeritatem.</strong></span> <span class='ocrx_word' id='word_1_10' title='bbox 836 426 930 506; x_wconf 74' lang='lat' dir='ltr'><strong>igitur</strong></span> <span class='ocrx_word' id='word_1_11' title='bbox 963 428 1048 510; x_wconf 83' lang='lat' dir='ltr'><strong>Papa</strong></span> 
     </span>
     <span class='ocr_line' id='line_1_3' title="bbox 124 489 1111 584; baseline 0.011 -22"><span class='ocrx_word' id='word_1_12' title='bbox 124 504 226 564; x_wconf 90' lang='lat' dir='ltr'><strong>solum</strong></span> <span class='ocrx_word' id='word_1_13' title='bbox 248 504 383 565; x_wconf 88' lang='lat' dir='ltr'><strong>humano</strong></span> <span class='ocrx_word' id='word_1_14' title='bbox 405 506 470 567; x_wconf 86' lang='lat' dir='ltr'><strong>iure</strong></span> <span class='ocrx_word' id='word_1_15' title='bbox 488 512 536 567; x_wconf 85' lang='lat' dir='ltr'><strong>est</strong></span> <span class='ocrx_word' id='word_1_16' title='bbox 555 507 694 567; x_wconf 83' lang='lat' dir='ltr'><strong>Vinarius</strong></span> <span class='ocrx_word' id='word_1_17' title='bbox 710 507 833 584; x_wconf 77' lang='lat' dir='ltr'><strong>Christi,</strong></span> <span class='ocrx_word' id='word_1_18' title='bbox 855 511 934 570; x_wconf 83' lang='lat' dir='ltr'><strong>sieut</strong></span> <span class='ocrx_word' id='word_1_19' title='bbox 955 513 1045 572; x_wconf 84' lang='lat' dir='ltr'><strong>etiam</strong></span> <span class='ocrx_word' id='word_1_20' title='bbox 1094 489 1111 524; x_wconf 74' lang='lat'><em>⁰</em></span> 
     </span>
     <span class='ocr_line' id='line_1_4' title="bbox 123 586 1046 677; baseline 0.008 -30"><span class='ocrx_word' id='word_1_21' title='bbox 123 586 255 677; x_wconf 42' lang='lat' dir='ltr'><strong>Romae</strong></span> <span class='ocrx_word' id='word_1_22' title='bbox 273 589 416 668; x_wconf 77' lang='lat' dir='ltr'><strong>scriptum</strong></span> <span class='ocrx_word' id='word_1_23' title='bbox 455 597 502 649; x_wconf 87' lang='lat' dir='ltr'><strong>est</strong></span> <span class='ocrx_word' id='word_1_24' title='bbox 535 591 567 648; x_wconf 91' lang='lat' dir='ltr'><strong>in</strong></span> <span class='ocrx_word' id='word_1_25' title='bbox 596 590 741 667; x_wconf 81' lang='lat' dir='ltr'><strong>ecelesia,</strong></span> <span class='ocrx_word' id='word_1_26' title='bbox 776 599 871 651; x_wconf 86' lang='lat' dir='ltr'><strong>matre</strong></span> <span class='ocrx_word' id='word_1_27' title='bbox 899 595 1046 670; x_wconf 81' lang='lat' dir='ltr'><strong>omnium,</strong></span> 
     </span>
     <span class='ocr_line' id='line_1_5' title="bbox 124 669 334 733; baseline 0.005 -3"><span class='ocrx_word' id='word_1_28' title='bbox 124 669 334 733; x_wconf 60' lang='lat' dir='ltr'><strong>lausanensi.</strong></span> 
     </span>
    </p>

    <p class='ocr_par' dir='ltr' id='par_1_3' title="bbox 123 752 1120 1496">
     <span class='ocr_line' id='line_1_6' title="bbox 205 752 1045 838; baseline 0.01 -26"><span class='ocrx_word' id='word_1_29' title='bbox 205 753 240 813; x_wconf 88' lang='lat' dir='ltr'><strong>ln</strong></span> <span class='ocrx_word' id='word_1_30' title='bbox 264 752 324 813; x_wconf 86' lang='lat' dir='ltr'><strong>fine</strong></span> <span class='ocrx_word' id='word_1_31' title='bbox 355 765 502 833; x_wconf 78' lang='lat' dir='ltr'><strong>exspecto</strong></span> <span class='ocrx_word' id='word_1_32' title='bbox 527 761 659 814; x_wconf 86' lang='lat' dir='ltr'><strong>vestram</strong></span> <span class='ocrx_word' id='word_1_33' title='bbox 683 756 931 837; x_wconf 76' lang='lat' dir='ltr'><strong>Responsionsm</strong></span> <span class='ocrx_word' id='word_1_34' title='bbox 952 778 1045 838; x_wconf 88' lang='lat' dir='ltr'><strong>quan·</strong></span> 
     </span>
     <span class='ocr_line' id='line_1_7' title="bbox 125 837 1047 922; baseline 0.008 -26"><span class='ocrx_word' id='word_1_35' title='bbox 125 837 234 916; x_wconf 83' lang='lat' dir='ltr'><strong>tonius,</strong></span> <span class='ocrx_word' id='word_1_36' title='bbox 258 843 290 897; x_wconf 92' lang='lat' dir='ltr'><strong>nt</strong></span> <span class='ocrx_word' id='word_1_37' title='bbox 303 839 408 913; x_wconf 78' lang='lat' dir='ltr'><strong>seiam,</strong></span> <span class='ocrx_word' id='word_1_38' title='bbox 430 858 469 898; x_wconf 87' lang='lat' dir='ltr'><strong>an</strong></span> <span class='ocrx_word' id='word_1_39' title='bbox 488 840 624 899; x_wconf 77' lang='lat' dir='ltr'><strong>eervices</strong></span> <span class='ocrx_word' id='word_1_40' title='bbox 639 845 757 898; x_wconf 85' lang='lat' dir='ltr'><strong>vestras</strong></span> <span class='ocrx_word' id='word_1_41' title='bbox 774 839 874 900; x_wconf 87' lang='lat' dir='ltr'><strong>velitis</strong></span> <span class='ocrx_word' id='word_1_42' title='bbox 888 841 1047 922; x_wconf 79' lang='lat' dir='ltr'><strong>inclinare,</strong></span> 
     </span>
     <span class='ocr_line' id='line_1_8' title="bbox 124 921 1043 1004; baseline 0.008 -26"><span class='ocrx_word' id='word_1_43' title='bbox 124 939 163 978; x_wconf 91' lang='lat' dir='ltr'><strong>an</strong></span> <span class='ocrx_word' id='word_1_44' title='bbox 187 921 297 980; x_wconf 69' lang='lat' dir='ltr'><strong>erectis</strong></span> <span class='ocrx_word' id='word_1_45' title='bbox 319 929 428 982; x_wconf 81' lang='lat' dir='ltr'><strong>eontra</strong></span> <span class='ocrx_word' id='word_1_46' title='bbox 449 923 608 981; x_wconf 84' lang='lat' dir='ltr'><strong>veritatem</strong></span> <span class='ocrx_word' id='word_1_47' title='bbox 631 941 779 1001; x_wconf 85' lang='lat' dir='ltr'><strong>pugnare.</strong></span> <span class='ocrx_word' id='word_1_48' title='bbox 822 922 908 1004; x_wconf 83' lang='lat' dir='ltr'>Ego,</span> <span class='ocrx_word' id='word_1_49' title='bbox 931 945 971 984; x_wconf 87' lang='lat' dir='ltr'><strong>ne</strong></span> <span class='ocrx_word' id='word_1_50' title='bbox 993 925 1043 985; x_wconf 92' lang='lat' dir='ltr'><strong>du-</strong></span> 
     </span>
     <span class='ocr_line' id='line_1_9' title="bbox 125 1001 1047 1087; baseline 0.005 -25"><span class='ocrx_word' id='word_1_51' title='bbox 125 1001 238 1078; x_wconf 84' lang='lat' dir='ltr'><strong>bitetis,</strong></span> <span class='ocrx_word' id='word_1_52' title='bbox 259 1023 316 1063; x_wconf 85' lang='lat' dir='ltr'><strong>vos</strong></span> <span class='ocrx_word' id='word_1_53' title='bbox 341 1004 466 1083; x_wconf 77' lang='lat' dir='ltr'><strong>egregie</strong></span> <span class='ocrx_word' id='word_1_54' title='bbox 487 1004 642 1075; x_wconf 69' lang='lat' dir='ltr'><strong>tractabO,</strong></span> <span class='ocrx_word' id='word_1_55' title='bbox 675 1011 705 1064; x_wconf 89' lang='lat' dir='ltr'><strong>at</strong></span> <span class='ocrx_word' id='word_1_56' title='bbox 726 1004 867 1066; x_wconf 84' lang='lat' dir='ltr'><strong>omnibus</strong></span> <span class='ocrx_word' id='word_1_57' title='bbox 892 1025 1047 1087; x_wconf 79' lang='lat' dir='ltr'>exponam</span> 
     </span>
     <span class='ocr_line' id='line_1_10' title="bbox 126 1085 1046 1165; baseline 0.008 -21"><span class='ocrx_word' id='word_1_58' title='bbox 126 1085 232 1145; x_wconf 85' lang='lat' dir='ltr'><strong>miram</strong></span> <span class='ocrx_word' id='word_1_59' title='bbox 257 1091 387 1146; x_wconf 87' lang='lat' dir='ltr'><strong>vestram</strong></span> <span class='ocrx_word' id='word_1_60' title='bbox 411 1087 604 1165; x_wconf 77' lang='lat' dir='ltr'><strong>sapientiam.</strong></span> <span class='ocrx_word' id='word_1_61' title='bbox 647 1088 733 1147; x_wconf 87' lang='lat' dir='ltr'><strong>Bene</strong></span> <span class='ocrx_word' id='word_1_62' title='bbox 755 1087 866 1165; x_wconf 81' lang='lat' dir='ltr'><strong>valate,</strong></span> <span class='ocrx_word' id='word_1_63' title='bbox 891 1098 922 1149; x_wconf 84' lang='lat' dir='ltr'><strong>at</strong></span> <span class='ocrx_word' id='word_1_64' title='bbox 943 1091 1046 1151; x_wconf 89' lang='lat' dir='ltr'><strong>Domi-</strong></span> 
     </span>
     <span class='ocr_line' id='line_1_11' title="bbox 125 1167 1047 1249; baseline 0.007 -22"><span class='ocrx_word' id='word_1_65' title='bbox 125 1186 182 1228; x_wconf 84' lang='lat' dir='ltr'><strong>nus</strong></span> <span class='ocrx_word' id='word_1_66' title='bbox 206 1167 261 1229; x_wconf 89' lang='lat' dir='ltr'><strong>det</strong></span> <span class='ocrx_word' id='word_1_67' title='bbox 279 1168 367 1244; x_wconf 82' lang='lat' dir='ltr'><strong>vobis</strong></span> <span class='ocrx_word' id='word_1_68' title='bbox 385 1177 469 1229; x_wconf 83' lang='lat' dir='ltr'><strong>rasta</strong></span> <span class='ocrx_word' id='word_1_69' title='bbox 481 1189 590 1249; x_wconf 85' lang='lat' dir='ltr'><strong>sapere</strong></span> <span class='ocrx_word' id='word_1_70' title='bbox 607 1176 639 1230; x_wconf 86' lang='lat' dir='ltr'><strong>et</strong></span> <span class='ocrx_word' id='word_1_71' title='bbox 651 1171 741 1247; x_wconf 81' lang='lat' dir='ltr'><strong>velle,</strong></span> <span class='ocrx_word' id='word_1_72' title='bbox 763 1170 872 1231; x_wconf 87' lang='lat' dir='ltr'><strong>Amen.</strong></span> <span class='ocrx_word' id='word_1_73' title='bbox 910 1171 942 1233; x_wconf 75' lang='lat' dir='ltr'><strong>Si</strong></span> <span class='ocrx_word' id='word_1_74' title='bbox 956 1174 1047 1234; x_wconf 88' lang='lat' dir='ltr'><strong>vultis</strong></span> 
     </span>
     <span class='ocr_line' id='line_1_12' title="bbox 125 1252 1120 1336; baseline 0.007 -26"><span class='ocrx_word' id='word_1_75' title='bbox 125 1270 194 1310; x_wconf 83' lang='lat' dir='ltr'><strong>esse</strong></span> <span class='ocrx_word' id='word_1_76' title='bbox 216 1252 315 1328; x_wconf 76' lang='lat' dir='ltr'><strong>amisi,</strong></span> <span class='ocrx_word' id='word_1_77' title='bbox 339 1271 392 1311; x_wconf 84' lang='lat' dir='ltr'><strong>era</strong></span> <span class='ocrx_word' id='word_1_78' title='bbox 414 1252 621 1330; x_wconf 72' lang='lat' dir='ltr'><strong>gratissimus,</strong></span> <span class='ocrx_word' id='word_1_79' title='bbox 645 1256 690 1313; x_wconf 91' lang='lat' dir='ltr'><strong>sin</strong></span> <span class='ocrx_word' id='word_1_80' title='bbox 714 1272 776 1313; x_wconf 91' lang='lat' dir='ltr'><strong>non</strong></span> <span class='ocrx_word' id='word_1_81' title='bbox 799 1254 900 1330; x_wconf 82' lang='lat' dir='ltr'><strong>vultis,</strong></span> <span class='ocrx_word' id='word_1_82' title='bbox 924 1275 982 1336; x_wconf 85' lang='lat' dir='ltr'><strong>age</strong></span> <span class='ocrx_word' id='word_1_83' title='bbox 1004 1257 1045 1316; x_wconf 85' lang='lat' dir='ltr'><strong>fa·</strong></span> <span class='ocrx_word' id='word_1_84' title='bbox 1118 1259 1120 1262; x_wconf 75' lang='grc'>’</span> 
     </span>
     <span class='ocr_line' id='line_1_13' title="bbox 126 1334 1046 1413; baseline 0.007 -20"><span class='ocrx_word' id='word_1_85' title='bbox 126 1334 186 1393; x_wconf 83' lang='lat' dir='ltr'><strong>cite</strong></span> <span class='ocrx_word' id='word_1_86' title='bbox 209 1334 291 1413; x_wconf 72' lang='lat' dir='ltr'><strong>qnod</strong></span> <span class='ocrx_word' id='word_1_87' title='bbox 320 1334 428 1394; x_wconf 80' lang='lat' dir='ltr'><strong>facitis.</strong></span> <span class='ocrx_word' id='word_1_88' title='bbox 472 1334 539 1413; x_wconf 80' lang='lat' dir='ltr'><strong>Ego</strong></span> <span class='ocrx_word' id='word_1_89' title='bbox 575 1355 687 1395; x_wconf 91' lang='lat' dir='ltr'><strong>nomen</strong></span> <span class='ocrx_word' id='word_1_90' title='bbox 720 1356 821 1396; x_wconf 88' lang='lat' dir='ltr'><strong>meum</strong></span> <span class='ocrx_word' id='word_1_91' title='bbox 857 1344 888 1397; x_wconf 84' lang='lat' dir='ltr'><strong>et</strong></span> <span class='ocrx_word' id='word_1_92' title='bbox 920 1338 1046 1398; x_wconf 91' lang='lat' dir='ltr'><strong>verbum</strong></span> 
     </span>
     <span class='ocr_line' id='line_1_14' title="bbox 123 1415 789 1496; baseline 0.006 -20"><span class='ocrx_word' id='word_1_93' title='bbox 123 1416 237 1490; x_wconf 72' lang='lat' dir='ltr'><strong>Christi</strong></span> <span class='ocrx_word' id='word_1_94' title='bbox 259 1437 321 1477; x_wconf 84' lang='lat' dir='ltr'><strong>nan</strong></span> <span class='ocrx_word' id='word_1_95' title='bbox 344 1415 497 1496; x_wconf 80' lang='lat' dir='ltr'><strong>deseram,</strong></span> <span class='ocrx_word' id='word_1_96' title='bbox 519 1417 633 1479; x_wconf 74' lang='lat' dir='ltr'><strong>credite</strong></span> <span class='ocrx_word' id='word_1_97' title='bbox 654 1417 789 1481; x_wconf 82' lang='lat' dir='ltr'><strong>tirmiter.</strong></span> 
     </span>
    </p>

    <p class='ocr_par' dir='ltr' id='par_1_4' title="bbox 292 1498 879 1645">
     <span class='ocr_line' id='line_1_15' title="bbox 292 1498 879 1580; baseline 0.002 -22"><span class='ocrx_word' id='word_1_98' title='bbox 292 1498 529 1580; x_wconf 84' lang='lat' dir='ltr'><strong>Vuitembergas</strong></span> <span class='ocrx_word' id='word_1_99' title='bbox 551 1499 714 1561; x_wconf 84' lang='lat' dir='ltr'><strong>Dominica</strong></span> <span class='ocrx_word' id='word_1_100' title='bbox 734 1501 879 1578; x_wconf 73' lang='lat' dir='ltr'><strong>iubilate,</strong></span> 
     </span>
     <span class='ocr_line' id='line_1_16' title="bbox 431 1582 836 1645; baseline -0.01 -3"><span class='ocrx_word' id='word_1_101' title='bbox 431 1582 585 1643; x_wconf 66' lang='lat' dir='ltr'><strong>Annalti.</strong></span> <span class='ocrx_word' id='word_1_102' title='bbox 606 1584 643 1644; x_wconf 90' lang='lat' dir='ltr'><strong>D.</strong></span> <span class='ocrx_word' id='word_1_103' title='bbox 662 1583 739 1645; x_wconf 81' lang='lat' dir='ltr'>xlx.</span> <span class='ocrx_word' id='word_1_104' title='bbox 832 1623 836 1638; x_wconf 90' lang='lat'><em>.</em></span> 
     </span>
    </p>
   </div>
   <div class='ocr_carea' id='block_1_3' title="bbox 398 1665 1045 1748">
    <p class='ocr_par' dir='ltr' id='par_1_5' title="bbox 398 1665 1045 1748">
     <span class='ocr_line' id='line_1_17' title="bbox 398 1665 1045 1748; baseline 0.008 -24"><span class='ocrx_word' id='word_1_105' title='bbox 398 1665 430 1725; x_wconf 84' lang='lat' dir='ltr'><strong>F.</strong></span> <span class='ocrx_word' id='word_1_106' title='bbox 453 1665 600 1726; x_wconf 78' lang='lat' dir='ltr'><strong>Martinus</strong></span> <span class='ocrx_word' id='word_1_107' title='bbox 621 1666 770 1727; x_wconf 86' lang='lat' dir='ltr'><strong>Lutherns</strong></span> <span class='ocrx_word' id='word_1_108' title='bbox 792 1666 1045 1748; x_wconf 80' lang='lat' dir='ltr'><strong>Augustinianus.</strong></span> 
     </span>
    </p>
   </div>
   <div class='ocr_carea' id='block_1_4' title="bbox 391 1952 783 2049">
    <p class='ocr_par' dir='ltr' id='par_1_6' title="bbox 391 1952 783 2049">
     <span class='ocr_line' id='line_1_18' title="bbox 391 1952 783 2049; baseline 0 -1"><span class='ocrx_word' id='word_1_109' title='bbox 391 1952 783 2049; x_wconf 78' lang='lat' dir='ltr'><strong>Articuli</strong></span> 
     </span>
    </p>
   </div>
   <div class='ocr_carea' id='block_1_5' title="bbox 126 2110 1046 2279">
    <p class='ocr_par' dir='ltr' id='par_1_7' title="bbox 126 2110 1046 2279">
     <span class='ocr_line' id='line_1_19' title="bbox 126 2110 1046 2179; baseline 0.002 -4"><span class='ocrx_word' id='word_1_110' title='bbox 126 2135 145 2175; x_wconf 86' lang='lat' dir='ltr'><strong>a</strong></span> <span class='ocrx_word' id='word_1_111' title='bbox 171 2115 328 2178; x_wconf 71' lang='lat' dir='ltr'><strong>Fratribus</strong></span> <span class='ocrx_word' id='word_1_112' title='bbox 362 2110 555 2179; x_wconf 77' lang='lat' dir='ltr'><strong>Minoiitanis</strong></span> <span class='ocrx_word' id='word_1_113' title='bbox 588 2115 891 2178; x_wconf 78' lang='lat' dir='ltr'><strong>Juttarboeaensibns</strong></span> <span class='ocrx_word' id='word_1_114' title='bbox 918 2116 1046 2178; x_wconf 80' lang='lat' dir='ltr'><strong>Dostori</strong></span> 
     </span>
     <span class='ocr_line' id='line_1_20' title="bbox 354 2199 818 2279; baseline 0.004 -19"><span class='ocrx_word' id='word_1_115' title='bbox 354 2201 485 2261; x_wconf 87' lang='lat' dir='ltr'><strong>Martino</strong></span> <span class='ocrx_word' id='word_1_116' title='bbox 506 2199 640 2260; x_wconf 84' lang='lat' dir='ltr'><strong>Luthero</strong></span> <span class='ocrx_word' id='word_1_117' title='bbox 663 2199 818 2279; x_wconf 85' lang='lat' dir='ltr'><strong>adscripti.</strong></span> 
     </span>
    </p>
   </div>
   <div class='ocr_carea' id='block_1_6' title="bbox 102 2396 1073 3700">
    <p class='ocr_par' dir='ltr' id='par_1_8' title="bbox 126 2396 1047 2561">
     <span class='ocr_line' id='line_1_21' title="bbox 208 2396 1047 2479; baseline 0.002 -21"><span class='ocrx_word' id='word_1_118' title='bbox 208 2396 232 2461; x_wconf 87' lang='lat'><strong>1.</strong></span> <span class='ocrx_word' id='word_1_119' title='bbox 254 2397 337 2459; x_wconf 82' lang='lat' dir='ltr'><strong>Nihil</strong></span> <span class='ocrx_word' id='word_1_120' title='bbox 360 2405 445 2460; x_wconf 85' lang='lat' dir='ltr'><strong>tenet</strong></span> <span class='ocrx_word' id='word_1_121' title='bbox 458 2399 496 2460; x_wconf 90' lang='lat' dir='ltr'><strong>de</strong></span> <span class='ocrx_word' id='word_1_122' title='bbox 513 2398 653 2460; x_wconf 76' lang='lat' dir='ltr'><strong>consiliis</strong></span> <span class='ocrx_word' id='word_1_123' title='bbox 670 2397 875 2478; x_wconf 81' lang='lat' dir='ltr'><strong>generalibus,</strong></span> <span class='ocrx_word' id='word_1_124' title='bbox 897 2400 1047 2479; x_wconf 86' lang='lat' dir='ltr'><strong>quianon</strong></span> 
     </span>
     <span class='ocr_line' id='line_1_22' title="bbox 126 2481 779 2561; baseline -0.002 -20"><span class='ocrx_word' id='word_1_125' title='bbox 126 2489 360 2561; x_wconf 75' lang='lat' dir='ltr'><strong>repraesentant</strong></span> <span class='ocrx_word' id='word_1_126' title='bbox 382 2481 585 2543; x_wconf 81' lang='lat' dir='ltr'><strong>universalem</strong></span> <span class='ocrx_word' id='word_1_127' title='bbox 609 2481 779 2541; x_wconf 81' lang='lat' dir='ltr'><strong>ecelesiam.</strong></span> 
     </span>
    </p>

    <p class='ocr_par' dir='ltr' id='par_1_9' title="bbox 209 2563 819 2645">
     <span class='ocr_line' id='line_1_23' title="bbox 209 2563 819 2645; baseline -0.005 -19"><span class='ocrx_word' id='word_1_128' title='bbox 209 2563 245 2626; x_wconf 78' lang='lat' dir='ltr'><strong>ll.</strong></span> <span class='ocrx_word' id='word_1_129' title='bbox 268 2565 383 2644; x_wconf 85' lang='lat' dir='ltr'><strong>Papam</strong></span> <span class='ocrx_word' id='word_1_130' title='bbox 406 2571 500 2645; x_wconf 84' lang='lat' dir='ltr'><strong>negat</strong></span> <span class='ocrx_word' id='word_1_131' title='bbox 519 2564 676 2631; x_wconf 68' lang='lat' dir='ltr'><strong>Vitiarium</strong></span> <span class='ocrx_word' id='word_1_132' title='bbox 699 2563 819 2624; x_wconf 75' lang='lat' dir='ltr'><strong>Christi.</strong></span> 
     </span>
    </p>

    <p class='ocr_par' dir='ltr' id='par_1_10' title="bbox 210 2645 956 2728">
     <span class='ocr_line' id='line_1_24' title="bbox 210 2645 956 2728; baseline 0.001 -22"><span class='ocrx_word' id='word_1_133' title='bbox 210 2645 260 2707; x_wconf 85' lang='lat'>111.</span> <span class='ocrx_word' id='word_1_134' title='bbox 282 2648 406 2708; x_wconf 88' lang='lat' dir='ltr'><strong>Petrum</strong></span> <span class='ocrx_word' id='word_1_135' title='bbox 427 2654 522 2726; x_wconf 83' lang='lat' dir='ltr'><strong>negat</strong></span> <span class='ocrx_word' id='word_1_136' title='bbox 543 2648 712 2728; x_wconf 82' lang='lat' dir='ltr'><strong>prinoipem</strong></span> <span class='ocrx_word' id='word_1_137' title='bbox 734 2645 956 2726; x_wconf 84' lang='lat' dir='ltr'><strong>apostolarum.</strong></span> 
     </span>
    </p>

    <p class='ocr_par' dir='ltr' id='par_1_11' title="bbox 128 2728 1047 2957">
     <span class='ocr_line' id='line_1_25' title="bbox 209 2728 1047 2809; baseline -0.004 -18"><span class='ocrx_word' id='word_1_138' title='bbox 209 2728 263 2791; x_wconf 75' lang='lat' dir='ltr'><strong>lv.</strong></span> <span class='ocrx_word' id='word_1_139' title='bbox 287 2729 430 2793; x_wconf 79' lang='lat' dir='ltr'><strong>Oenones</strong></span> <span class='ocrx_word' id='word_1_140' title='bbox 461 2731 535 2790; x_wconf 72' lang='lat' dir='ltr'><strong>dicit</strong></span> <span class='ocrx_word' id='word_1_141' title='bbox 561 2731 716 2791; x_wconf 88' lang='lat' dir='ltr'><strong>institutos</strong></span> <span class='ocrx_word' id='word_1_142' title='bbox 739 2736 865 2809; x_wconf 85' lang='lat' dir='ltr'><strong>propter</strong></span> <span class='ocrx_word' id='word_1_143' title='bbox 888 2729 1047 2789; x_wconf 84' lang='lat' dir='ltr'><strong>avaritiam</strong></span> 
     </span>
     <span class='ocr_line' id='line_1_26' title="bbox 128 2811 1047 2890; baseline 0 -20"><span class='ocrx_word' id='word_1_144' title='bbox 128 2812 240 2873; x_wconf 80' lang='lat' dir='ltr'><strong>summi</strong></span> <span class='ocrx_word' id='word_1_145' title='bbox 259 2812 417 2874; x_wconf 83' lang='lat' dir='ltr'><strong>Pontifiais</strong></span> <span class='ocrx_word' id='word_1_146' title='bbox 440 2822 470 2874; x_wconf 86' lang='lat' dir='ltr'><strong>et</strong></span> <span class='ocrx_word' id='word_1_147' title='bbox 491 2813 620 2873; x_wconf 88' lang='lat' dir='ltr'><strong>aliorum</strong></span> <span class='ocrx_word' id='word_1_148' title='bbox 635 2811 830 2888; x_wconf 77' lang='lat' dir='ltr'><strong>Pontificum,</strong></span> <span class='ocrx_word' id='word_1_149' title='bbox 854 2813 925 2890; x_wconf 85' lang='lat' dir='ltr'><strong>qnia</strong></span> <span class='ocrx_word' id='word_1_150' title='bbox 946 2812 1047 2872; x_wconf 86' lang='lat' dir='ltr'><strong>nullus</strong></span> 
     </span>
     <span class='ocr_line' id='line_1_27' title="bbox 128 2895 802 2957; baseline -0.001 -2"><span class='ocrx_word' id='word_1_151' title='bbox 128 2900 211 2957; x_wconf 80' lang='lat' dir='ltr'><strong>esset</strong></span> <span class='ocrx_word' id='word_1_152' title='bbox 232 2913 321 2957; x_wconf 84' lang='lat' dir='ltr'><strong>assus</strong></span> <span class='ocrx_word' id='word_1_153' title='bbox 344 2903 516 2957; x_wconf 86' lang='lat' dir='ltr'><strong>reservatus</strong></span> <span class='ocrx_word' id='word_1_154' title='bbox 540 2895 578 2956; x_wconf 86' lang='lat' dir='ltr'><strong>de</strong></span> <span class='ocrx_word' id='word_1_155' title='bbox 599 2897 665 2956; x_wconf 85' lang='lat' dir='ltr'><strong>iure</strong></span> <span class='ocrx_word' id='word_1_156' title='bbox 688 2895 802 2956; x_wconf 88' lang='lat' dir='ltr'><strong>divino.</strong></span> 
     </span>
    </p>

    <p class='ocr_par' dir='ltr' id='par_1_12' title="bbox 128 2975 1073 3142">
     <span class='ocr_line' id='line_1_28' title="bbox 209 2975 1048 3058; baseline -0.002 -20"><span class='ocrx_word' id='word_1_157' title='bbox 209 2977 246 3040; x_wconf 91' lang='lat' dir='ltr'><strong>V.</strong></span> <span class='ocrx_word' id='word_1_158' title='bbox 267 2977 362 3041; x_wconf 82' lang='lat' dir='ltr'><strong>Nulla</strong></span> <span class='ocrx_word' id='word_1_159' title='bbox 394 2978 467 3039; x_wconf 80' lang='lat' dir='ltr'><strong>dicit</strong></span> <span class='ocrx_word' id='word_1_160' title='bbox 502 2997 572 3039; x_wconf 83' lang='lat' dir='ltr'><strong>esse</strong></span> <span class='ocrx_word' id='word_1_161' title='bbox 604 2978 734 3038; x_wconf 86' lang='lat' dir='ltr'><strong>oonsilia</strong></span> <span class='ocrx_word' id='word_1_162' title='bbox 762 2976 958 3058; x_wconf 82' lang='lat' dir='ltr'><strong>evangelica,</strong></span> <span class='ocrx_word' id='word_1_163' title='bbox 993 2975 1048 3037; x_wconf 83' lang='lat' dir='ltr'><strong>sed</strong></span> 
     </span>
     <span class='ocr_line' id='line_1_29' title="bbox 128 3060 1073 3142; baseline -0.001 -21"><span class='ocrx_word' id='word_1_164' title='bbox 128 3061 241 3134; x_wconf 71' lang='lat' dir='ltr'><strong>omnia,</strong></span> <span class='ocrx_word' id='word_1_165' title='bbox 263 3081 342 3140; x_wconf 88' lang='lat' dir='ltr'><strong>quae</strong></span> <span class='ocrx_word' id='word_1_166' title='bbox 364 3062 395 3121; x_wconf 92' lang='lat' dir='ltr'><strong>in</strong></span> <span class='ocrx_word' id='word_1_167' title='bbox 418 3061 580 3142; x_wconf 83' lang='lat' dir='ltr'><strong>evangalio</strong></span> <span class='ocrx_word' id='word_1_168' title='bbox 598 3060 765 3139; x_wconf 61' lang='lat' dir='ltr'><strong>sint,„diait</strong></span> <span class='ocrx_word' id='word_1_169' title='bbox 787 3079 856 3120; x_wconf 87' lang='lat' dir='ltr'><strong>esse</strong></span> <span class='ocrx_word' id='word_1_170' title='bbox 872 3064 1073 3140; x_wconf 58' lang='lat' dir='ltr'><strong>praecepta*</strong></span> 
     </span>
    </p>

    <p class='ocr_par' dir='ltr' id='par_1_13' title="bbox 102 3139 1047 3389">
     <span class='ocr_line' id='line_1_30' title="bbox 102 3139 1046 3223; baseline -0.004 -18"><span class='ocrx_word' id='word_1_171' title='bbox 102 3139 109 3151; x_wconf 80' lang='lat'><strong><em>‘</em></strong></span> <span class='ocrx_word' id='word_1_172' title='bbox 211 3142 262 3204; x_wconf 89' lang='lat' dir='ltr'><strong>VI.</strong></span> <span class='ocrx_word' id='word_1_173' title='bbox 283 3145 365 3205; x_wconf 86' lang='lat' dir='ltr'><strong>Diait</strong></span> <span class='ocrx_word' id='word_1_174' title='bbox 386 3146 494 3220; x_wconf 84' lang='lat' dir='ltr'><strong>etiam,</strong></span> <span class='ocrx_word' id='word_1_175' title='bbox 517 3143 601 3223; x_wconf 90' lang='lat' dir='ltr'><strong>qnod</strong></span> <span class='ocrx_word' id='word_1_176' title='bbox 622 3144 705 3205; x_wconf 86' lang='lat' dir='ltr'><strong>Dens</strong></span> <span class='ocrx_word' id='word_1_177' title='bbox 736 3142 874 3222; x_wconf 84' lang='lat' dir='ltr'><strong>exigeret</strong></span> <span class='ocrx_word' id='word_1_178' title='bbox 897 3160 1046 3202; x_wconf 88' lang='lat' dir='ltr'><strong>summam</strong></span> 
     </span>
     <span class='ocr_line' id='line_1_31' title="bbox 128 3224 1047 3314; baseline -0.004 -26"><span class='ocrx_word' id='word_1_179' title='bbox 128 3225 351 3306; x_wconf 65' lang='lat' dir='ltr'><strong>patentiorem</strong></span> <span class='ocrx_word' id='word_1_180' title='bbox 370 3247 390 3287; x_wconf 87' lang='lat' dir='ltr'><strong>a</strong></span> <span class='ocrx_word' id='word_1_181' title='bbox 410 3226 548 3307; x_wconf 85' lang='lat' dir='ltr'><strong>quolibet</strong></span> <span class='ocrx_word' id='word_1_182' title='bbox 560 3227 744 3314; x_wconf 71' lang='lat' dir='ltr'><strong>Christiano,</strong></span> <span class='ocrx_word' id='word_1_183' title='bbox 767 3232 798 3285; x_wconf 85' lang='lat' dir='ltr'><strong>et</strong></span> <span class='ocrx_word' id='word_1_184' title='bbox 820 3224 1047 3286; x_wconf 79' lang='lat' dir='ltr'><strong>observantiam</strong></span> 
     </span>
     <span class='ocr_line' id='line_1_32' title="bbox 128 3309 407 3389; baseline 0.011 -20"><span class='ocrx_word' id='word_1_185' title='bbox 128 3309 224 3371; x_wconf 83' lang='lat' dir='ltr'><strong>totius</strong></span> <span class='ocrx_word' id='word_1_186' title='bbox 245 3309 407 3389; x_wconf 83' lang='lat' dir='ltr'><strong>evangelii.</strong></span> 
     </span>
    </p>

    <p class='ocr_par' dir='ltr' id='par_1_14' title="bbox 129 3389 1049 3551">
     <span class='ocr_line' id='line_1_33' title="bbox 211 3389 1048 3472; baseline -0.001 -22"><span class='ocrx_word' id='word_1_187' title='bbox 211 3390 276 3452; x_wconf 86' lang='lat' dir='ltr'>Vll.</span> <span class='ocrx_word' id='word_1_188' title='bbox 300 3391 534 3453; x_wconf 71' lang='lat' dir='ltr'><strong>confessionem</strong></span> <span class='ocrx_word' id='word_1_189' title='bbox 569 3389 829 3472; x_wconf 72' lang='lat' dir='ltr'><strong>Sacramentaiem</strong></span> <span class='ocrx_word' id='word_1_190' title='bbox 874 3389 950 3450; x_wconf 77' lang='lat' dir='ltr'><strong>dicit</strong></span> <span class='ocrx_word' id='word_1_191' title='bbox 985 3407 1048 3449; x_wconf 90' lang='lat' dir='ltr'><strong>non</strong></span> 
     </span>
     <span class='ocr_line' id='line_1_34' title="bbox 129 3470 1049 3551; baseline -0.003 -16"><span class='ocrx_word' id='word_1_192' title='bbox 129 3493 199 3535; x_wconf 83' lang='lat' dir='ltr'><strong>assa</strong></span> <span class='ocrx_word' id='word_1_193' title='bbox 221 3472 259 3537; x_wconf 87' lang='lat' dir='ltr'><strong>ds</strong></span> <span class='ocrx_word' id='word_1_194' title='bbox 280 3474 473 3551; x_wconf 85' lang='lat' dir='ltr'><strong>inredivinn,</strong></span> <span class='ocrx_word' id='word_1_195' title='bbox 495 3473 550 3535; x_wconf 86' lang='lat' dir='ltr'><strong>sed</strong></span> <span class='ocrx_word' id='word_1_196' title='bbox 563 3493 602 3534; x_wconf 85' lang='lat' dir='ltr'><strong>ex</strong></span> <span class='ocrx_word' id='word_1_197' title='bbox 613 3475 805 3535; x_wconf 85' lang='lat' dir='ltr'><strong>institutione</strong></span> <span class='ocrx_word' id='word_1_198' title='bbox 815 3472 987 3538; x_wconf 72' lang='lat' dir='ltr'><strong>innocentii</strong></span> <span class='ocrx_word' id='word_1_199' title='bbox 997 3470 1049 3533; x_wconf 88' lang='lat'><em>111.</em></span> 
     </span>
    </p>

    <p class='ocr_par' dir='ltr' id='par_1_15' title="bbox 129 3552 1048 3700">
     <span class='ocr_line' id='line_1_35' title="bbox 211 3552 1048 3636; baseline -0.001 -21"><span class='ocrx_word' id='word_1_200' title='bbox 211 3555 288 3618; x_wconf 81' lang='lat' dir='ltr'><strong>Vlli.</strong></span> <span class='ocrx_word' id='word_1_201' title='bbox 312 3558 454 3618; x_wconf 69' lang='lat' dir='ltr'><strong>Oenones</strong></span> <span class='ocrx_word' id='word_1_202' title='bbox 467 3556 542 3617; x_wconf 78' lang='lat' dir='ltr'><strong>dicit</strong></span> <span class='ocrx_word' id='word_1_203' title='bbox 553 3556 667 3618; x_wconf 80' lang='lat' dir='ltr'><strong>dooere</strong></span> <span class='ocrx_word' id='word_1_204' title='bbox 682 3552 850 3635; x_wconf 59' lang='lat' dir='ltr'><strong>atentiam,</strong></span> <span class='ocrx_word' id='word_1_205' title='bbox 863 3553 1048 3636; x_wconf 88' lang='lat' dir='ltr'><strong>superbiam,</strong></span> 
     </span>
     <span class='ocr_line' id='line_1_36' title="bbox 129 3638 292 3700; baseline 0.018 -3"><span class='ocrx_word' id='word_1_206' title='bbox 129 3638 292 3700; x_wconf 84' lang='lat' dir='ltr'><strong>luxuriam.</strong></span> 
     </span>
    </p>
   </div>
   <div class='ocr_carea' id='block_1_7' title="bbox 212 3719 1051 3793">
    <p class='ocr_par' dir='ltr' id='par_1_16' title="bbox 212 3719 1051 3793">
     <span class='ocr_line' id='line_1_37' title="bbox 212 3719 1051 3793; baseline -0.004 -9"><span class='ocrx_word' id='word_1_207' title='bbox 212 3721 263 3784; x_wconf 86' lang='lat' dir='ltr'><strong>lx.</strong></span> <span class='ocrx_word' id='word_1_208' title='bbox 276 3722 441 3793; x_wconf 83' lang='lat' dir='ltr'><strong>Hominem</strong></span> <span class='ocrx_word' id='word_1_209' title='bbox 453 3720 527 3782; x_wconf 82' lang='lat' dir='ltr'><strong>dicit</strong></span> <span class='ocrx_word' id='word_1_210' title='bbox 537 3739 601 3783; x_wconf 88' lang='lat' dir='ltr'><strong>non</strong></span> <span class='ocrx_word' id='word_1_211' title='bbox 613 3721 728 3784; x_wconf 87' lang='lat' dir='ltr'><strong>habere</strong></span> <span class='ocrx_word' id='word_1_212' title='bbox 739 3719 869 3787; x_wconf 75' lang='lat' dir='ltr'><strong>liberum</strong></span> <span class='ocrx_word' id='word_1_213' title='bbox 881 3720 1051 3787; x_wconf 77' lang='lat' dir='ltr'><strong>arbitn&#39;um.</strong></span> 
     </span>
    </p>
   </div>
   <div class='ocr_carea' id='block_1_8' title="bbox 0 0 1185 4200">
    <p class='ocr_par' dir='ltr' id='par_1_17' title="bbox 0 0 1185 4200">
     <span class='ocr_line' id='line_1_38' title="bbox 0 0 1185 4200; baseline 0 0"><span class='ocrx_word' id='word_1_214' title='bbox 0 0 1185 4200; x_wconf 95' lang='lat' dir='ltr'><strong> </strong></span> 
     </span>
    </p>
   </div>
  </div>
 </body>
</html>
