2356 4200
185 261 249 329 180
431 264 628 323 Resolutiones
645 263 755 334 Disput.
772 263 854 318 Lutlr.

185 439 291 514 pertus
313 431 402 493 dicit:
423 432 490 495 Nisi
513 434 585 513 quia
607 433 757 496 Dominus
779 431 896 495 adiuvit
915 451 980 510 me,
1001 431 1111 512 paulo-

186 515 286 577 minus
308 514 480 577 habitasset
499 517 530 577 in
552 515 671 579 inferno
695 518 797 578 anima
820 520 898 580 meai
951 514 992 576 Et
1021 513 1111 575 alibi:

183 598 312 679 Repleta
334 606 381 660 est
404 599 491 661 malis
513 601 617 662 anima
639 620 721 672 mea,
751 606 782 661 st
807 600 870 660 vita
892 617 961 660 mea
988 595 1111 659 inferno

185 681 454 763 appropinquavit.
504 683 544 744 Et
571 703 705 745 rursum:
749 682 905 763 Dissipats
932 687 1004 743 sunt
1035 699 1113 743 ossa

184 772 291 827 nostra
311 783 401 826 secus
423 765 582 827 infernum.
626 767 667 828 Et
677 765 872 828 ‘assimilatus
894 783 962 826 sum
983 762 1112 824 descen-

90 898 93 907 .
185 845 326 909 dentibus
347 849 378 908 in
400 848 532 911 lacum„
555 849 594 910 dt
615 851 742 911 iterum:
772 847 872 923 Quam
884 847 994 910 multas
1008 854 1111 908 osten·

185 930 256 991 disti
291 930 364 990 mihi
393 931 605 993 tribulationes
633 951 763 1013 magnas
792 937 824 993 et
858 931 973 1007 malas,
1006 936 1037 990 et
1072 929 1113 991 do

186 1013 305 1094 abyssis
343 1019 442 1075 terrae
477 1015 586 1076 iterunr
618 1015 767 1077 reduxisti
800 1033 858 1075 ms.
913 1012 1087 1075 Ezechias*
1094 1011 1114 1092 ).

185 1114 259 1157 vero
283 1094 369 1161 dicit:
416 1097 485 1177 Ego
517 1097 581 1158 dixi
610 1100 642 1159 in
672 1098 797 1159 dimidio
820 1097 936 1157 dierum
960 1114 1111 1179 meorum,

186 1178 297 1240 vadam
320 1178 358 1238 ad
381 1187 487 1260 portas
509 1181 605 1242 inferi.
649 1182 688 1243 ut
709 1181 801 1242 infra:
825 1180 911 1241 Sicut
930 1180 980 1241 leo
999 1179 1112 1240 contri·

186 1263 230 1322 rit
250 1262 356 1323 omnio
377 1281 449 1325 ossa
472 1283 557 1341 mea,
593 1265 677 1344 quod
698 1271 780 1325 certe
802 1283 863 1325 uon
886 1264 944 1324 nisi
966 1261 1112 1343 intolera-

185 1343 238 1406 bili
259 1343 372 1405 laotum
394 1344 522 1408 horrore
544 1355 646 1427 potest
667 1346 817 1428 intelligi?

268 1424 393 1506 Quinto,
415 1448 508 1508 quam
531 1431 724 1508 multisunt,
747 1431 798 1509 qui
820 1448 917 1508 usque
937 1426 1031 1488 hodie
1052 1426 1111 1489 has

185 1527 303 1590 poenas
335 1520 477 1591 gustant,
513 1532 585 1574 uam
615 1521 645 1575 ct
673 1514 785 1575 Johun.
814 1512 962 1573 Taulerus
992 1510 1111 1575 insuia

184 1592 360 1654 Teutonicis
383 1594 499 1657 Sermo.
529 1597 603 1676 qnid
625 1596 706 1659 aliud
739 1595 844 1672 donet,
884 1612 975 1674 quam
1004 1611 1110 1655 earum

184 1694 354 1758 poenarum
377 1680 556 1759 paupiones,
585 1699 714 1758 quarum
745 1689 776 1740 et
797 1678 941 1759 exempla
961 1675 1113 1739 nonnulle

186 1758 335 1821 adducit?
376 1761 479 1840 Atque
501 1762 582 1823 huno
604 1762 761 1824 doctorem
784 1763 849 1822 scio
879 1761 1002 1841 quidem
1023 1760 1112 1840 igno-

186 1848 249 1903 tum
273 1862 342 1904 esse
363 1844 477 1907 scholis
500 1845 732 1927 theologorum,
767 1844 899 1924 ideoque
927 1843 1007 1904 forte
1038 1861 1111 1905 con-

96 1975 105 1983 ,
184 1925 394 2009 temptibileru,
416 1927 471 1988 sed
492 1947 552 2011 ego
573 1929 642 2009 plns
664 1931 695 1989 in
717 1948 755 1990 eo
781 1928 869 2005 (licet
890 1925 1112 1988 totusGerrua·

185 2029 294 2072 norum
322 2011 487 2072 vernacula
516 2015 555 2074 sit
577 2014 787 2093 conscriptus)
813 2013 911 2092 reperi
933 2009 1112 2089 theologiae

185 2093 304 2155 solidae
326 2101 357 2154 et
378 2095 526 2173 sincerae,
548 2114 640 2175 quarn
661 2097 691 2155 in
714 2096 863 2155 universis
886 2094 1023 2157 omnium
1046 2093 1111 2153 uni·

185 2178 362 2236 versitatum
385 2177 577 2239 scholasticis
601 2178 779 2239 doctoribus
801 2184 955 2264 repertum
977 2184 1035 2255 ost,
1059 2181 1112 2237 aut

185 2261 310 2340 reperiri
332 2262 431 2339 possit
451 2262 480 2321 in
504 2263 566 2322 suis
589 2262 757 2323 sententiis.

268 2341 329 2403 Sed
352 2349 384 2403 et
404 2363 463 2424 ego
485 2347 559 2406 novi
581 2344 748 2422 hominem,
770 2345 822 2423 qui
840 2343 895 2404 has
914 2361 1032 2423 poenas
1045 2361 1112 2402 sae·

185 2425 254 2504 pius
277 2445 401 2505 passum
424 2447 492 2488 sese
515 2430 659 2505 asseruit,
689 2427 870 2488 brevissimo
893 2426 1015 2518 quidem
1039 2432 1113 2486 tem·

187 2509 270 2588 poris
291 2509 462 2589 intervallo,
485 2511 540 2573 sed
560 2520 659 2572 tantas
682 2531 718 2572 ao
740 2518 802 2572 tam
820 2509 994 2588 infernales,
1017 2527 1112 2587 quau·

187 2598 234 2652 tas
256 2611 314 2652 uec
335 2593 439 2672 lingua
463 2594 574 2673 dicere,
598 2613 656 2654 uec
669 2594 805 2655 calamus
827 2593 970 2671 scribere,
995 2611 1054 2653 nec
1070 2593 1112 2651 in·

187 2678 332 2754 expertus
353 2676 479 2737 credere
500 2684 611 2757 potest,
635 2678 678 2739 ita
700 2685 749 2756 ut,
772 2678 797 2737 si
819 2676 1038 2756 perficerentur
1060 2682 1112 2736 aut

187 2757 227 2817 ad
249 2758 379 2818 mediam
402 2758 510 2820 horam
533 2761 686 2838 durarent,
708 2762 769 2821 imo
793 2759 832 2820 ad
846 2760 941 2820 horae
959 2758 1111 2819 decimam

187 2848 316 2921 partem,
337 2841 471 2903 funditus
494 2846 622 2923 periret,
645 2853 675 2903 et
697 2862 769 2904 ossa
792 2843 895 2902 omnia
917 2843 947 2902 in
978 2842 1111 2902 cinerem

187 2924 405 3004 redigerentur.

270 3008 327 3068 Hic
353 3009 437 3068 Deus
466 3015 595 3090 apparet
621 3008 803 3070 horribiliter
830 3007 940 3086 iratus,
978 3014 1010 3067 et
1043 3026 1112 3068 curn

188 3109 226 3149 eo
248 3092 361 3170 pariter
383 3094 525 3152 universa
546 3100 695 3153 creatura.
728 3091 805 3152 Tum
829 3091 910 3151 nulla
930 3091 1013 3170 fuga,
1030 3089 1113 3150 nulla

188 3174 371 3251 consolatio,
394 3195 453 3234 nec
474 3177 572 3253 intus,
595 3195 652 3236 neo
674 3175 764 3250 foris,
786 3174 841 3233 sed
865 3174 1001 3233 omnium
1024 3192 1112 3244 aceu-

188 3257 277 3317 satio.
320 3257 407 3316 Tunc
429 3258 529 3337 plorat
551 3259 632 3319 hunc
654 3277 791 3318 versum:
825 3257 982 3317 Proiectus
1005 3275 1073 3317 sum
1095 3277 1114 3316 a

187 3338 267 3399 faeie
279 3340 438 3400 oculorum
452 3349 572 3402 tuorum
583 3341 648 3416 ‘'1‘).
684 3341 749 3400 Neo
760 3338 868 3399 saltem
886 3338 979 3400 audet
994 3339 1111 3400 dicere:

188 3421 338 3498 Domine,
361 3442 400 3483 ne
422 3424 452 3483 in
473 3424 575 3483 surore
597 3431 649 3484 tuo
678 3442 789 3502 arguas
811 3421 954 3497 me***).
998 3421 1031 3482 In
1054 3421 1112 3482 hoc

189 3513 344 3565 momento
370 3505 527 3580 (mirabile
550 3505 649 3588 dictu)
667 3524 728 3567 non
742 3511 847 3585 potest
858 3506 961 3565 anima
978 3504 1111 3581 credere,

242 3779 275 3850 ‘)
294 3779 358 3834 Eas.
376 3780 419 3836 38.
457 3780 506 3850 “)
527 3782 606 3837 Prov.
626 3781 668 3838 31.
707 3781 774 3849 υ’)
796 3782 867 3836 Psal.
888 3783 913 3838 6.
