2356 4200
462 320 489 363 ι.
509 303 582 362 rurs
598 305 695 360 usura
983 286 1046 361 137

137 486 190 558 tes,
210 496 354 557 veraoes,
377 495 415 538 ae
434 476 506 539 ideo
528 479 688 558 timentes,
715 481 909 555 reverentes,
931 473 1047 556 magni·

134 562 253 623 deantes
275 561 372 623 solius
394 561 451 622 Dei
472 580 598 623 nomen.

204 645 253 705 Ex
269 645 330 705 isto
354 650 457 706 autem
478 651 573 726 patet,
598 644 669 726 quid
687 645 727 705 sit
747 644 811 704 vita
831 648 938 704 nostra
958 659 1045 726 prae

131 747 213 806 sens,
243 734 276 788 et
297 729 343 788 sio
364 728 399 790 Β.
422 727 593 809 Cyprianus
621 728 709 807 dioit,
742 747 800 790 nos
822 725 982 787 admoneri
1014 724 1046 786 in

129 812 282 893 petitione·
298 811 406 890 quinta
426 830 485 873 nos
507 832 577 874 esse
598 818 795 893 peooatores,
818 810 906 886 dum,
928 807 1047 869 dimitte

129 894 213 956 nobis
235 893 360 971 debita,
391 899 498 975 petere
518 892 674 956 doeemur.
716 896 763 957 Ita
785 895 848 956 iere
868 912 924 975 per
945 893 1047 973 singu·

129 978 169 1038 las
191 977 362 1058 partionlas
385 978 571 1039 eredendum
608 984 669 1059 est,
702 998 761 1041 nos
797 977 886 1038 simul
920 992 1048 1036 monere

127 1061 328 1122 humilitatem
351 1066 383 1120 et
402 1062 555 1122 miseriam
578 1069 725 1123 nostram.
768 1060 858 1137 Quod
880 1061 906 1120 si
927 1059 970 1119 ita
991 1063 1047 1136 est,

127 1145 191 1224 quis
213 1150 264 1204 est
285 1162 420 1222 unquam
443 1145 604 1224 inventus,
627 1146 677 1224 qui
700 1146 793 1207 tantis
815 1144 926 1222 titulis,
955 1142 1048 1201 tantis

127 1226 289 1288 verborum
313 1226 428 1288 viribus
451 1234 576 1290 nostrae
599 1230 682 1289 vitae
704 1226 894 1309 tragoediam
925 1244 1048 1305 expres-

127 1312 176 1388 sit,
206 1311 288 1370 siout
315 1309 366 1369 hio
394 1330 472 1371 unus
500 1313 644 1392 exprimit
669 1313 701 1372 in
732 1312 800 1372 sola
828 1310 968 1370 oratione
988 1309 1049 1368 ista

99 1393 327 1454 brevissima?
369 1392 482 1455 Nonne
515 1394 554 1455 ad
584 1414 735 1455 summum
765 1393 884 1473 odium,
914 1390 1047 1452 taedium

126 1484 156 1537 et
173 1477 337 1537 horrorem
357 1477 439 1537 vitae
460 1477 549 1538 huius
571 1497 633 1538 non
664 1478 857 1556 exhortatur,
896 1476 947 1554 qui
980 1492 1048 1553 sep·

125 1566 183 1620 tem
207 1560 353 1620 miseriae
375 1558 469 1619 titulis
492 1579 561 1641 eam
583 1561 731 1621 aecusat?
767 1558 842 1635 Quis
863 1577 931 1619 earn
954 1557 1047 1617 vitam
1106 1610 1112 1627 ,

125 1662 185 1704 non
209 1643 356 1704 omnibus
379 1641 511 1703 laorimis
538 1642 662 1723 dignam
691 1649 791 1724 putet,
826 1661 916 1723 quam
945 1638 1050 1700 audiat

126 1725 277 1806 appellari
299 1727 399 1806 primo
420 1727 553 1786 nominis
574 1726 631 1787 Dei
661 1725 899 1807 blasphemiam,
937 1724 1048 1783 irreve-

125 1809 271 1883 rentiam,
301 1806 521 1889 pollutionem3
560 1808 696 1870 seeundo
724 1809 849 1870 exilium
878 1808 1048 1867 animarum

125 1891 266 1972 stregai
287 1890 346 1951 Dei
367 1909 405 1951 ao
427 1890 562 1952 Dominii
586 1892 844 1971 subtractionem,
879 1890 970 1950 tertio
1004 1888 1047 1948 in-

125 1973 334 2035 obedientiam
356 1992 394 2034 ae
414 1973 616 2035 rebellionem
639 1974 762 2035 divinae
779 1981 810 2035 et
822 1975 958 2054 optimae
977 1973 1048 2044 (vo-

125 2057 290 2135 luntatis),
322 2075 360 2117 ao
381 2058 426 2116 sio
445 2058 650 2118 resistentiam
673 2076 792 2119 summo
815 2057 898 2119 bono
920 2075 940 2114 a
962 2072 1048 2115 mero

125 2141 207 2201 malo
229 2140 360 2219 fastam,
394 2146 502 2219 quarto
532 2147 701 2220 egestatem
725 2147 756 2201 et
777 2140 936 2220 penuriam
959 2137 1049 2218 panis

124 2232 156 2283 et
177 2224 341 2283 universae
363 2224 555 2283 necessitatis
583 2231 614 2283 et
641 2224 851 2303 profusionem
874 2221 996 2281 animae
1018 2224 1050 2279 et

123 2307 281 2386 eorporis3
303 2307 409 2384 quinto
428 2308 704 2385 transgressionem
718 2305 871 2366 assiduam
888 2311 919 2364 et
940 2322 1047 2384 peooa·

125 2398 188 2448 tum
211 2394 329 2465 totum»,
352 2395 441 2448 sexto
464 2389 540 2450 nihil
561 2389 643 2448 aliud
667 2391 723 2449 nisi
747 2391 828 2449 intus
851 2393 882 2448 et
903 2387 976 2447 foris
997 2405 1050 2445 un-

125 2471 218 2551 dique
242 2473 442 2531 tentationem
473 2478 504 2531 et
531 2473 700 2551 perieulum
730 2491 767 2532 ao
788 2471 874 2531 velut
894 2469 1049 2530 assiduam

125 2553 351 2634 perditionem,
383 2554 514 2633 septimo
538 2557 660 2615 nonnisi
684 2556 815 2632 malum,
836 2571 987 2634 poenam,
1009 2551 1051 2611 af·

126 2637 308 2714 iliotionem,
331 2643 383 2696 aut
401 2638 523 2716 spiritus
541 2639 570 2696 iu
590 2645 736 2717 quantum
760 2656 881 2697 earnem
905 2636 1051 2714 sapimus,

126 2728 180 2780 aut
202 2721 303 2778 earnis
325 2720 355 2778 in
379 2727 525 2798 quantum
549 2722 685 2799 spiritum
710 2722 855 2800 sapimus,
877 2725 970 2796 atque
990 2717 1052 2776 hoo

125 2804 227 2882 ipsum
249 2802 475 2882 incipiendum,
498 2809 529 2862 et
550 2803 589 2862 ad
612 2803 702 2882 illud,
731 2803 814 2882 quod
834 2803 900 2861 sine
921 2799 982 2858 tine
1005 2804 1053 2859 est

126 2885 306 2946 tenendum.
349 2885 462 2964 Utique
495 2885 572 2945 haee
605 2888 674 2967 ipsa
707 2892 778 2946 sunt
799 2885 934 2945 maxima
957 2887 987 2941 et
1008 2883 1051 2940 in-

128 2969 300 3028 tentissime
334 2966 520 3047 signifioata,
550 2968 595 3028 sio
627 2977 661 3029 ut
689 2968 849 3048 quodlibet
873 2968 903 3025 iu
927 2985 960 3024 se
982 2965 1050 3025 solo

126 3050 221 3132 digne
256 3049 445 3131 ponderetur
477 3058 508 3110 et
536 3051 715 3112 discutiatur
743 3071 811 3111 eum
835 3051 899 3110 suis
921 3048 1051 3108 annexis

126 3144 158 3194 et
170 3134 315 3212 sequelis,
337 3151 415 3212 quae
430 3135 534 3193 omnia
550 3134 588 3193 de
605 3136 694 3195 nobis
712 3134 908 3208 affirmamus,
927 3129 1050 3210 quando

127 3235 262 3276 oramus.
307 3215 376 3275 Non
390 3217 470 3275 enim
495 3235 662 3293 oraremus,
685 3218 709 3276 si
732 3218 761 3276 in
787 3216 897 3277 talibus
920 3233 980 3274 non
1006 3233 1050 3273 es·

127 3284 248 3376 semus',
282 3304 335 3357 aut
367 3297 446 3358 falso
477 3307 508 3358 et
536 3297 607 3360 fiete
630 3309 802 3376 oraremus,
837 3298 909 3376 quia
930 3316 1053 3376 semper

127 3383 268 3441 oratione
291 3382 415 3460 propria
437 3388 574 3441 nostram
598 3383 750 3442 miseriam
771 3380 965 3458 eonfitemur,
988 3381 1049 3440 imo

127 3455 268 3525 confiteri
302 3470 333 3523 et
359 3482 530 3544 agnosoere
557 3484 725 3525 monemur.
773 3465 821 3524 Ao
852 3483 908 3543 per
934 3463 995 3522 hoo
1025 3464 1050 3522 si

128 3550 195 3628 quis
225 3566 288 3608 non
320 3547 377 3606 nisi
415 3548 585 3607 orationem
621 3568 706 3607 suam
742 3547 943 3627 intelligeret,
978 3546 1051 3606 satis

127 3630 249 3692 abunde
272 3631 318 3689 sui
341 3636 372 3689 et
392 3629 449 3689 Dei
471 3631 678 3711 oognitionem
703 3631 845 3708 haberet,
873 3649 913 3689 ex
942 3629 1051 3707 quibus

128 3716 220 3774 etiam
252 3714 328 3773 satis
363 3711 515 3772 abundem
551 3732 673 3793 semper
700 3712 930 3793 contritionem,
969 3729 1051 3772 oom-

123 3798 325 3874 pnnotionem
353 3801 386 3850 et
411 3794 554 3855 Iaorimas
579 3797 744 3864 inveniret.
791 3797 882 3879 Quae
906 3796 993 3863 enlm
1011 3795 1062 3861 tls
