2356 4200
131 900 141 991 '.
302 872 531 999 ‘'Epitoma‘
549 816 874 997 Responsionis
960 816 963 834 ¹

330 1036 604 1098 adldartinum
628 1039 845 1100 Lutberunr.
896 1053 901 1062 ·
950 1062 952 1067 ·

274 1247 420 1309 Martinus
434 1244 592 1339 ⁶Lutberus
612 1246 667 1309 Pio
690 1248 810 1333 Laetori
832 1247 901 1329 S.¹)
1002 1325 1005 1331 ,

127 1402 131 1413 ·
161 1404 186 1417 ··
210 1376 366 1436 Hactenus
389 1394 457 1436 oum
480 1377 627 1438 silvestro
650 1395 738 1456 meo,
762 1379 919 1439 carissime
941 1376 1047 1456 lentur,

126 1462 171 1520 sio
192 1478 242 1520 me
269 1459 372 1519 vidisti
394 1461 425 1518 in
447 1479 480 1519 re
502 1459 661 1540 poutilloia
683 1476 791 1540 agere,
821 1467 854 1519 ut
881 1463 978 1541 magis
1005 1461 1048 1520 lo·

126 1560 213 1603 ourer
231 1551 266 1603 et
287 1543 442 1620 luderem·,-
473 1562 563 1622 quarn
599 1545 679 1602 serio
701 1545 863 1622 quiequam
887 1550 1048 1605 tentarem.

125 1625 224 1702 Quem
247 1628 381 1685 animum
404 1626 478 1685 mihi
501 1625 690 1706 praestabat,
724 1626 807 1706 quod
828 1626 984 1687 bominem
1006 1628 1048 1685 vi-

125 1709 229 1770 derem
256 1708 440 1789 uon-modo¹
460 1709 543 1769 rudis
566 1716 597 1768 et
628 1708 748 1771 barbari
779 1709 911 1790 ingenii,
943 1722 1048 1770 verum

126 1795 220 1853 etiam
239 1791 375 1852 tenebris
397 1792 537 1852 Thomist
537 1793 603 1867 icis,
625 1799 656 1851 at
677 1792 838 1873 nugalibus
856 1791 1049 1872 Pontificum,-

123 1894 180 1937 seu
228 1877 331 1955 potius
377 1875 541 1936 scribarum
591 1874 873 1936 indoctissimomm
917 1875 1049 1936 decretis

125 1959 294 2039 captivum,
317 1957 448 2036 quadam
471 1959 600 2038 simplioi
629 1958 796 2018 stoliditate
826 1976 866 2018 ex
887 1977 937 2019 me
959 1976 1049 2038 quae·

124 2062 191 2104 rere
213 2042 407 2121 triumphurn.

207 2124 251 2184 At
238 2131 361 2203 tunna,
384 2124 456 2205 quid
479 2130 582 2184 monst
583 2126 607 2183 ri
570 2124 775 2202 taluerit,
767 2142 798 2184 1n
816 2069 915 2187 luoern
936 2125 1049 2205 prodit

125 2210 243 2269 ulturus
264 2210 344 2267 enim
368 2208 463 2268 borno
485 2207 667 2268 miserabilis
694 2209 782 2267 iooos
811 2227 912 2287 meos,
945 2207 1050 2289 Epito-

125 2312 214 2365 man‚
242 2311 297 2351 seu
323 2297 373 2365 (ut
395 2291 617 2358 Silvestraliter
636 2290 841 2371 graeciasem)
863 2291 1046 2371 Epitoma2)

125 2375 336 2456 responsionis
358 2373 399 2435 ad
419 2375 582 2434 Martinum
601 2374 767 2435 Lutberum
791 2373 895 2452 edidit,
917 2380 964 2435 tot
984 2384 1049 2436 tan·

126 2461 227 2539 tiaque
248 2457 446 2536 blasphemiis
462 2459 596 2537 a'oapite
613 2457 652 2517 ad
672 2458 769 2537 pedes
786 2458 1048 2538 usquerelertrrrn‚

125 2546 210 2602 utin
233 2541 335 2601 medio
359 2549 473 2601 tartaro
512 2542 551 2601 ab
582 2542 716 2621 ipsomet
743 2548 852 2602 satana
878 2540 993 2602 editum
1016 2541 1049 2603 li-

125 2625 241 2687 bellum
264 2626 447 2685 existimem.
491 2622 523 2684 Si
545 2625 665 2685 Romae
686 2624 886 2685 sio'sentitur
906 2631 937 2685 et
959 2625 1062 2687 doce»

126 2717 188 2788 tur,
213 2708 378 2768 scientibus
399 2706 550 2768 Pontifiue
573 2713 604 2768 et
626 2708 840 2769 Cardinalibus
864 2708 966 2788 (quod
987 2726 1050 2770 non

125 2802 250 2872 sparo),
286 2791 382 2852 libere
403 2792 575 2871 pronuncio
596 2791 645 2852 his
667 2793 804 2872 seriptis,
840 2792 1050 2853 antichristum

124 2876 211 2936 illum
233 2891 337 2936 verum
367 2875 476 2935 sedere
505 2876 536 2933 in
568 2875 684 2956 templo
706 2876 780 2951 Dei,
809 2881 840 2934 et
866 2891 995 2957 regnare
1016 2877 1048 2935 in

126 2958 287 3040 Babylone
309 2959 364 3018 illa
385 2965 559 3039 purpurata,
581 2959 690 3038 Roma,
713 2964 745 3017 et
757 2959 871 3018 curiam
889 2978 1049 3020 romanam

128 3061 199 3103 esse
221 3061 415 3122 synagogam
438 3049 576 3101 satanae

209 3123 291 3199 Quid
312 3124 434 3184 diuam?
477 3125 593 3204 Papam
616 3124 771 3202 quemvis,
800 3126 891 3185 etiarn
913 3126 1050 3206 impium,

125 3210 231 3269 Deum
248 3207 336 3268 nobie
359 3208 446 3286 facit
477 3215 507 3267 et
496 3207 620 3269 trobur
641 3208 764 3267 divinae
787 3207 979 3288 Scripturas,
1018 3209 1050 3268 id

125 3299 183 3371 eat
206 3283 291 3352 verbi
312 3293 370 3352 Dei
392 3293 474 3369 vim,
513 3291 611 3373 quod
618 3297 665 3351 eat
685 3292 752 3370 ipse
775 3291 874 3372 Deus,
908 3312 947 3353 ex
968 3293 1048 3352 illius

124 3377 268 3453 huminis,
291 3378 384 3435 etiam
398 3376 494 3454 impii,
516 3365 679 3435 autoritate
696 3373 832 3455 pendere
842 3377 960 3452 staturi
979 3393 1048 3436 oum

124 3468 230 3520 tamen
260 3477 367 3520 omnes
400 3458 490 3518 simul
518 3460 710 3538 lateantur,
720 3457 824 3538 Papae
854 3461 1049 3520 autoritatem

124 3543 219 3604 robur
240 3541 355 3604 habere
394 3561 432 3603 ex
454 3542 508 3602 illo
533 3540 664 3602 Christi:
707 3540 754 3601 'ru
784 3561 816 3602 es
844 3541 969 3620 Petrus,
1003 3547 1050 3604 et:

180 3711 212 3779 1)
233 3711 264 3762 In
284 3710 327 3765 ed.
342 3711 443 3777 prino:
437 3707 568 3762 .Lectori
580 3711 629 3763 Pro
640 3710 717 3764 Mart
727 3707 753 3760 L.
767 3708 899 3811 Salutem.
926 3707 958 3777 2)
980 3707 1050 3766 Ibid

124 3786 259 3854 scriptum
279 3782 393 3851 legitur:
411 3779 571 3847 Epithoma
