2356 4200
454 276 488 333 D.
507 277 585 332 lut.
604 276 728 341 liuthari,
988 274 1052 346 Μ

126 444 242 506 nullam
280 447 406 507 omnino
438 446 607 508 Academia
641 446 880 513 iurisdietionem
899 442 1048 509 {liaberet

126 526 384 608 Quandoquidem
417 537 520 591 autem
553 530 615 592 hoc
645 537 694 591 est
723 530 1052 610 principissa-cornui,¹

127 629 205 690 quae
227 610 340 672 deindo
362 619 588 690 successerunt,
620 631 735 694 operae
764 613 898 692 pretium·
918 612 975 675 erit
995 613 1049 673 illa

126 693 287 774 paradoxa
306 713 478 770 recensere,
498 703 591 776 prout
611 702 684 760 tune
705 695 865 777 proposita
887 701 919 755 ct
939 694 1047 756 inuo-

127 777 183 837 rnis
204 775 329 838 lutheri
349 778 447 838 relata
467 779 598 840 luerunt.
645 778 793 855 (Theses,
815 775 891 858 quis
912 778 1049 855 inseruit,

126 860 369 1002 praetermittere
390 862 489 922 visum
523 868 585 941 est,
620 881 688 922 eum
722 862 753 922 iu
774 861 880 922 Tomis
913 860 1049 942 allegato

137 959 197 1004 ooo
218 941 417 1018 habeantur.)
450 943 537 1005 Haeo
556 945 648 1026 igitur
660 944 797 1006 themata
813 962 868 1005 seu
888 941 1051 1024 paradoxa

127 1032 191 1086 tum
213 1027 375 1106 proposita
395 1027 525 1090 fuerunt.
573 1028 685 1088 Factus
708 1033 816 1089 ¹antem
837 1034 893 1087 est
920 1044 1051 1106 magnus

127 1107 166 1168 ad
187 1107 427 1188 disputationem
451 1128 633 1189 concursus,
656 1130 719 1171 nou
748 1116 881 1175 turitunii·
898 1107 1049 1170 surdioso-

127 1211 203 1271 rnm,
226 1191 280 1251 sed
304 1193 396 1252 etiam
419 1194 529 1252 civium
553 1201 584 1254 et
594 1193 774 1271 aulicorum,
797 1200 890 1272 atque
912 1193 1049 1252 omniurn

127 1271 359 1355 Theologornm
380 1274 606 1357 Heidelbergce
634 1283 698 1337 turn
720 1276 914 1350 docentiumt
945 1292 985 1334 ac
1004 1273 1049 1334 di-

128 1362 289 1437 sputarunt
309 1375 373 1417 non
395 1359 494 1418 solum
516 1359 661 1420 monachi
682 1357 805 1438 eruditi,
828 1372 934 1419 vetum
954 1357 1049 1418 etium

128 1439 323 1521 Professores
344 1439 512 1522 Theologi,
539 1443 590 1520 qui
611 1441 666 1503 illo
689 1451 828 1521 tempore
847 1446 952 1519 erant,
973 1439 1050 1501 llar-

128 1540 182 1582 cus
202 1522 293 1600 Ries,
325 1521 503 1585 Laurentius
527 1524 675 1603 Wollius,
709 1524 868 1585 Jobannes
886 1523 1054 1602 Hosserus,

128 1604 234 1666 Petrus
258 1603 511 1686 Scheibenhardt,
534 1607 688 1689 Georgius
708 1607 813 1687 Niger.
854 1607 1053 1687 Disputatnm

127 1693 216 1748 ceute
238 1692 271 1748 et
291 1691 436 1768 graviter,
458 1709 516 1751 nec
537 1692 637 1750 minus
659 1689 817 1767 modeste,
836 1689 972 1771 ipsomet
988 1689 1050 1748 'Lu-

128 1770 215 1831 tbero
238 1776 318 1831 teste
332 1772 363 1831 in
380 1772 512 1853 epistola
527 1792 565 1833 ac
577 1773 771 1853 Spoletinum
784 1771 839 1849 (oi.
853 1771 940 1834 Lutlr.
952 1771 1055 1855 Epist,

128 1852 321 1931 ed.Aurif.1,
342 1873 372 1934 p.
384 1857 424 1920 62
435 1873 502 1935 sqq.
524 1854 714 1934 deWettel,
734 1875 764 1936 p.
788 1859 848 1920 llo
869 1854 1051 1934 sqqornlrl

128 1935 213 2015 quod
235 1937 358 2015 quintus
380 1943 412 1998 et
433 1939 534 1999 iunior
544 1939 735 2019 Theologiae
747 1939 859 1999 doctor
876 1937 973 1997 linens
994 1937 1055 1998 bas

128 2017 292 2098 transibat,
321 2021 372 2098 qui
394 2021 426 2080 in
448 2021 569 2083 fervore
592 2022 809 2103 disputationis
829 2022 929 2092 ¹risum
958 2021 1055 2080 movit

128 2103 184 2163 toti
205 2101 376 2182 eruditorio,
399 2121 468 2163 cum
489 2106 656 2167 institeret:
685 2107 710 2164 si
736 2105 840 2165 rustici
869 2102 946 2163 hsce
968 2101 1058 2162 audi-1

129 2192 208 2264 rent,
233 2193 316 2246 certe
338 2186 490 2266 lapidibus
514 2208 572 2250 uos
595 2188 760 2249 obruerent
781 2195 813 2248 et
832 2184 1051 2247 interficerent.

128 2267 177 2334 ux
196 2267 389 2329 auditoribus
410 2268 502 2330 stiam
524 2270 654 2333 aderant
672 2272 819 2332 Martinus
833 2269 976 2347 Bucerus,
998 2268 1056 2328 lo·

127 2350 247 2410 hannss
276 2351 432 2430 Brentius,
470 2354 624 2414 Erhardus
660 2353 816 2434 Snepflus,
853 2350 1051 2412 Tbcobaldus

126 2433 305 2512 Billicenus,
329 2442 360 2495 ct
381 2436 433 2495 alii
454 2439 558 2517 magni
579 2445 652 2517 post
671 2437 805 2498 nominis
815 2435 979 2515 Theologi,
1001 2435 1052 2514 qui

127 2516 229 2577 mirati
257 2536 406 2597 acumen,
443 2520 693 2598 promtitudinem
726 2527 759 2581 et
785 2518 1051 2581 mansuetudinem

126 2598 266 2678 lutheri,
295 2600 544 2681 edisputatione
565 2604 706 2683 privatim
736 2623 806 2666 euni
839 2601 993 2672 adierunt,
1020 2606 1054 2660 st

127 2681 168 2742 de
188 2682 357 2762 nonnullis,
380 2702 459 2763 quae
480 2704 543 2746 non
564 2687 637 2747 satis
660 2686 793 2748 assecuti
814 2692 910 2761 erant,
931 2683 1051 2763 plenius

128 2764 241 2826 erudiri
273 2767 445 2828 voluerunt.
499 2768 577 2829 Prae
599 2771 709 2831 ceteris
739 2770 885 2829 Martinus
908 2767 1053 2842 Bucerus,

128 2849 182 2927 qui
202 2849 265 2908 iam
287 2847 469 2911 discentium
481 2851 589 2912 ordine
611 2859 760 2930 exemtus,
783 2850 1053 2912 commendatione

126 2931 283 2991 Francisci
314 2951 333 2991 a
362 2932 547 3014 Sickiugen,
578 2935 732 2996 Friderico
763 2934 904 2994 Palatino
930 2930 1052 2992 Heidel-

127 3013 242 3094 bergac
264 3034 284 3072 a
304 3017 400 3075 sacris
422 3023 497 3090 eret,
519 3015 549 3076 id
573 3016 816 3078 sibifuciendum
834 3034 903 3076 esse
924 3015 1058 3095 putavit,

128 3103 160 3156 et
182 3114 272 3175 cum,
296 3116 357 3176 qua
378 3097 502 3160 volebat
523 3100 675 3161 scribendi
698 3101 878 3174 celeritate,
904 3099 1052 3178 pleraque

126 3178 252 3240 Lutberi
274 3187 423 3259 notasset,
445 3185 609 3262 operosius
630 3203 698 3244 curn
721 3185 789 3264 ipso
809 3183 886 3263 egit,
908 3188 940 3241 et
958 3181 1060 3240 multa,

129 3281 169 3322 ex
190 3263 259 3341 ipso
282 3270 329 3324 est
351 3265 540 3344 sciscitatus,
563 3262 733 3346 dequibus
756 3265 917 3346 respondit
936 3269 1070 3343 aperte,

122 3363 167 3406 sc
187 3344 281 3426 plene
302 3347 462 3408 satisfecit:
493 3368 572 3427 quae
600 3369 750 3431 responsa
776 3366 899 3428 quoque
918 3347 1053 3407 Bucerus

128 3429 160 3487 in
189 3447 246 3489 suc
280 3428 457 3491 adversaria
492 3433 606 3493 retulit.
630 3469 666 3479 -
712 3432 772 3494 Sed
805 3433 872 3512 ipse
904 3429 1052 3490 Lutherus

129 3509 256 3571 easdem
278 3513 495 3574 conclusiones
517 3516 663 3594 peculiari
682 3517 794 3597 scripto
808 3512 1001 3574 confirmavit
1022 3520 1061 3571 et.

129 3592 262 3655 obscura
293 3595 469 3677 illustravit,
512 3606 543 3658 et
590 3619 609 3658 a
647 3599 765 3660 cavillis
807 3597 1062 3657 adversariorum*

129 3669 315 3756 vindicavit,
356 3678 438 3757 quod
490 3687 592 3742 exstat
641 3689 726 3744 torno
776 3681 875 3762 primo
924 3697 1051 3761 operum

128 3758 252 3821 Luthcri
294 3760 491 3828 latinorum“.
558 3763 622 3847 (cf.
651 3764 786 3826 Walchii
819 3762 982 3824 introduct.
1018 3764 1052 3823 in
1137 3852 1140 3858 ἱ

156 3865 248 3906 lantbert
262 3875 314 3916 opp.
329 3868 355 3910 V.
370 3868 396 3908 Δ.
414 3869 442 3909 sd
454 3869 494 3909 ret
509 3870 559 3911 bist
573 3871 588 3911 t.
602 3881 624 3922 p.
640 3871 689 3915 Vol.
703 3873 721 3914 1.
806 3877 849 3944 25
