2356 4200
406 309 432 351 ι.
452 293 638 354 sucu-m.
944 283 1010 358 sut
1092 263 1099 271 ’

89 465 210 527 literam
246 466 402 548 intelligas
428 472 465 528 et
486 467 587 529 sulum
608 485 687 548 opus
707 463 893 548 prohibitum
914 466 1011 547 impc-

91 549 198 627 dieris,
220 569 285 612 non
308 550 366 611 erit
386 551 491 612 anima
511 556 564 611 tua
585 551 702 612 directa
720 569 777 631 per
797 549 1011 631 hauclcgam‚

88 631 141 694 sed
164 632 259 694 stabit
279 653 389 695 secura
410 632 491 714 apud
513 641 611 696 semet
625 635 724 715 ipsam
737 631 906 711 conlidens,
927 631 1011 712 quud

86 735 148 776 ucn
180 722 228 777 est
260 717 392 778 moscha
420 719 585 797 operatrix.
635 717 667 780 Si
706 723 808 778 autem
846 715 1012 797 intelligas,

88 800 179 861 etism
201 817 266 861 non
288 799 579 880 concupiscendum,
601 802 663 860 iam
685 801 791 881 spiritu
812 797 1012 880 intelligiact

88 883 191 943 anima
211 889 265 944 tue
285 883 362 943 nihil
383 882 465 963 apud
487 903 522 944 se
549 885 682 963 invenit,
711 902 772 964 quc
803 883 884 943 freta
903 883 1012 962 :poscat

91 984 200 1026 secura
223 984 292 1026 csse
315 985 349 1025 ae
373 965 475 1047 legem
497 966 653 1047 implesse.
695 967 770 1028 Ideo
792 966 946 1028 adDeum
968 965 1021 1027 di·-

87 1049 194 1127 rigitur
215 1054 248 1109 et
267 1048 429 1110 humiliate
450 1050 584 1130 suspirat
604 1050 644 1110 ad
657 1051 797 1131 gratiam.
828 1049 1011 1109 Hoc-sutem

88 1138 134 1192 est
155 1150 227 1191 esse
246 1138 365 1192 rectum
389 1151 443 1193 ccr
464 1139 495 1193 et
516 1133 654 1213 spiritum
676 1139 803 1210 rectum,
827 1131 878 1210 qui
894 1131 926 1190 in
942 1131 1010 1195 Deo

87 1213 156 1274 sclc
185 1215 292 1275 nititur
322 1222 354 1274 et
385 1215 595 1277 misericordia
629 1217 704 1276 cius.
748 1216 848 1296 lgitur
874 1215 1011 1275 curvitas

87 1296 194 1357 literae
217 1302 264 1357 est
285 1296 402 1359 directa
422 1299 454 1359 in
483 1298 666 1359 reatitudine
687 1298 834 1378 Spiritus,
863 1297 1011 1378 ambages

88 1380 119 1440 iu
142 1379 362 1460 compendium
385 1388 417 1442 et
438 1382 733 1442 circumferentiam
754 1379 884 1458 lineam,
913 1383 945 1441 ct
965 1398 1010 1440 ar-
1118 1389 1122 1395 ’

88 1481 141 1523 cus
163 1463 194 1522 iu
217 1463 376 1540 chordam,
397 1482 437 1524 ac
459 1483 516 1544 per
535 1464 597 1525 hcc
619 1482 712 1524 curva
733 1463 801 1545 ipsa
821 1465 841 1524 i.
860 1483 893 1524 c.
911 1462 1011 1524 homi-

91 1564 146 1605 nes
169 1545 331 1607 voluntate
352 1547 452 1624 curvi,
480 1547 510 1606 in
538 1566 595 1607 sua
615 1545 920 1608 rectificatcdirecta
941 1551 1013 1607 suut

88 1629 119 1687 in
141 1647 200 1704 ea,
223 1647 303 1706 quae
324 1635 396 1690 suut
415 1629 485 1691 Dei.
532 1629 649 1690 Eadem
671 1636 775 1690 cutem
795 1637 829 1690 et
848 1647 960 1709 sspcra
979 1633 1013 1690 et

90 1710 204 1790 plana,
237 1712 296 1772 uisi
326 1711 409 1792 quod
439 1714 531 1773 etiem
557 1712 708 1774 indirecta
732 1713 784 1773 via
808 1715 915 1792 potest
942 1728 1012 1772 essc

90 1795 251 1872 asperitas.
303 1777 374 1856 deo
402 1795 516 1857 iudicio
536 1815 659 1876 *capere
680 1798 839 1876 suntipsa
859 1794 1012 1874 superbia,

90 1895 171 1955 quiea
193 1895 233 1937 ex
255 1878 405 1938 curvitate
426 1880 571 1958 nascitur,
592 1879 665 1958 quia
680 1879 904 1940 litercssrvata
916 1876 1022 1957 inflet,

91 1959 142 2037 qui
169 1960 251 2019 euim
280 1977 316 2022 se
337 1960 431 2022 scutit
450 1981 514 2023 nou
536 1963 634 2022 teneri
656 1961 727 2042 lege
747 1981 805 2023 nec
825 1979 911 2021 reum
925 1960 1012 2040 legis,

89 2061 152 2101 ncn
172 2049 280 2121 potest
300 2062 370 2105 sese
390 2052 585 2124 peccatorem
609 2043 758 2106 confiteri.
780 2072 782 2077 ·
810 2043 886 2105 Ideo
906 2061 1013 2102 neces·

89 2126 172 2186 sario
196 2145 255 2186 nec
276 2128 334 2188 erit
354 2127 478 2188 humilis
505 2127 636 2206 vilisque
668 2128 698 2186 in
733 2123 830 2188 oculis
858 2125 935 2203 suis,
968 2125 1013 2185 sic
1106 2154 1112 2165 ·

90 2227 216 2270 curvum
240 2209 355 2270 faciunt
376 2229 518 2290 asperum
539 2211 561 2270 i.
586 2230 612 2270 e.
635 2211 765 2286 elatum,
793 2211 883 2272 sicut,
900 2226 1012 2288 aspera

90 2293 240 2352 muntium
262 2299 429 2370 vocantur3
459 2294 509 2371 qui
530 2313 605 2355 vero
628 2294 722 2353 scutit
743 2312 777 2352 ae
798 2292 860 2372 legi
894 2291 1011 2352 debito·

89 2392 165 2443 rem,
187 2375 294 2453 utique
315 2377 410 2454 gemit
432 2381 464 2435 et
484 2375 604 2437 vilescit
625 2377 692 2456 ipse
710 2375 778 2437 sibi.
810 2375 913 2450 Quart
927 2380 1011 2435 recte

90 2457 235 2534 sequitur⁷
259 2458 359 2517 omnis
382 2476 471 2518 mona
493 2460 511 2520 i.
535 2479 561 2522 e.
584 2459 737 2538 superbia,
760 2477 821 2537 qua
841 2456 1011 2518 humiliabi-

90 2545 154 2615 tur,
177 2546 208 2598 et
230 2541 329 2600 omnis
351 2541 439 2601 vallis
462 2542 637 2623 implebitur
657 2542 677 2601 i.
696 2562 727 2602 e.
760 2541 915 2600 humilitas
943 2560 1010 2620 gra·

90 2621 163 2681 tiam
187 2623 327 2701 accipiet.
370 2624 466 2704 Igitur
486 2626 585 2704 primc
608 2644 662 2704 per
682 2621 912 2684 iohannemet
933 2621 1011 2702 legis

88 2702 280 2764 intellectum
303 2705 452 2767 literalem
482 2707 621 2788 dirigitur
642 2706 752 2784 h0m0‚
775 2706 813 2766 de
834 2705 949 2767 iustitia
970 2704 1009 2764 ad

88 2794 250 2864 peccatum
275 2786 397 2863 dicitur,
420 2808 481 2867 quc
502 2790 584 2851 lactc
606 2791 666 2849 iam
689 2790 839 2870 asperitas
860 2794 890 2847 et
908 2788 1010 2867 super·

89 2868 141 2928 bia
164 2869 306 2948 planetur
328 2876 359 2930 et
380 2870 414 2931 fit
442 2872 612 2951 humilitas,
644 2871 716 2932 dum
747 2891 781 2931 ae
812 2876 1010 2951 peccatorem

97 2950 196 3028 videt,
221 2952 271 3031 qui
294 2952 350 3013 sibi
372 2955 468 3014 iustus
490 2962 556 3016 erat
576 2957 671 3036 prius,
694 2973 730 3023 ac
752 2954 796 3014 sic
816 2973 904 3030 vere,
925 2956 1011 3033 post-

89 3053 181 3113 quam
204 3034 357 3095 humilitas
379 3036 433 3096 illa
454 3037 536 3098 facta
557 3038 647 3098 fuerit
667 3057 723 3117 per
740 3038 851 3118 legerit,
875 3035 1011 3114 sequitur

88 3116 206 3196 gratia,
239 3117 372 3194 scilicet,
410 3120 494 3198 quod
525 3120 640 3182 videbit
659 3122 759 3181 cmuis
781 3138 853 3180 carc
877 3119 1011 3181 salutare

88 3200 157 3259 Dei.
211 3200 324 3270 Videre
352 3208 538 3264 autemnon
561 3210 682 3285 posset,
711 3203 769 3262 nisi
789 3221 886 3283 prava
907 3205 1012 3263 essent

88 3281 272 3361 rectificatu⁷
294 3291 326 3343 et
346 3304 456 3364 aspera
476 3285 618 3366 planata,
652 3293 683 3346 et
715 3289 836 3346 montes
859 3283 1009 3345 humiliati

88 3370 120 3424 et
141 3364 239 3425 valles
262 3367 381 3446 repleti.
426 3366 484 3441 Qui
506 3376 581 3429 vero
601 3368 775 3430 iohannem
796 3367 903 3428 odiunt
918 3373 1010 3445 atque

89 3449 244 3525 resistunt,
269 3450 296 3508 ei
320 3449 506 3529 superfluum
521 3451 653 3513 creduut
674 3451 778 3512 doceri
802 3450 841 3512 ab
854 3450 918 3511 illc.
951 3448 1010 3510 Ubi

89 3530 249 3590 lohannes
280 3530 368 3608 dicit,
400 3532 521 3614 dirigite
558 3537 638 3596 vium
670 3534 811 3611 Domini3
843 3533 1009 3595 direximus

91 3630 191 3692 neque
209 3621 256 3675 est
271 3634 380 3675 curva:
416 3614 576 3678 lohannes
593 3617 675 3694 dicit,
689 3617 766 3678 liant
777 3636 872 3696 prcva
882 3614 1013 3694 directa3

89 3698 153 3757 imo
176 3696 262 3756 nulla
284 3705 355 3758 sunt
376 3718 480 3778 preve.
520 3697 617 3761 'Fiant
644 3718 755 3780 aspere
783 3698 894 3778 plaua3
920 3699 1014 3778 plena

91 3787 162 3839 sunt
183 3781 305 3841 omnia:
333 3781 509 3843 humilietur
532 3785 632 3844 omnis
654 3802 761 3864 mcus3
789 3781 849 3845 heu
873 3801 940 3846 ncu
967 3787 1018 3845 est
