2356 4200
398 289 432 348 D.
451 293 530 351 liert.
547 294 660 350 lathem
676 293 790 350 Goncio.
991 290 1052 362 331

127 481 231 543 neque
255 464 366 544 credo,
388 442 517 528 temetsi
531 465 719 527 recentiores
742 465 773 527 id
789 469 978 543 asseverent,
996 463 1055 527 'sed

129 546 285 627 probtndi
307 548 484 611 inordtntem
505 568 569 610 non
591 547 717 626 babent,
739 566 839 628 neque
862 545 1055 612 [sb-ecclesio

130 631 283 693 sancitum
308 639 364 692 est.
404 631 508 707 Quone
526 631 662 692 securius
685 638 740 710 est,
763 635 797 692 ut
817 649 873 712 pro
895 630 1054 693 animabus
1112 683 1117 699 ,

126 713 197 793 ipse
212 716 349 794 preceris
368 722 399 776 et
409 713 599 791 exercem⁴l
624 733 720 795 opero
739 714 872 795 pietatis,
885 711 917 775 id
930 713 1053 792 quidem

127 795 259 857 remedii
280 798 434 879 receptius
453 804 550 878 etque-
569 801 680 859 certius
701 797 838 861 hebetur.
1036 852 1041 863 .

215 879 346 943 Decimo
368 900 465 959 nono,
489 883 522 943 ln
544 880 709 962 praedictis
732 881 805 944 nihil
829 880 958 958 dubito,
974 899 1054 959 quae

126 960 252 1024 idoneis
273 967 462 1045 argumentis
484 965 589 1026 omnio
607 964 744 1025 nituntur
765 973 797 1026 et
817 964 992 1044 Scriptura,
1022 965 1054 1025 ci

129 1045 321 1127 evangelicis
345 1047 488 1127 decretis,
510 1047 637 1128 longum
651 1047 754 1111 velere
776 1047 858 1109 dioto
876 1045 1053 1109 doctoribus

130 1127 344 1209 Scholasticis,
368 1131 419 1210 qui
431 1131 565 1192 universi
580 1131 758 1209 neutiquam
776 1130 939 1209 sufficiunt,
961 1129 1078 1191 unem'
1120 1164 1130 1175 ·

128 1210 171 1273 od
192 1213 342 1293 populum
364 1215 549 1276 concionem
572 1232 692 1274 socrum
720 1213 917 1292 confirmare,
944 1212 1053 1275 eodem

128 1313 250 1357 meeum
273 1295 501 1377 amplectemini
526 1297 593 1357 sine
616 1295 824 1376 dubitatione,
851 1297 919 1359 sine
951 1296 1052 1361 formi-

130 1376 204 1439 dine
227 1380 370 1460 oppositi.
623 1440 626 1448 ,
779 1377 785 1385 ’

215 1461 384 1542 vicesimo,
405 1462 440 1526 ci
463 1463 515 1543 qui
536 1463 577 1523 de
597 1463 762 1524 haereseos
785 1463 912 1524 crimine
934 1469 1054 1527 metro-

128 1544 262 1625 dueunt,
296 1563 426 1626 quorum
455 1547 575 1607 scriniis
597 1547 790 1626 potissimum
814 1553 922 1626 operte
943 1547 1054 1608 veritas

127 1627 330 1691 vehementer
358 1628 470 1707 officit,
499 1648 562 1691 non
590 1648 779 1710 magnopere
814 1648 896 1693 curo.
947 1629 1056 1708 Neque

127 1711 258 1773 istorum
278 1712 432 1774 clamosos
451 1712 653 1775 contumelias
673 1731 861 1793 magnopere
877 1712 1053 1791 reformido,

128 1793 254 1855 obscuri
266 1802 353 1873 sunt„
368 1794 485 1856 cerebri
498 1794 694 1873 tenebricosi,
716 1794 833 1857 Biblice
843 1803 951 1875 gustus
967 1796 1052 1857 inex-

128 1877 210 1956 perti
234 1896 335 1957 neque
357 1877 470 1939 Christi
493 1877 648 1939 doctrines
671 1897 805 1958 unquam
827 1878 977 1959 legerunt,
1000 1897 1051 1939 ne

129 1977 192 2038 que
213 1962 356 2040 proprios
378 1966 518 2035 autores,
550 1979 628 2041 quos
651 1959 796 2040 odorent,
824 1960 1051 2039 intellexerunt,

127 2042 277 2122 quin-imo
286 2043 771 2124 lecerisetseriosisopiniouibus
781 2044 846 2109 lere
857 2043 959 2106 detriti
970 2051 1051 2121 suut,

128 2127 243 2186 etenim
274 2127 336 2188 suis
365 2127 589 2188 assertionibus
615 2128 785 2207 perspectis
817 2129 1049 2208 cognovissent,

127 2226 324 2288 nequequam
358 2209 626 2271 condemnandum
661 2230 744 2287 eum,
776 2210 828 2289 qui
859 2229 920 2271 non
947 2209 1048 2270 solum

125 2304 191 2354 no'u
216 2299 360 2372 pernotus
381 2301 429 2355 est
450 2313 536 2369 reus,
563 2292 618 2354 sed
646 2310 686 2353 ue
707 2312 776 2353 rens
799 2292 921 2372 quidem
942 2293 1049 2355 foetus.

129 2374 245 2435 Verum
267 2377 343 2455 ipsis
366 2394 403 2442 oe
424 2376 514 2438 uobis
532 2376 615 2436 Deus
638 2383 771 2438 mentem
790 2376 892 2457 largiri
909 2375 1050 2457 dignetur

127 2476 237 2518 sonem
260 2478 299 2519 oc
319 2467 444 2523 rectum.
487 2459 615 2522 Ameui.
650 2512 653 2516 Α
765 2500 768 2507 ,

380 2593 417 2656 ΙΙ.
460 2596 512 2656 De
534 2594 795 2685 Poenitentie.

158 2740 161 2745 ·
210 2712 259 2772 De
281 2712 480 2794 indulgentiis
493 2731 589 2793 saepe
605 2712 725 2774 loculus
743 2733 808 2775 sum
826 2712 925 2783 vobis,
948 2710 1050 2772 donec

124 2794 157 2855 id
179 2797 354 2874 meruerim,
379 2806 413 2855 ut
433 2796 606 2857 haereticus
628 2814 763 2859 accuser.
797 2797 839 2857 Ut
860 2801 961 2855 entem
984 2813 1049 2854 rem

126 2879 226 2958 ipsam
260 2880 393 2939 teneatis
419 2879 607 2959 possitisque
640 2897 696 2939 vos
723 2879 871 2960 ipsicum
896 2879 955 2938 illis
978 2896 1050 2938 oon·
1075 2947 1078 2951 ¹

127 2961 217 3039 serre,
240 2980 315 3022 ecce
338 2961 504 3043 procedam
525 2963 611 3022 iuxta
633 2974 739 3022 eorum
760 2963 976 3037 sententium,-
990 2960 1047 3023 nisi

126 3043 179 3104 nbi
200 3044 289 3104 locus
310 3045 400 3105 fuerit
421 3064 489 3105 meo
510 3045 724 3106 interserendi.

206 3127 303 3208 Igitur
334 3147 441 3188 eorum
464 3129 617 3189 sententis
637 3129 830 3207 poenitentia
851 3127 995 3188 dividitur
1015 3127 1047 3188 in

124 3216 186 3269 tres
208 3217 322 3290 pentes,
339 3229 418 3289 quoe
432 3219 504 3271 sunt
514 3211 668 3287 contritio,
691 3211 856 3289 confessio,
868 3211 1047 3272 satisfactio.

209 3292 324 3372 Primo,
354 3295 496 3354 contritio
529 3294 592 3370 (sic
618 3295 700 3355 enim
723 3295 828 3374 eoepit
848 3295 954 3354 vocari
975 3313 1049 3354 vera

124 3376 318 3454 poenitentia
338 3377 482 3452 interior)
507 3375 620 3456 duplici
642 3378 693 3437 vie
713 3385 846 3457 peretur,
869 3377 1045 3457 primo.per

124 3456 366 3535 discussionem,
389 3460 621 3536 collectionem,
644 3459 881 3521 detestationem
903 3467 1044 3540 peceato-

122 3560 206 3621 rum,
229 3560 290 3620 quo
311 3543 395 3622 quis,
424 3550 457 3603 ut
477 3543 599 3621 dicunt,
626 3545 777 3625 recogitet
798 3562 896 3604 annos
919 3563 991 3606 suos
1013 3545 1044 3604 in

377 3717 541 3725 -—-·-—--—

177 3797 207 3861 t)
228 3796 311 3853 lbid.:
332 3813 469 3852 excerces.
