2356 4200
472 289 500 327 ι,
520 272 710 330 rore-rou.
863 231 866 238 ¹
983 269 1043 334 111

139 450 232 506 notum
252 442 315 522 llot,
337 443 421 505 hono
441 447 626 522 potestatem
649 459 669 501 o
689 440 757 501 Deo
780 459 849 500 esse
872 444 903 498 et
924 456 986 498 uon
1006 457 1046 498 ex

135 526 309 589 hominibus.
352 524 413 600 Qui
436 544 470 585 se
488 537 568 605 'ergo
590 523 629 585 ob
651 524 710 584 hoo
738 524 854 582 unitate
877 528 909 582 et
938 519 1045 581 ordine

134 611 291 691 potestatis
313 607 506 685 subtrahunt,
527 607 608 668 nihil·
625 613 684 685 est,
707 604 790 685 quod
813 605 871 665 sibi
896 602 1047 684 plaudunt

131 693 162 754 de
187 694 309 774 mugnis
339 689 617 752 illuminationibus
645 695 677 750 et
706 689 790 749 miris
819 684 978 771 operibor,
1013 693 1046 746 ut

128 777 219 839 notui
242 773 384 837 Piooordi
414 779 446 834 et
473 773 524 833 olii
553 772 746 835 Sohirmotioi
775 779 868 849 utque
897 768 1045 849 Capitoni.

127 858 229 920 liulior
250 865 303 918 ert
324 858 406 921 enim
424 855 603 918 obedientia
614 874 705 934 quum
718 855 861 914 viotimoe
873 852 1045 930 stultorum,

126 943 176 1021 qui·
189 941 353 1019 nesciunt,
376 937 449 1017 quid
472 939 545 998 moli
567 939 692 999 sariunt.

160 1248 310 1342 Sermo
339 1244 385 1341 in
415 1243 483 1340 die
513 1246 553 1339 S·
582 1238 811 1340 Laurentii
836 1271 873 1338 a.
904 1243 1001 1337 1516
1015 1226 1039 1375 '3

124 1447 165 1508 de
201 1446 355 1529 iiduoip
390 1447 427 1505 in
465 1444 828 1606 Dplppplsppundum
867 1443 1046 1522 Prueoep·

203 1691 622 1773 Nioigronumoodeno
640 1694 677 1752 iu
697 1699 842 1752 terrem
857 1698 1046 1752 mortuum

123 1778 243 1837 inerit
266 1776 397 1853 eto.**)-
427 1775 598 1855 Apostolus
615 1774 676 1835 duo
692 1792 787 1854 opera
799 1773 1047 1854 praedicatorum

127 1860 304 1941 distinguit,
326 1859 424 1919 Rom·
439 1857 519 1936 xit,
550 1857 668 1918 scilieet
694 1857 806 1917 dooere
827 1864 859 1918 et
880 1856 1046 1934 exhortari,

127 1943 268 2022 plantare
291 1948 324 2001 et
344 1942 454 2020 rigere,
477 1939 707 2000 fundumentum
728 1941 831 2001 iacere
853 1947 884 2000 et
905 1955 1046 2020 superue-

127 2023 263 2086 dilloore.
304 2022 454 2083 lllud'est
473 2023 633 2103 incognito
653 2023 864 2102 manifestare,
893 2021 955 2082 hoo
975 2038 1047 2102 eog-

128 2110 192 2168 nito
214 2124 367 2167 exoouere
391 2112 422 2166 et
442 2124 568 2186 urgeret
604 2104 780 2188 Quodw)
805 2113 837 2165 et
849 2123 906 2165 nos
917 2122 1048 2164 neeesse

127 2198 174 2251 eet
196 2206 322 2250 servare
344 2191 426 2248 oiroo
447 2188 686 2267 unumquodque
712 2184 911 2269 praeceptum
945 2187 1046 2268 singil-

129 2273 215 2335 latim
239 2272 350 2349 ****);
378 2271 468 2332 docui
491 2273 595 2350 itaque
615 2273 645 2331 in
668 2270 939 2351 praecedentibus,
974 2288 1047 2348 quo-

127 2356 220 2416 modo
244 2360 446 2434 praeceptum
467 2353 548 2414 istud
561 2357 600 2431 †)
623 2355 826 2436 intelligatur,
857 2354 976 2432 etquis
1001 2370 1046 2412 se-

128 2438 264 2498 eundum
285 2437 337 2496 vel
359 2443 467 2498 oontro
486 2437 562 2497 illud
585 2442 738 2516 operetur.
781 2437 870 2497 Nune
891 2435 1045 2496 exhortari

127 2529 157 2581 et
178 2539 308 2581 monere
330 2519 441 2599 debeo,
463 2539 503 2580 ne
525 2527 633 2580 eontra
653 2522 753 2600 ipsum
766 2521 1045 2600 empliusogamus.

126 2603 196 2665 Non
220 2602 351 2665 hebebis
373 2604 458 2662 Deos
480 2603 678 2683 olienos††),
702 2604 776 2664 dicit
798 2622 834 2662 ao
851 2601 1047 2663 mandotDo-

180 2848 209 2906 ”l
230 2843 263 2897 In
281 2841 427 2895 Loescheri
446 2843 518 2896 libro
539 2842 747 2912 „vollstiindige
771 2844 1047 2914 Reformotionooete',

127 2916 147 2967 l.
167 2931 194 2983 p.
214 2913 268 2969 280
287 2919 314 2966 et
332 2915 352 2965 Ι.
372 2930 399 2981 p.
419 2913 473 2979 752
491 2928 550 2982 sqq.
572 2914 627 2966 duo
645 2917 823 2967 inveniuntur
840 2931 983 2970 sermones
1003 2918 1047 2972 dio

127 3003 148 3038 s,
168 2986 310 3039 Laurentii
330 2999 404 3037 enno
426 2985 493 3054 1516
512 2985 613 3052 habiti3
634 3001 717 3054 quum
738 3002 803 3039 vero
823 2989 899 3055 prior
916 2988 978 3056 ille,
1002 3006 1047 3058 po·

127 3061 209 3126 ginoe
229 3056 283 3112 280
301 3057 469 3124 impressus,
488 3056 525 3108 nil
544 3057 601 3110 fere
620 3059 672 3109 nisi
692 3059 800 3109 initium
817 3058 943 3127 alteriue,
964 3077 1047 3129 quem

126 3130 170 3181 hie
183 3127 359 3190 tradidimus,
373 3142 460 3196 usque
472 3127 506 3197 od
517 3127 664 3180 vocabule:
676 3128 756 3195 „Non
772 3130 886 3183 habebis
898 3131 968 3186 Deos
981 3133 1046 3186 olie-

127 3201 206 3264 noo‚“
228 3201 384 3265 continent,
411 3213 462 3251 nos
479 3198 558 3250 illum
578 3201 651 3267 typis
669 3200 848 3268 repetendum
867 3217 923 3255 non
943 3207 1047 3256 corevi-

127 3287 198 3324 muo.
240 3269 331 3323 Germ.
353 3269 427 3337 opud
445 3270 550 3322 Wuleh.
569 3270 603 3339 X,
621 3271 674 3324 244
692 3286 751 3340 sqq.

181 3341 230 3410 **)
259 3342 290 3394 lu
320 3341 409 3395 Serm.
434 3342 527 3409 priore
555 3342 628 3410 apud
653 3343 766 3396 Loeorh.
792 3344 811 3395 l.
837 3360 863 3412 p.
887 3344 940 3400 280
972 3346 1046 3399 eddi·

127 3420 200 3467 tum:
218 3413 282 3466 Joh.
302 3413 345 3467 12.
475 3464 478 3469 .

182 3483 251 3549 m)
271 3484 302 3536 ln
314 3483 448 3541 Sermone
466 3485 558 3552 priore
568 3501 611 3553 ap.
630 3483 813 3537 Loeocherum
825 3483 939 3554 legitur:
960 3488 1045 3555 Quae.

181 3558 266 3619 Μ’)
286 3553 409 3611 Ibidem:
429 3556 599 3625 singulatim.

178 3628 213 3692 †)
233 3626 354 3680 Ibidem:
375 3628 496 3694 primum
514 3627 678 3696 intelligitur
697 3631 724 3680 et
744 3656 777 3663 —
797 3636 938 3695 operatur.

177 3698 231 3764 ἢ)
250 3698 349 3751 Sermo
368 3698 448 3765 prior
462 3698 540 3766 opud
550 3699 733 3752 Loeocherom
752 3698 772 3751 I.
792 3714 818 3768 p.
837 3700 947 3760 2801112
968 3720 1047 3760 vocnt

128 3769 207 3839 buflo,
226 3771 328 3838 quibus
346 3769 384 3822 ibi
404 3767 527 3823 additum
547 3775 602 3827 ort:
620 3776 681 3842 ete,
702 3769 805 3826 linitur.
971 3784 974 3789 ’
