2356 4200
292 258 467 331 apndilard.
488 260 514 314 S.
535 259 604 315 stro
622 261 704 333 Rom.
723 261 809 327 Pont-x
822 263 887 331 Lag.
988 259 1055 331 ,387

126 426 315 512 translatum,
329 449 350 489 a
369 430 458 501 Mose
479 429 511 490 in
533 428 696 509 Christum,
719 436 750 491 et
771 449 790 491 a
812 429 932 511 Christo
954 431 1056 510 inPe-
1088 430 1091 443 ³

125 500 215 594 tiam.
258 510 309 573 Sic
331 513 412 575 enim
434 514 673 595 interpretantur
693 512 834 595 iuristae,
866 518 897 575 et
917 500 1057 595 pontifex

125 594 275 675 perscidit
294 613 349 655 seu
370 594 530 677 approbat.
870 596 872 601 '

210 676 284 755 Quis
307 684 410 740 autem
432 698 495 740 non
517 678 601 739 videt
622 676 756 739 alienam
782 679 864 741 liano
886 676 1058 764 tortamque

125 767 158 827 et
173 759 425 845 'abusivissimsm
448 781 517 823 esse
532 760 693 840 verborum
714 760 974 847 intelligentiam?
993 761 1057 843 imo

124 861 251 931 prorsus
284 843 397 921 talem,
431 864 510 924 quae
532 844 590 905 nisi
615 844 711 907 multo
739 843 852 906 sudore
874 843 1058 920 moderator,

125 925 217 986 simul
239 933 270 987 et
292 926 505 1001 indoctissima
527 935 559 988 et
574 926 756 1009 impiissima
777 928 826 988 sit.
841 928 1057 1007 lmpiissimuan

124 1010 277 1079 estasim
301 1008 425 1089 dicere,
448 1008 655 1077 sacerdotium
679 1016 711 1071 et
730 1010 832 1090 legem
854 1008 967 1077 Christi
989 1029 1058 1072 esse

124 1090 277 1172 abrogata
304 1100 335 1155 et
362 1091 465 1172 linita,
496 1101 528 1155 ut
549 1093 652 1157 Petrus
674 1093 820 1155 sacerdos
849 1101 880 1153 et
899 1092 1060 1175 legislator

124 1182 231 1245 amoto
255 1172 376 1239 Christo
408 1178 456 1238 sit.
500 1176 536 1239 Id
559 1176 640 1239 enim
673 1177 698 1237 si
722 1174 827 1245 nificat
847 1178 972 1263 proprie
991 1196 1058 1257 ¹rer·

124 1254 198 1327 b'nm
221 1258 367 1341 apostoli,
389 1258 559 1321 translatio.
602 1258 684 1320 Nolo
700 1195 827 1323 {etrum
857 1268 910 1320 aut
931 1256 1056 1327 Paulum

124 1340 510 1419 sacerdotium¹Jhabera
554 1342 678 1402 uoniam
701 1346 732 1403 et
752 1342 819 1424 ipse
829 1348 976 1423 peccator
998 1350 1054 1423 est,

123 1442 187 1503 non
208 1422 336 1501 habens,
358 1361 552 1505 nequequod
574 1443 832 1507 promanasse
855 1424 938 1507 quod
955 1443 1059 1506 protae

124 1502 248 1584 offerat,
271 1514 304 1571 ut
325 1509 446 1571 interim
468 1514 585 1571 taceam
608 1506 816 1569 foedissimam
839 1528 908 1573 arro
932 1508 1058 1589 patiam,

122 1609 216 1671 quam
237 1590 306 1653 talis
329 1588 393 1653 olet
412 1580 633 1671 intelligentia,
666 1588 785 1652 seilicet
816 1592 848 1651 in
871 1528 972 1653 solum
994 1584 1053 1655 Pe·

123 1682 203 1734 trum
225 1693 245 1733 a
268 1670 389 1735 Christo
412 1674 506 1735 fnisse
518 1673 698 1737 translatum
713 1672 919 1753 sacerdotium
933 1672 1055 1753 Christi,

125 1757 213 1839 quasi
236 1756 330 1825 ceteri
351 1757 487 1838 apostoli
509 1756 713 1825 remanserint
728 1755 820 1835 laid,
849 1765 902 1817 ant
923 1775 942 1821 a
963 1752 1056 1819 Petro

124 1838 258 1905 ordinati
280 1838 392 1903 fuerint
405 1838 591 1905 ,sacerdotes
614 1845 645 1900 et
661 1839 806 1919 apostoli.
1032 1916 1035 1921 Ι

189 1918 310 2007 igitur,
334 1923 359 1985 si
381 1943 463 1985 nuno
484 1941 618 2005 posuero
641 1921 722 1983 hane
733 1924 989 2003 propositionem,
1010 1942 1057 1998 aa·

125 2005 298 2069 cer-dotium
318 2003 432 2069 Christi
462 2025 520 2066 nec
551 2006 582 2071 in
605 2004 751 2083 Petrum,
789 2024 848 2071 neo
880 2006 913 2067 in
946 2023 1057 2097 papam

123 2088 306 2151 translatum
334 2095 399 2166 est3
428 2096 460 2150 et
486 2086 760 2151 reverendissimus
793 2087 935 2161 dominus
964 2086 1058 2181 Lega-

124 2182 173 2233 tus
195 2171 227 2251 ²)
253 2169 327 2233 mihi
348 2171 429 2233 hane
450 2170 647 2233 Decretalem
670 2170 851 2253 opposuerit
879 2176 1059 2261 nonagesis

125 2262 158 2317 et
179 2254 611 2332 tonitrumaiestatisenae‚et
633 2260 740 2335 urgeat
762 2273 811 2313 me
824 2253 863 2319 ad
885 2254 1057 2333 revocatio-

123 2357 208 2416 nem,
229 2344 261 2400 et
281 2336 587 2419 ego'respcnderim,
609 2356 723 2418 papam
745 2334 787 2398 ibi
808 2345 952 2423 torquere
964 2336 1057 2419 scrip·

124 2421 220 2500 turae}
241 2427 272 2483 et
293 2419 376 2481 abuti
394 2419 494 2481 verbis
517 2421 604 2494 eius,
637 2439 739 2480 meam
761 2426 863 2482 autem
886 2421 1057 2499 conclusio-

109 2502 196 2571 ‘nem
225 2522 294 2563 esee
326 2523 430 2569 veram
456 2505 487 2563 in
516 2503 693 2585 theologico
725 2521 836 2585 sensu,
870 2502 1056 2569 decretalem

124 2592 228 2653 autern
248 2585 328 2649 forte
348 2587 380 2647 in
403 2586 506 2665 aliquo
531 2585 592 2647 alio
615 2587 764 2730 abusivob
774 2594 864 2667 putas
877 2607 926 2649 me
946 2585 1058 2661 debere

126 2666 291 2731 formidare
314 2671 411 2731 minas
426 2668 511 2731 verbi
533 2669 669 2745 humani,
693 2670 743 2750 qui
766 2689 801 2732 us
824 2678 950 2749 terreor,
966 2671 1058 2750 ¹qnasi
1110 2712 1116 2723 „

124 2752 283 2833 indignum
303 2751 402 2816 relatu
425 2751 553 2813 dixerim
571 2759 603 2813 et
620 2753 776 2814 sanctitati
800 2748 986 2834 papae,‚no1a
1018 2746 1057 2831 'e-

122 2830 299 2919 percerim?
322 2835 491 2906 Honorabo
503 2834 698 2897 sanctitatem
711 2854 822 2915 papae,
845 2834 901 2897 sed
917 2771 1055 2905 amidio

126 2918 322 2987 sanctitatem
345 2918 457 2981 Christi
481 2926 512 2978 et
534 2918 681 2979 veritatis.

207 3002 292 3081 item,
314 3002 341 3061 si
360 3000 436 3061 illud
458 2999 565 3063 Matth.
590 3000 643 3079 16:
666 2998 713 3061 Tu
734 3021 767 3063 es
789 3000 920 3083 Petrus,
951 3006 982 3065 et
1003 3000 1058 3065 tibi

125 3084 206 3148 dabo
235 3084 338 3151 claves
367 3085 455 3165 regni
478 3082 653 3165 coelorum,
691 3083 895 3227 puodcunque
926 3070 1056 3166 solveris

124 3177 182 3231 etc.
201 3173 364 3229 tractarem
387 3166 436 3228 vel
458 3168 488 3228 in
512 3165 636 3247 scholis,
659 3186 697 3227 ve
729 3167 761 3229 in
779 3172 937 3250 suggesto,
959 3173 1056 3251 etpo-

124 3270 232 3315 nerem
254 3251 335 3315 hanc
355 3251 619 3332 propositionem:
654 3250 721 3313 istis
744 3249 846 3317 verbis
866 3269 932 3317 non
947 3254 1059 3333 ,potest

112 3332 261 3415 probari,
283 3334 456 3399 Romanam
474 3332 639 3395 ecclesiam
661 3352 732 3396 esse
753 3328 863 3415 deteris
882 3353 939 3415 per
959 3340 1058 3416 tottam

128 3414 236 3499 orbem
259 3416 398 3489 ecclesiis
419 3414 607 3501 praelatam,
632 3424 672 3500 ‘et
694 3416 769 3483 mihi
794 3414 984 3500 reverendus,
1004 3410 1058 3500 do-

126 3496 227 3584 minus
249 3498 383 3583 Legatos
406 3500 438 3583 ²)
471 3502 652 3582 oposuerit
681 3498 793 3583 (oredo
826 3518 894 3563 aum
923 3509 1058 3581 comno-

115 3584 217 3645 'tione
237 3597 313 3663 pree
334 3583 423 3644 relati
443 3584 474 3644 in
496 3584 642 3664 ignitate)
668 3574 827 3664 distanti,
849 3581 902 3644 abi
914 3578 1058 3665 Pelagius

725 3876 768 3940 25
789 3877 807 3912 ⁸
