2356 4200
197 267 262 336 300
575 275 733 348 Positiones
763 305 765 310 ·
812 334 814 338 Α

197 444 386 524 praedicant,
407 464 462 526 per
474 465 584 527 ,papae
605 446 825 528 indulgentiam
844 447 1001 509 hominem
1022 468 1119 529 posse

198 528 237 589 ab
251 529 343 588 omni
366 547 468 606 poena
489 529 578 606 solvi,
601 537 632 606 et
653 530 776 610 salvari,
799 550 892 594 error.

227 661 231 686 ³
280 613 337 688 47)
363 611 474 672 Dicere
500 632 613 692 papam
641 614 754 675 nullam
776 615 934 676 remittere
956 613 1118 674 animabus

195 693 228 765 in
250 695 430 775 purgatorio
450 713 595 776 poenam,
620 716 709 775 quam
732 695 909 760 debuissent
929 697 960 757 in
983 697 1119 759 hacvita

197 777 364 839 secundum
387 797 524 838 canones
547 779 679 858 solvere,
701 798 797 841 error.

278 858 337 941 48)
362 860 421 936 Qui
451 860 549 920 solum
577 863 817 941 perfectissimos
840 863 946 923 venias
967 863 1118 943 consequi

196 961 290 1021 posse
313 943 395 1022 dicit,
419 950 450 1003 et
469 963 532 1006 non
555 946 647 1005 etiam
670 946 842 1025 perfectos,
866 947 929 1006 imo
955 945 1116 1026 perfectio-

196 1045 245 1087 res
268 1027 451 1106 incipientes
474 1033 506 1086 et
526 1027 734 1106 proficientes,
757 1035 846 1090 errat.

278 1111 336 1187 49)
360 1110 425 1170 lmo
449 1109 541 1170 etiam
564 1128 631 1172 non.
650 1106 750 1172 solum
770 1111 863 1192 plene
880 1112 1038 1190 contritos,
1061 1111 1118 1171 sed

196 1192 316 1253 attritos
339 1200 370 1252 et
389 1211 446 1271 per
468 1193 695 1254 confessionem
718 1194 878 1272 contritos,
901 1200 992 1256 errat.

278 1271 336 1356 50)
361 1274 505 1353 Quisquis
535 1277 728 1356 paucissimis
761 1276 792 1337 id
820 1277 1000 1357 contingere
1020 1296 1118 1357 posse

117 1366 121 1371 '
195 1362 299 1435 putat,
321 1363 361 1417 et
383 1376 457 1418 non·v
468 1358 622 1439 pluribus,
643 1359 674 1418 id
698 1359 781 1439 quod
800 1359 932 1428 iubileus
956 1360 1052 1440 exigit
1074 1359 1117 1420 fa

195 1439 362 1518 cientibus,
382 1447 470 1501 errat.
878 1515 881 1522 Ι

277 1526 335 1592 51)
359 1521 517 1602 Asserere,
539 1543 651 1604 papam
675 1543 737 1587 non
758 1523 873 1587 habere
894 1526 1043 1587 maiorem
1065 1524 1118 1586 vel

195 1603 401 1672 efficaciorem
421 1613 608 1686 potestatem
628 1609 659 1667 in
680 1609 908 1688 purgatorium,
930 1607 1118 1689 generaliter

195 1687 330 1768 suffragii
351 1689 450 1749 forma
470 1688 615 1752 iubileum
637 1689 857 1771 impartienda,

277 1769 334 1845 52)
361 1771 461 1847 Quam
483 1772 620 1850 qualem,
653 1780 705 1834 aut
734 1779 878 1851 quantam
907 1772 1022 1833 habeat
1054 1773 1117 1853 epi-

194 1872 305 1933 seopus
338 1854 387 1914 vel
419 1854 570 1935 plebanus
592 1858 622 1915 in
656 1875 711 1916 sua
738 1855 876 1917 dioecesi
897 1861 941 1916 et
966 1855 1118 1936 parocbia

195 1936 380 2015 specialiter,
402 1956 495 1998 error.

276 2021 333 2091 53)
357 2019 442 2100 Papa
474 2021 530 2080 etsi
563 2021 594 2079 in
624 2022 834 2101 purgatorium
863 2019 980 2080 nnllam
1003 2018 1118 2081 habeat

194 2101 289 2161 clavis
311 2108 507 2182 potestatem,
528 2102 623 2163 habet
644 2110 746 2164 tamen
767 2103 914 2164 iubileum
936 2102 997 2162 illis
1020 2102 1117 2184 adpli-

192 2183 282 2244 candi
305 2204 360 2264 per
382 2185 505 2246 modurn
529 2185 664 2266 suffragii
686 2187 894 2248 autoritatem.

275 2267 332 2345 54)
356 2267 445 2328 Hanc
465 2270 496 2327 in
520 2269 728 2348 purgatorium
751 2270 945 2329 autoritatem
971 2267 1028 2329 sub
1048 2287 1115 2348 spe-

192 2351 239 2409 cie
261 2349 355 2410 clavis
377 2352 408 2410 in
429 2371 512 2431 papa
531 2371 664 2431 negare,
688 2358 735 2412 est
756 2353 876 2412 veritati
900 2349 1115 2412 contradicere

192 2426 355 2493 et'errare.
572 2443 575 2449 '

274 2516 331 2594 55)
356 2515 499 2575 Animam
534 2523 696 2597 purgatam
726 2516 868 2595 evolare,
904 2521 951 2576 est
980 2534 1050 2576 eam
1073 2517 1114 2577 vi·

193 2598 281 2658 sione
301 2598 358 2659 Dei
385 2600 494 2677 potiri,
525 2600 607 2678 quod
642 2600 726 2659 nulla
753 2605 859 2679 potest
881 2597 1114 2677 intercapedine

191 2681 234 2740 im
257 2680 342 2744 ediri.
615 2735 618 2745 ,
1084 2731 1090 2737 .

235 2702 331 2839 pbb)
357 2763 500 2843 Quisquis
524 2784 599 2844 ergo
622 2764 714 2841 dicit,
736 2784 799 2826 non
822 2765 911 2824 citius
933 2781 1028 2843 posse
1049 2764 1113 2823 ani·

191 2866 273 2907 mam
296 2847 430 2924 evolare,
452 2866 542 2927 quam
565 2849 597 2907 in
619 2847 713 2908 fundo
732 2849 828 2923 cistae
849 2847 992 2908 denarius
1015 2847 1114 2926 possit

192 2931 312 3006 tinnire,
335 2936 416 2990 errat
443 2933 470 3007 ).

273 3012 331 3083 57)
356 3012 389 3072 In
413 3012 565 3093 suffragiis
595 3013 758 3093 publicatis
781 3032 930 3092 quaerere
951 3019 1111 3090 quaestum

191 3101 223 3154 et
255 3095 433 3173 avaritiam,
472 3095 611 3156 sednon
634 3097 721 3176 sequi
745 3097 936 3177 purgationis
959 3094 1112 3172 effectum,

155 3203 159 3210 ·
192 3176 331 3254 error2).

262 3253 331 3335 58)
355 3260 516 3338 Dubitare,
556 3261 581 3320 si
616 3281 724 3322 ornnes
758 3263 880 3323 animae
901 3260 1025 3338 redimi,
1061 3266 1112 3319 aut

189 3342 368 3424 redemptae
380 3344 466 3403 exire
478 3344 574 3404 velint
585 3345 804 3424 purgatorium,
828 3345 1006 3405 manifestus
1019 3363 1112 3404 error.

247 3568 277 3636 1)
303 3569 416 3623 Loesch.
451 3570 523 3623 hanc
559 3576 654 3624 notam
691 3571 797 3626 adiicit:
839 3572 959 3630 {Pudore
991 3576 1111 3628 suffusus

189 3639 326 3693 Tetzelius
357 3644 438 3694 effata
463 3658 514 3695 sua
539 3644 598 3711 ipse
629 3643 738 3696 delevit.
779 3645 815 3708 2)
836 3644 860 3696 A
881 3645 950 3698 thesi
971 3647 1112 3717 binaque

191 3710 225 3762 ad
251 3713 333 3766 tinem
359 3715 461 3768 turbati
486 3719 551 3767 sunt
568 3717 676 3767 numeri
695 3717 865 3785 positionum
883 3719 911 3769 in
931 3716 974 3770 ed.
994 3718 1113 3783 lenensi,

192 3787 219 3835 et
237 3785 392 3839 Positiones
411 3791 490 3839 erant
510 3786 570 3856 106,
589 3800 646 3839 non
667 3787 729 3857 107,
750 3792 781 3840 nt
798 3789 887 3841 estin
905 3788 949 3843 ed.
967 3788 1023 3843 len.
