2356 4200
140 275 207 343 dtr
488 276 638 333 Sermones
656 276 767 331 lutheri

142 449 174 509 in
196 448 296 509 Deum
319 466 388 511 ,aum
411 447 505 508 laude
527 454 559 508 et
579 445 766 528 gratitudine
797 445 953 508 referens:
992 465 1066 527 spes

141 526 233 592 infert
254 529 345 592 nohis
368 529 447 595 alius
469 538 502 590 et
521 531 634 607 aliens,
657 529 763 592 omnia
777 528 1065 598 fortitersustineus

141 616 173 676 in
194 615 344 694 patientia
365 620 397 672 et
418 615 562 674 mititate:
595 613 708 675 caritas
737 612 829 673 etiarn
850 610 953 673 Deum
975 609 1065 672 nobis

143 697 250 776 aufert,
274 703 305 756 et
327 697 433 757 omnia
450 710 533 776 quae
555 702 634 774 sunt,
655 693 800 775 redigens
822 713 880 755 nos
901 695 933 753 in
954 713 1063 774 purum

141 780 285 858 nihilum,
308 799 347 838 ex
369 797 430 858 quo
452 778 569 840 conditi
592 797 712 856 sumus,
741 785 772 838 et
793 776 824 839 id
847 795 916 839 num
946 776 1062 857 gaudio

140 864 172 924 et
192 863 337 942 appetitu.
381 861 467 923 Haec
490 869 538 922 est
559 863 640 921 enim
664 858 789 941 myrrha
808 879 887 941 pura
909 866 940 923 et
953 859 1063 940 electa,

141 964 210 1007 sese
231 948 262 1006 in
284 964 394 1025 purum
417 945 492 1006 nihil
514 947 690 1024 resignare,
719 943 798 1006 sieut
819 944 876 1007 luit
896 949 1063 1023 autequam

140 1036 230 1106 esset,
253 1034 285 1089 et
305 1047 363 1089 nea
373 1027 484 1105 Deum,
507 1046 566 1089 nea
587 1025 701 1106 aliquid
726 1032 814 1088 extra
826 1025 1063 1107 Deumuupare,

139 1111 193 1173 sed
223 1109 418 1171 solummodu‘
448 1110 488 1171 ad
515 1109 743 1189 beneplacitum
764 1108 824 1168 Dei
853 1108 995 1173 volenter
1015 1129 1061 1172 re·

138 1192 207 1256 duui
220 1193 258 1254 ad
279 1213 366 1253 suum
387 1194 569 1274 prinaipium
588 1194 607 1253 i.
624 1213 651 1252 e.
669 1191 754 1254 nihil.
792 1191 871 1252 Nam
889 1192 967 1253 sieut
984 1192 1061 1257 nihil

137 1275 262 1354 fuimus,
293 1276 370 1340 nihil
391 1277 576 1355 cupivimus,
606 1282 770 1354 antequam
794 1293 981 1354 crearemur,
1001 1277 1061 1341 nisi

137 1361 169 1420 in
191 1359 259 1421 sola
275 1359 333 1419 Dei
357 1361 499 1422 seientia:
537 1361 578 1420 ita
613 1364 737 1438 oportet
768 1358 842 1420 illua
878 1357 993 1438 redire,
1028 1367 1062 1419 ut

136 1460 236 1521 aeque
257 1442 334 1505 nihil
356 1458 540 1520 nascamus,
563 1442 637 1502 nihil
660 1440 836 1521 cupiamus,
860 1439 934 1501 nihil
954 1442 1059 1503 simus.

116 1523 291 1597 ssHaeaest
313 1526 362 1594 via
384 1525 569 1605 compendii,
593 1526 643 1584 via
665 1524 775 1603 aruris,
796 1541 857 1602 qua
879 1523 1059 1586 brevissime

137 1609 332 1694 perveniatur
355 1607 393 1667 ad
417 1609 522 1685 vitam,
545 1608 584 1669 ad
607 1626 697 1687 qnam
721 1625 777 1686 per
794 1624 1059 1686 aperununquum

136 1691 322 1770 pervenitur,
344 1689 399 1752 sed
422 1692 519 1771 magis
542 1690 710 1752 aberratur.

95 1792 105 1812 ·
219 1770 363 1835 Coroll.
407 1774 510 1852 Patet,
541 1772 623 1852 qnod
658 1772 736 1834 haeu
766 1791 893 1834 munera
927 1771 1056 1850 quilibet

129 1863 239 1936 potest
250 1854 360 1917 offerre
377 1855 509 1934 Christo,
530 1876 593 1918 nou
605 1857 704 1915 minus
721 1873 838 1935 pauper
856 1873 947 1933 quam
961 1853 1057 1933 dives,

135 1941 198 2000 imo
221 1938 343 2018 melius,
367 1940 522 2018 quianon
545 1957 663 2015 aurum,
684 1937 765 2017 thus,
788 1936 941 2018 myrrham
963 1937 1057 2004 senu-

136 2020 239 2099 bilem,
262 2021 316 2083 sed
340 2020 430 2082 tidem
456 2021 566 2084 offerre
587 2039 771 2102 possumus,
792 2019 934 2085 fidutiam
952 2040 1056 2103 veram

134 2123 233 2165 rerum
269 2123 331 2164 non
362 2106 587 2184 apparentium.
637 2102 771 2164 Credere
798 2105 877 2164 enim
903 2103 1055 2167 Christum

32 2204 34 2207 ·
135 2205 206 2247 esse
227 2206 343 2267 regem,
364 2187 474 2264 Deum,
495 2189 663 2265 hominem,
685 2187 716 2250 h.
742 2206 769 2247 e.
792 2186 846 2252 illa
859 2188 917 2248 tria
928 2196 1058 2251 munera

136 2267 258 2332 offerre.
307 2269 368 2331 Sed
396 2270 493 2330 senilis
523 2272 601 2335 hese
622 2270 763 2331 doctrina
784 2269 866 2331 diatu
886 2275 918 2329 et
939 2270 1054 2350 auditu,

134 2352 215 2413 lautu
237 2359 338 2412 autem
373 2353 589 2432 impossibilis,
617 2352 730 2416 nedum
761 2351 893 2415 difficilis
926 2351 1054 2420 homiui.

131 2433 208 2495 Nam
239 2434 300 2496 hue
326 2437 401 2515 ipsa
425 2434 568 2498 differunt
601 2438 743 2500 doctrina
763 2456 821 2516 per
841 2437 999 2511 hominem
1023 2445 1054 2496 et

132 2515 273 2580 doctrina
300 2517 357 2578 Dei
386 2539 441 2598 per
471 2539 504 2579 se
533 2523 650 2599 ipsum,
678 2518 768 2598 ‹purrd¹
783 2518 978 2599 praedicator
999 2537 1052 2599 po·

132 2607 192 2662 test
219 2600 320 2661 dicere
349 2602 443 2662 etad
472 2623 562 2664 aures
591 2623 688 2684 usque
716 2621 830 2665 souare
867 2620 926 2662 neu
943 2666 946 2671 ,
962 2601 1052 2677 ultra,
1089 2643 1093 2655 ι

132 2681 214 2743 Deus
236 2692 338 2746 autern
360 2686 441 2746 intus
464 2686 503 2747 ad
527 2705 581 2747 eor
601 2696 695 2748 sonat
713 2692 747 2746 et
769 2685 871 2763 docet,
893 2686 955 2745 imo
978 2684 1051 2747 facit

131 2769 232 2827 statim
265 2769 367 2828 faeere
401 2770 481 2829 intus
509 2777 540 2831 et
568 2772 652 2832 soris.
695 2768 771 2832 lude
800 2767 969 2848 perieulum
991 2766 1051 2831 illis

131 2856 178 2909 est
200 2852 380 2930 maximum,
412 2853 462 2930 qui
494 2853 562 2914 freti
592 2853 753 2916 intellectu
774 2871 829 2916 suo
853 2851 958 2912 omnia
979 2849 1050 2913 ideo

130 2932 217 2993 salva
237 2941 360 3012 putant,
392 2936 463 3012 quia
484 2937 661 3018 intelligunt
683 2944 713 2994 et
743 2933 870 3014 pulchre
897 2933 1050 3013 speculari

129 3017 288 3076 veritatem
311 3024 450 3095 possunt,
474 3020 578 3080 aa‘sia
600 3038 708 3080 secure
727 3016 842 3079 eadunt
858 3016 891 3076 in
904 3015 1049 3096 perditio·

129 3117 210 3173 nem,
233 3117 291 3167 nea
312 3107 419 3160 aurant
437 3097 553 3180 Deum,
582 3102 743 3163 duetorem
764 3103 855 3160 intus.
898 3097 1050 3163 Videntur

128 3183 209 3240 enirn
232 3181 289 3243 sibi
310 3202 415 3243 amare
428 3186 598 3262 veritatem,
621 3203 691 3245 aum
712 3191 813 3246 tamen
827 3201 889 3243 non
903 3181 963 3244 nisi
977 3200 1049 3262 uug-

128 3264 276 3325 nitionem
294 3267 430 3326 veritatis
442 3275 555 3345 ament,
577 3274 608 3328 et
629 3270 659 3327 in
682 3269 749 3346 ipsa
772 3265 892 3328 asculta
905 3261 1049 3327 inflentur

127 3354 220 3426 atque
238 3347 298 3409 sibi
322 3345 475 3427 placeant.
519 3350 621 3426 Quare
642 3350 792 3411 Dominus
815 3349 864 3409 Ps.
885 3350 933 3413 31.
957 3346 1047 3411 dicit:

126 3427 318 3493 Intellectum
334 3431 387 3492 tibi
411 3431 491 3497 dubo
515 3440 546 3493 et
559 3435 706 3496 instruam
720 3440 749 3494 te
771 3432 884 3508 invia,
908 3448 969 3510 qua
980 3449 1047 3512 gru·
1087 3437 1090 3446 ¹

127 3509 236 3588 dietis,
258 3515 345 3592 quasi
367 3513 492 3592 diceret,
516 3534 586 3596 ego,
609 3535 669 3596 ego
691 3517 856 3590 instruam,
879 3533 942 3575 nun
965 3512 1045 3574 suffi-

127 3595 167 3655 eit
188 3595 243 3658 tihi
264 3599 411 3677 nmgieter
429 3598 545 3675 hamo,
570 3618 628 3660 nea
648 3600 680 3659 in
702 3599 756 3659 illo
780 3604 846 3658 esto
870 3600 1045 3659 contentus.

124 3674 165 3737 tlt
184 3679 217 3739 in
237 3678 336 3759 huius
353 3683 396 3741 rei
419 3679 547 3762 liguram
569 3689 602 3747 at
621 3681 797 3761 exemplum
820 3679 893 3741 licet
913 3679 994 3740 Masi
1015 3688 1047 3739 et

124 3759 229 3827 Aaron
249 3764 442 3844 permitteret
463 3770 496 3828 ut
509 3764 658 3844 populum
672 3763 848 3840 educerent,
865 3781 926 3823 nen
938 3770 1045 3828 tantm
