2356 4200
377 304 412 358 de
431 306 531 358 virtute
549 305 793 376 indulgentiarum.
986 300 1050 369 217

130 471 285 550 praelati?
307 473 386 532 item
408 475 596 534 monasteria
617 481 648 534 et
667 473 802 552 ordines,
827 478 858 533 et
885 473 1052 552 hospitalia

129 560 169 613 e„
183 555 361 633 parochiae.
405 556 437 616 ld
460 558 540 616 enim
564 575 626 616 non
655 564 759 636 potest
780 574 885 616 verum
910 555 1050 636 intelligi,

128 638 188 696 nisi
211 637 292 716 quod
316 639 368 698 tali
403 639 496 700 modo
516 641 617 699 unius
654 658 731 718 opus
761 657 815 720 pro
844 639 942 698 altero
965 640 1050 698 satis·

118 719 209 798 iacit,
232 719 414 802 suffragatur
436 728 467 782 et
489 721 642 802 glorificat
663 723 769 783 Deum.

480 872 557 933 Dico
580 875 698 951 itaque:

210 986 402 1068 Quamquam
416 1009 475 1071 ego
487 992 612 1070 pro'rsus
634 1011 696 1052 non
719 989 869 1073 intelligo,
891 987 1048 1069 quomodo

130 1071 193 1131 sint
213 1072 273 1131 ista
295 1074 403 1133 merita
426 1073 583 1133 militantis
606 1074 756 1135 ecclesiae
778 1074 808 1133 in
828 1091 919 1133 manu
940 1090 1050 1152 papae,

128 1160 231 1214 tamen
255 1156 376 1215 interim
399 1158 443 1215 sio
463 1157 514 1235 pie
538 1155 680 1234 credam,
709 1156 814 1224 donea
833 1175 904 1215 suus
926 1152 1048 1216 Gordus

127 1237 210 1296 hunc
232 1237 345 1297 nodum
367 1238 525 1300 dissolvat.
549 1239 650 1300 (lausa
671 1247 784 1317 autern,
798 1257 900 1320 ‘quare
923 1238 983 1298 non
1006 1237 1049 1296 in·

126 1319 284 1399 telligam,
308 1328 355 1382 est
376 1320 464 1381 haec:
735 1328 738 1332 '
799 1326 801 1333 ⁴

211 1403 321 1481 Prima,
344 1406 368 1463 si
391 1422 446 1484 pro
465 1405 637 1464 viventibus
650 1406 816 1466 viventium
832 1403 921 1465 offert
944 1418 1048 1480 opera,

125 1487 188 1545 iam
211 1505 272 1546 non
302 1487 411 1564 vide0,
440 1488 597 1566 quomodo
621 1490 660 1549 sit
687 1489 826 1549 remissio
849 1486 996 1568 gratuita,
1019 1491 1050 1543 et

126 1587 190 1628 nou
225 1570 326 1648 potius
359 1590 432 1630 vera
461 1578 491 1630 et
520 1573 598 1630 iusta
627 1571 794 1631 satisfactio
828 1578 859 1630 et
880 1567 1048 1651 persolutio

126 1652 284 1730 usquead
307 1654 506 1713 novissimum
530 1653 740 1732 quadrantem.
784 1650 870 1714 Licet
903 1648 1050 1795 enimfflr

127 1753 191 1794 non
215 1743 366 1815 operetur,
391 1738 438 1794 cui
462 1735 496 1795 fit
516 1738 666 1814 remissio,
687 1737 739 1796 alii
761 1744 863 1797 tamen
883 1752 979 1817 opera

127 1827 160 1877 et
182 1817 380 1880 satisfaciunt.
403 1819 490 1878 Tunc
511 1821 591 1879 enim
615 1819 644 1879 id
661 1818 726 1894 fiet,
747 1819 834 1898 quod·
853 1834 960 1879 omnes
978 1819 1048 1877 oon·

127 1907 246 1960 stanter
267 1908 391 1980 negant,
414 1903 546 1979 scilicet,
576 1903 657 1982 quod
688 1901 863 1964 concedens
886 1906 994 1962 oneret
1016 1917 1049 1959 se

126 1981 165 2042 ad
191 1983 446 2060 satisfactionem,
470 2005 542 2045 vere
565 1989 645 2046 enim
669 2005 750 2066 papa
772 1992 844 2045 tunc
866 2003 927 2045 non
950 1982 1050 2042 remit

125 2072 206 2126 teret
228 2065 281 2126 sed
308 2068 335 2140 ¹)
362 2068 567 2140 satisfaceret,
592 2069 709 2129 scilicet
731 2084 786 2148 per
807 2068 863 2127 sibi
887 2065 1050 2126 subiectos.

213 2148 370 2227 Secunda,
402 2152 483 2228 quod
507 2153 551 2211 sic
573 2151 676 2212 claves
699 2150 848 2212 ecclesiae
871 2149 945 2209 nihil
968 2165 1051 2228 pror·

130 2236 183 2291 sus
205 2232 350 2306 facerent,
374 2235 431 2295 uisi
454 2233 535 2312 quod
559 2236 618 2296 iam
642 2234 680 2295 de
703 2236 785 2294 facto
800 2232 834 2293 fit
855 2235 885 2293 in
910 2231 1051 2309 ecclesia,
1117 2232 1120 2236 ’

127 2315 220 2373 etiam
244 2317 310 2375 sine
333 2316 479 2379 clavibus.
513 2317 590 2376 Nam
615 2338 653 2378 ex
677 2318 745 2399 lege
768 2317 901 2377 caritatis
924 2312 1052 2395 quilibet

127 2416 185 2477 pro
211 2398 347 2476 quolibet
371 2407 489 2459 tenetur
511 2419 608 2478 orare,
631 2408 662 2461 et
685 2400 844 2482 apostolus
864 2401 921 2459 ait:
964 2396 1052 2456 Alter

126 2478 252 2540 alterius
283 2499 378 2541 onera
406 2491 543 2562 portate,
573 2493 602 2542 et
636 2485 681 2552 sic
709 2483 914 2564 adimplebitis
949 2480 1049 2560 legem

127 2561 249 2623 Christi.
586 2570 590 2574 ’

211 2645 330 2723 Tertia,
365 2647 445 2726 quod
470 2667 583 2708 nomeu
607 2648 816 2729 indulgentiae
837 2647 909 2707 huic
931 2651 1051 2705 senten·

127 2727 189 2788 tiae
211 2738 370 2808 repugnat,
395 2732 466 2809 quia
487 2731 580 2792 debet
600 2733 674 2793 illud
689 2732 859 2811 indulgere,
880 2730 911 2788 id
928 2735 984 2807 est,
1006 2747 1051 2787 re·

127 2811 267 2889 mittere,
301 2819 417 2872 utnon
441 2814 638 2892 faciatquod
663 2814 826 2893 debet2),
860 2832 920 2872 non
949 2817 1050 2871 autem

126 2896 286 2972 imponere
308 2896 406 2974 alteri,
430 2897 477 2956 vel
501 2897 676 2976 impositum
700 2898 817 2973 dicere,
842 2891 874 2955 ut
893 2893 1051 2973 indulgen-

127 2977 170 3035 tia
194 2996 317 3056 prorsus
336 2980 512 3058 exstinguat
533 2979 678 3059 debitum,
701 2987 874 3040 uonoutem
892 2977 1051 3057 peralium
1096 3043 1098 3047 ¹

128 3059 259 3119 solvat·
284 3059 386 3135 Quare
419 3061 536 3121 videtur
563 3064 683 3142 potius,
719 3065 785 3122 sinc
807 3063 872 3126 ¹isto
896 3061 1051 3137 thesauro,

126 3141 210 3202 nuda
236 3142 378 3204 sufficere
421 3152 559 3224 potestas
595 3145 725 3204 clavium
761 3145 800 3205 ad
832 3143 1050 3223 indulgentias,

124 3226 261 3285 maxime
285 3246 351 3286 cum
376 3229 547 3287 remittatur
568 3228 781 3288 tantummodo
805 3228 965 3301 canonica,
989 3244 1050 3285 non

125 3315 229 3367 autem
254 3311 434 3389 evangelica
456 3312 633 3371 satisfactio.
663 3312 723 3371 Aut
745 3312 853 3370 iterum
877 3310 927 3369 hic
949 3308 1050 3368 dicen-

92 3452 98 3459 ,
127 3391 199 3450 dum
223 3392 288 3468 erit,
313 3401 457 3472 utsupra
480 3393 518 3453 de
537 3396 716 3454 remissione
738 3395 846 3474 culpae
869 3393 1050 3468 dictumest,

127 3475 210 3552 quod
240 3476 283 3533 sic
314 3477 405 3534 etiam
427 3479 562 3536 remittat
591 3497 646 3557 per
673 3479 753 3537 hunc
782 3477 955 3537 thesaurum
979 3490 1051 3555 poe·

127 3575 195 3635 nas,
217 3556 246 3616 id
271 3565 327 3635 est,
352 3558 487 3619 declaret
508 3559 538 3620 id
552 3560 628 3640 fieri,
651 3561 841 3640 quodetiam
864 3561 985 3619 sinc‘eo
1006 3556 1051 3636 iit,

182 3769 213 3832 1)
235 3768 264 3819 ln
284 3768 326 3820 ed.
346 3769 406 3822 len.
427 3768 520 3822 deest:
540 3769 598 3822 sed.
655 3769 687 3831 2)
709 3769 792 3823 ibid:
812 3768 897 3824 decet.
