<?xml version="1.0" encoding="UTF-8"?>
<!DOCTYPE html PUBLIC "-//W3C//DTD XHTML 1.0 Transitional//EN"
    "http://www.w3.org/TR/xhtml1/DTD/xhtml1-transitional.dtd">
<html xmlns="http://www.w3.org/1999/xhtml" xml:lang="en" lang="en">
 <head>
  <title>
</title>
<meta http-equiv="Content-Type" content="text/html;charset=utf-8" />
  <meta name='ocr-system' content='tesseract 3.04.00' />
  <meta name='ocr-capabilities' content='ocr_page ocr_carea ocr_par ocr_line ocrx_word'/>
</head>
<body>
  <div class='ocr_page' id='page_1' title='image "./dmartinilutheri01luthgoog_0512.png"; bbox 0 0 2356 4200; ppageno 0'>
   <div class='ocr_carea' id='block_1_1' title="bbox 324 317 1008 413">
    <p class='ocr_par' dir='ltr' id='par_1_1' title="bbox 324 317 1008 413">
     <span class='ocr_line' id='line_1_1' title="bbox 324 317 1008 413; baseline 0.009 -41"><span class='ocrx_word' id='word_1_1' title='bbox 324 317 358 372; x_wconf 89' lang='lat' dir='ltr'>ad</span> <span class='ocrx_word' id='word_1_2' title='bbox 376 317 449 373; x_wconf 88' lang='lat' dir='ltr'>Dial.</span> <span class='ocrx_word' id='word_1_3' title='bbox 468 318 497 372; x_wconf 90' lang='lat' dir='ltr'>F.</span> <span class='ocrx_word' id='word_1_4' title='bbox 517 318 583 373; x_wconf 85' lang='lat' dir='ltr'>silv.</span> <span class='ocrx_word' id='word_1_5' title='bbox 602 320 750 374; x_wconf 84' lang='lat' dir='ltr'>Priariatis.</span> <span class='ocrx_word' id='word_1_6' title='bbox 863 401 872 413; x_wconf 26' lang='grc' dir='ltr'>ἱ</span> <span class='ocrx_word' id='word_1_7' title='bbox 966 318 1008 409; x_wconf 73' lang='lat' dir='ltr'>dil</span> 
     </span>
    </p>
   </div>
   <div class='ocr_carea' id='block_1_2' title="bbox 105 488 1084 3633">
    <p class='ocr_par' dir='ltr' id='par_1_2' title="bbox 106 488 1011 1213">
     <span class='ocr_line' id='line_1_2' title="bbox 166 488 1007 570; baseline 0.001 -20"><span class='ocrx_word' id='word_1_8' title='bbox 166 488 378 569; x_wconf 85' lang='lat' dir='ltr'>Respondeo:</span> <span class='ocrx_word' id='word_1_9' title='bbox 408 489 530 550; x_wconf 77' lang='lat' dir='ltr'>Gratias</span> <span class='ocrx_word' id='word_1_10' title='bbox 557 509 617 570; x_wconf 84' lang='lat' dir='ltr'>ago</span> <span class='ocrx_word' id='word_1_11' title='bbox 649 489 703 551; x_wconf 89' lang='lat' dir='ltr'>tibi</span> <span class='ocrx_word' id='word_1_12' title='bbox 734 509 825 568; x_wconf 89' lang='lat' dir='ltr'>quam</span> <span class='ocrx_word' id='word_1_13' title='bbox 846 491 1007 567; x_wconf 88' lang='lat' dir='ltr'>maximas,</span> 
     </span>
     <span class='ocr_line' id='line_1_3' title="bbox 106 571 1010 651; baseline 0.001 -19"><span class='ocrx_word' id='word_1_14' title='bbox 106 571 231 651; x_wconf 87' lang='lat' dir='ltr'>nmquid</span> <span class='ocrx_word' id='word_1_15' title='bbox 254 590 313 651; x_wconf 82' lang='lat' dir='ltr'>ego</span> <span class='ocrx_word' id='word_1_16' title='bbox 336 571 420 631; x_wconf 85' lang='lat' dir='ltr'>aliud</span> <span class='ocrx_word' id='word_1_17' title='bbox 444 572 539 650; x_wconf 89' lang='lat' dir='ltr'>nolui,</span> <span class='ocrx_word' id='word_1_18' title='bbox 563 591 653 651; x_wconf 85' lang='lat' dir='ltr'>quam</span> <span class='ocrx_word' id='word_1_19' title='bbox 678 573 760 651; x_wconf 93' lang='lat' dir='ltr'>quod</span> <span class='ocrx_word' id='word_1_20' title='bbox 783 579 814 633; x_wconf 90' lang='lat' dir='ltr'>tu</span> <span class='ocrx_word' id='word_1_21' title='bbox 836 574 886 633; x_wconf 91' lang='lat' dir='ltr'>hio</span> <span class='ocrx_word' id='word_1_22' title='bbox 908 572 1010 636; x_wconf 82' lang='lat' dir='ltr'>diois?</span> 
     </span>
     <span class='ocr_line' id='line_1_4' title="bbox 106 653 1009 736; baseline -0.002 -20"><span class='ocrx_word' id='word_1_23' title='bbox 106 654 148 716; x_wconf 73' lang='lat' dir='ltr'>&#39;stc</span> <span class='ocrx_word' id='word_1_24' title='bbox 169 673 245 735; x_wconf 80' lang='lat' dir='ltr'>crgo</span> <span class='ocrx_word' id='word_1_25' title='bbox 275 672 367 733; x_wconf 91' lang='lat' dir='ltr'>supra</span> <span class='ocrx_word' id='word_1_26' title='bbox 389 653 449 715; x_wconf 88' lang='lat' dir='ltr'>hoo</span> <span class='ocrx_word' id='word_1_27' title='bbox 471 661 670 736; x_wconf 86' lang='lat' dir='ltr'>praeceptum</span> <span class='ocrx_word' id='word_1_28' title='bbox 692 655 802 715; x_wconf 84' lang='lat' dir='ltr'>falsum</span> <span class='ocrx_word' id='word_1_29' title='bbox 824 654 1009 717; x_wconf 80' lang='lat' dir='ltr'>asserebas?</span> 
     </span>
     <span class='ocr_line' id='line_1_5' title="bbox 106 736 1010 816; baseline 0 -18"><span class='ocrx_word' id='word_1_30' title='bbox 106 756 133 799; x_wconf 72' lang='lat' dir='ltr'>‚rr</span> <span class='ocrx_word' id='word_1_31' title='bbox 154 737 237 798; x_wconf 90' lang='lat' dir='ltr'>idem</span> <span class='ocrx_word' id='word_1_32' title='bbox 268 736 348 816; x_wconf 88' lang='lat' dir='ltr'>apud</span> <span class='ocrx_word' id='word_1_33' title='bbox 376 744 408 796; x_wconf 85' lang='lat' dir='ltr'>te</span> <span class='ocrx_word' id='word_1_34' title='bbox 432 738 560 798; x_wconf 86' lang='lat' dir='ltr'>diversis</span> <span class='ocrx_word' id='word_1_35' title='bbox 593 739 670 798; x_wconf 91' lang='lat' dir='ltr'>locis</span> <span class='ocrx_word' id='word_1_36' title='bbox 707 744 740 798; x_wconf 86' lang='lat' dir='ltr'>ct</span> <span class='ocrx_word' id='word_1_37' title='bbox 766 757 871 799; x_wconf 85' lang='lat' dir='ltr'>varum</span> <span class='ocrx_word' id='word_1_38' title='bbox 903 745 936 798; x_wconf 88' lang='lat' dir='ltr'>et</span> <span class='ocrx_word' id='word_1_39' title='bbox 956 738 1010 798; x_wconf 87' lang='lat' dir='ltr'>fal-</span> 
     </span>
     <span class='ocr_line' id='line_1_6' title="bbox 106 819 1010 900; baseline -0.001 -19"><span class='ocrx_word' id='word_1_40' title='bbox 106 840 151 881; x_wconf 81' lang='lat' dir='ltr'>um</span> <span class='ocrx_word' id='word_1_41' title='bbox 174 819 247 880; x_wconf 78' lang='lat' dir='ltr'>est?</span> <span class='ocrx_word' id='word_1_42' title='bbox 276 820 366 900; x_wconf 84' lang='lat' dir='ltr'>Rogo</span> <span class='ocrx_word' id='word_1_43' title='bbox 390 822 414 879; x_wconf 92' lang='lat' dir='ltr'>si</span> <span class='ocrx_word' id='word_1_44' title='bbox 437 820 510 880; x_wconf 91' lang='lat' dir='ltr'>mihi</span> <span class='ocrx_word' id='word_1_45' title='bbox 532 840 594 881; x_wconf 92' lang='lat' dir='ltr'>non</span> <span class='ocrx_word' id='word_1_46' title='bbox 617 821 664 881; x_wconf 85' lang='lat' dir='ltr'>vis</span> <span class='ocrx_word' id='word_1_47' title='bbox 687 821 822 897; x_wconf 84' lang='lat' dir='ltr'>credere,</span> <span class='ocrx_word' id='word_1_48' title='bbox 845 821 936 882; x_wconf 89' lang='lat' dir='ltr'>crede</span> <span class='ocrx_word' id='word_1_49' title='bbox 958 821 1010 881; x_wconf 89' lang='lat' dir='ltr'>ali-</span> 
     </span>
     <span class='ocr_line' id='line_1_7' title="bbox 106 902 1011 984; baseline -0.001 -19"><span class='ocrx_word' id='word_1_50' title='bbox 106 902 209 965; x_wconf 73' lang='lat' dir='ltr'>nando</span> <span class='ocrx_word' id='word_1_51' title='bbox 233 903 364 980; x_wconf 87' lang='lat' dir='ltr'>veritati,</span> <span class='ocrx_word' id='word_1_52' title='bbox 386 909 420 962; x_wconf 91' lang='lat' dir='ltr'>ut</span> <span class='ocrx_word' id='word_1_53' title='bbox 431 903 620 984; x_wconf 86' lang='lat' dir='ltr'>Augustinus</span> <span class='ocrx_word' id='word_1_54' title='bbox 643 905 701 981; x_wconf 90' lang='lat' dir='ltr'>ait,</span> <span class='ocrx_word' id='word_1_55' title='bbox 723 924 779 984; x_wconf 86' lang='lat' dir='ltr'>per</span> <span class='ocrx_word' id='word_1_56' title='bbox 802 923 837 965; x_wconf 87' lang='lat' dir='ltr'>os</span> <span class='ocrx_word' id='word_1_57' title='bbox 860 910 944 964; x_wconf 91' lang='lat' dir='ltr'>tuum</span> <span class='ocrx_word' id='word_1_58' title='bbox 966 903 1011 964; x_wconf 94' lang='lat' dir='ltr'>lo-</span> 
     </span>
     <span class='ocr_line' id='line_1_8' title="bbox 106 985 1011 1067; baseline 0 -20"><span class='ocrx_word' id='word_1_59' title='bbox 106 987 192 1047; x_wconf 77' lang='lat' dir='ltr'>uonti</span> <span class='ocrx_word' id='word_1_60' title='bbox 212 985 282 1061; x_wconf 88' lang='lat' dir='ltr'>tibi,</span> <span class='ocrx_word' id='word_1_61' title='bbox 311 985 450 1046; x_wconf 76' lang='lat' dir='ltr'>fortassis</span> <span class='ocrx_word' id='word_1_62' title='bbox 477 988 632 1067; x_wconf 79' lang='lat' dir='ltr'>ignoranti</span> <span class='ocrx_word' id='word_1_63' title='bbox 662 994 693 1047; x_wconf 90' lang='lat' dir='ltr'>ct</span> <span class='ocrx_word' id='word_1_64' title='bbox 721 988 829 1049; x_wconf 87' lang='lat' dir='ltr'>invito.</span> <span class='ocrx_word' id='word_1_65' title='bbox 873 986 1011 1047; x_wconf 79' lang='lat' dir='ltr'>Admitto</span> 
     </span>
     <span class='ocr_line' id='line_1_9' title="bbox 106 1069 1011 1151; baseline -0.001 -22"><span class='ocrx_word' id='word_1_66' title='bbox 106 1070 234 1150; x_wconf 81' lang='lat' dir='ltr'>ptimam</span> <span class='ocrx_word' id='word_1_67' title='bbox 264 1070 356 1128; x_wconf 89' lang='lat' dir='ltr'>istam</span> <span class='ocrx_word' id='word_1_68' title='bbox 384 1069 626 1130; x_wconf 80' lang='lat' dir='ltr'>confutationem</span> <span class='ocrx_word' id='word_1_69' title='bbox 660 1069 728 1130; x_wconf 82' lang='lat' dir='ltr'>falsi</span> <span class='ocrx_word' id='word_1_70' title='bbox 755 1070 912 1151; x_wconf 90' lang='lat' dir='ltr'>praecepti</span> <span class='ocrx_word' id='word_1_71' title='bbox 939 1069 1011 1149; x_wconf 88' lang='lat' dir='ltr'>mai,</span> 
     </span>
     <span class='ocr_line' id='line_1_10' title="bbox 106 1152 629 1213; baseline -0.002 0"><span class='ocrx_word' id='word_1_72' title='bbox 106 1170 147 1213; x_wconf 68' lang='lat' dir='ltr'>ua</span> <span class='ocrx_word' id='word_1_73' title='bbox 167 1152 360 1212; x_wconf 80' lang='lat' dir='ltr'>verissimum</span> <span class='ocrx_word' id='word_1_74' title='bbox 384 1171 454 1212; x_wconf 87' lang='lat' dir='ltr'>esse</span> <span class='ocrx_word' id='word_1_75' title='bbox 476 1154 629 1213; x_wconf 79' lang='lat' dir='ltr'>astruitur,</span> 
     </span>
    </p>

    <p class='ocr_par' dir='ltr' id='par_1_3' title="bbox 106 1234 1020 2140">
     <span class='ocr_line' id='line_1_11' title="bbox 147 1234 1010 1314; baseline -0.001 -18"><span class='ocrx_word' id='word_1_76' title='bbox 147 1234 305 1314; x_wconf 65' lang='lat' dir='ltr'>Sequeris}</span> <span class='ocrx_word' id='word_1_77' title='bbox 327 1235 399 1313; x_wconf 86' lang='lat' dir='ltr'>quia</span> <span class='ocrx_word' id='word_1_78' title='bbox 422 1242 584 1313; x_wconf 86' lang='lat' dir='ltr'>utrumque</span> <span class='ocrx_word' id='word_1_79' title='bbox 606 1235 715 1294; x_wconf 88' lang='lat' dir='ltr'>melius</span> <span class='ocrx_word' id='word_1_80' title='bbox 738 1242 799 1313; x_wconf 86' lang='lat' dir='ltr'>ost,</span> <span class='ocrx_word' id='word_1_81' title='bbox 823 1254 914 1314; x_wconf 90' lang='lat' dir='ltr'>quam</span> <span class='ocrx_word' id='word_1_82' title='bbox 937 1234 1010 1295; x_wconf 88' lang='lat' dir='ltr'>alte-</span> 
     </span>
     <span class='ocr_line' id='line_1_12' title="bbox 106 1317 1010 1397; baseline -0.002 -18"><span class='ocrx_word' id='word_1_83' title='bbox 106 1317 205 1396; x_wconf 75' lang='lat' dir='ltr'>rm1)</span> <span class='ocrx_word' id='word_1_84' title='bbox 231 1323 290 1377; x_wconf 85' lang='lat' dir='ltr'>stc.</span> <span class='ocrx_word' id='word_1_85' title='bbox 323 1317 435 1397; x_wconf 85' lang='lat' dir='ltr'>Magne</span> <span class='ocrx_word' id='word_1_86' title='bbox 457 1318 555 1397; x_wconf 86' lang='lat' dir='ltr'>Deus,</span> <span class='ocrx_word' id='word_1_87' title='bbox 590 1323 709 1396; x_wconf 87' lang='lat' dir='ltr'>quauta·</span> <span class='ocrx_word' id='word_1_88' title='bbox 727 1325 774 1378; x_wconf 88' lang='lat' dir='ltr'>est</span> <span class='ocrx_word' id='word_1_89' title='bbox 795 1319 841 1377; x_wconf 90' lang='lat' dir='ltr'>vis</span> <span class='ocrx_word' id='word_1_90' title='bbox 863 1318 1010 1395; x_wconf 82' lang='lat' dir='ltr'>veritatis,</span> 
     </span>
     <span class='ocr_line' id='line_1_13' title="bbox 106 1399 1011 1480; baseline -0.002 -18"><span class='ocrx_word' id='word_1_91' title='bbox 106 1401 276 1462; x_wconf 63' lang='lat' dir='ltr'>somnium</span> <span class='ocrx_word' id='word_1_92' title='bbox 303 1419 337 1459; x_wconf 91' lang='lat' dir='ltr'>se</span> <span class='ocrx_word' id='word_1_93' title='bbox 366 1400 532 1460; x_wconf 83' lang='lat' dir='ltr'>fortissime</span> <span class='ocrx_word' id='word_1_94' title='bbox 555 1407 677 1460; x_wconf 88' lang='lat' dir='ltr'>tueatur</span> <span class='ocrx_word' id='word_1_95' title='bbox 703 1420 759 1480; x_wconf 87' lang='lat' dir='ltr'>per</span> <span class='ocrx_word' id='word_1_96' title='bbox 788 1419 823 1462; x_wconf 88' lang='lat' dir='ltr'>os</span> <span class='ocrx_word' id='word_1_97' title='bbox 851 1399 1011 1461; x_wconf 90' lang='lat' dir='ltr'>detrahen-</span> 
     </span>
     <span class='ocr_line' id='line_1_14' title="bbox 106 1480 1011 1562; baseline 0.001 -19"><span class='ocrx_word' id='word_1_98' title='bbox 106 1502 163 1545; x_wconf 81' lang='lat' dir='ltr'>um</span> <span class='ocrx_word' id='word_1_99' title='bbox 184 1480 250 1544; x_wconf 89' lang='lat' dir='ltr'>sibi.</span> <span class='ocrx_word' id='word_1_100' title='bbox 273 1482 320 1542; x_wconf 84' lang='lat' dir='ltr'>Tu</span> <span class='ocrx_word' id='word_1_101' title='bbox 339 1484 390 1561; x_wconf 90' lang='lat' dir='ltr'>qui</span> <span class='ocrx_word' id='word_1_102' title='bbox 411 1482 502 1543; x_wconf 90' lang='lat' dir='ltr'>bonis</span> <span class='ocrx_word' id='word_1_103' title='bbox 523 1502 557 1542; x_wconf 90' lang='lat' dir='ltr'>es</span> <span class='ocrx_word' id='word_1_104' title='bbox 570 1483 737 1562; x_wconf 91' lang='lat' dir='ltr'>disciplinis</span> <span class='ocrx_word' id='word_1_105' title='bbox 759 1484 914 1544; x_wconf 89' lang='lat' dir='ltr'>institutus</span> <span class='ocrx_word' id='word_1_106' title='bbox 926 1483 1011 1544; x_wconf 90' lang='lat' dir='ltr'>theo·</span> 
     </span>
     <span class='ocr_line' id='line_1_15' title="bbox 106 1564 1020 1648; baseline -0.004 -20"><span class='ocrx_word' id='word_1_107' title='bbox 106 1584 186 1648; x_wconf 78' lang='lat' dir='ltr'>tgus,</span> <span class='ocrx_word' id='word_1_108' title='bbox 210 1564 288 1626; x_wconf 89' lang='lat' dir='ltr'>doce</span> <span class='ocrx_word' id='word_1_109' title='bbox 312 1584 378 1642; x_wconf 88' lang='lat' dir='ltr'>me,</span> <span class='ocrx_word' id='word_1_110' title='bbox 402 1573 539 1644; x_wconf 71' lang='lat' dir='ltr'>quaeso,</span> <span class='ocrx_word' id='word_1_111' title='bbox 559 1565 716 1644; x_wconf 92' lang='lat' dir='ltr'>quomodo</span> <span class='ocrx_word' id='word_1_112' title='bbox 738 1564 816 1626; x_wconf 89' lang='lat' dir='ltr'>haec</span> <span class='ocrx_word' id='word_1_113' title='bbox 838 1565 899 1627; x_wconf 93' lang='lat' dir='ltr'>duo</span> <span class='ocrx_word' id='word_1_114' title='bbox 922 1564 1020 1626; x_wconf 85' lang='lat' dir='ltr'>simul</span> 
     </span>
     <span class='ocr_line' id='line_1_16' title="bbox 106 1648 1010 1728; baseline -0.004 -17"><span class='ocrx_word' id='word_1_115' title='bbox 106 1656 170 1711; x_wconf 74' lang='lat' dir='ltr'>tuuc</span> <span class='ocrx_word' id='word_1_116' title='bbox 190 1649 331 1728; x_wconf 79' lang='lat' dir='ltr'>possint,</span> <span class='ocrx_word' id='word_1_117' title='bbox 365 1648 469 1708; x_wconf 84' lang='lat' dir='ltr'>aurare</span> <span class='ocrx_word' id='word_1_118' title='bbox 498 1654 528 1707; x_wconf 88' lang='lat' dir='ltr'>et</span> <span class='ocrx_word' id='word_1_119' title='bbox 558 1667 706 1727; x_wconf 86' lang='lat' dir='ltr'>quaerere</span> <span class='ocrx_word' id='word_1_120' title='bbox 724 1666 842 1727; x_wconf 86' lang='lat' dir='ltr'>poenas</span> <span class='ocrx_word' id='word_1_121' title='bbox 871 1655 903 1709; x_wconf 88' lang='lat' dir='ltr'>et</span> <span class='ocrx_word' id='word_1_122' title='bbox 924 1649 1010 1708; x_wconf 89' lang='lat' dir='ltr'>satis-</span> 
     </span>
     <span class='ocr_line' id='line_1_17' title="bbox 106 1729 1011 1811; baseline -0.003 -18"><span class='ocrx_word' id='word_1_123' title='bbox 106 1733 247 1807; x_wconf 80' lang='lat' dir='ltr'>tclioues,</span> <span class='ocrx_word' id='word_1_124' title='bbox 270 1729 360 1790; x_wconf 91' lang='lat' dir='ltr'>simul</span> <span class='ocrx_word' id='word_1_125' title='bbox 383 1733 474 1790; x_wconf 88' lang='lat' dir='ltr'>etiam</span> <span class='ocrx_word' id='word_1_126' title='bbox 497 1733 611 1791; x_wconf 87' lang='lat' dir='ltr'>remitti</span> <span class='ocrx_word' id='word_1_127' title='bbox 632 1739 664 1791; x_wconf 90' lang='lat' dir='ltr'>et</span> <span class='ocrx_word' id='word_1_128' title='bbox 684 1750 830 1810; x_wconf 87' lang='lat' dir='ltr'>quaerere</span> <span class='ocrx_word' id='word_1_129' title='bbox 853 1730 1011 1811; x_wconf 84' lang='lat' dir='ltr'>indulgeu-</span> 
     </span>
     <span class='ocr_line' id='line_1_18' title="bbox 106 1813 1011 1890; baseline -0.002 -15"><span class='ocrx_word' id='word_1_130' title='bbox 106 1814 168 1876; x_wconf 79' lang='lat' dir='ltr'>as?</span> <span class='ocrx_word' id='word_1_131' title='bbox 210 1813 291 1888; x_wconf 70' lang='lat' dir='ltr'>Quia</span> <span class='ocrx_word' id='word_1_132' title='bbox 310 1832 404 1872; x_wconf 89' lang='lat' dir='ltr'>uuum</span> <span class='ocrx_word' id='word_1_133' title='bbox 421 1813 553 1888; x_wconf 88' lang='lat' dir='ltr'>illorum,</span> <span class='ocrx_word' id='word_1_134' title='bbox 576 1821 609 1874; x_wconf 92' lang='lat' dir='ltr'>ut</span> <span class='ocrx_word' id='word_1_135' title='bbox 630 1815 685 1890; x_wconf 89' lang='lat' dir='ltr'>ais,</span> <span class='ocrx_word' id='word_1_136' title='bbox 709 1815 775 1874; x_wconf 85' lang='lat' dir='ltr'>sina</span> <span class='ocrx_word' id='word_1_137' title='bbox 797 1813 895 1875; x_wconf 90' lang='lat' dir='ltr'>altero</span> <span class='ocrx_word' id='word_1_138' title='bbox 912 1817 1011 1874; x_wconf 91' lang='lat' dir='ltr'>minus</span> 
     </span>
     <span class='ocr_line' id='line_1_19' title="bbox 106 1896 1010 1975; baseline -0.001 -18"><span class='ocrx_word' id='word_1_139' title='bbox 106 1903 145 1973; x_wconf 77' lang='lat' dir='ltr'>st,</span> <span class='ocrx_word' id='word_1_140' title='bbox 167 1902 330 1975; x_wconf 89' lang='lat' dir='ltr'>utrumque</span> <span class='ocrx_word' id='word_1_141' title='bbox 352 1903 455 1956; x_wconf 86' lang='lat' dir='ltr'>autem</span> <span class='ocrx_word' id='word_1_142' title='bbox 475 1897 584 1956; x_wconf 88' lang='lat' dir='ltr'>malins</span> <span class='ocrx_word' id='word_1_143' title='bbox 608 1904 664 1972; x_wconf 93' lang='lat' dir='ltr'>est,</span> <span class='ocrx_word' id='word_1_144' title='bbox 685 1896 716 1956; x_wconf 95' lang='lat' dir='ltr'>id</span> <span class='ocrx_word' id='word_1_145' title='bbox 739 1902 796 1975; x_wconf 86' lang='lat' dir='ltr'>ast,</span> <span class='ocrx_word' id='word_1_146' title='bbox 816 1903 850 1956; x_wconf 91' lang='lat' dir='ltr'>ut</span> <span class='ocrx_word' id='word_1_147' title='bbox 861 1896 950 1956; x_wconf 90' lang='lat' dir='ltr'>simul</span> <span class='ocrx_word' id='word_1_148' title='bbox 965 1915 1010 1955; x_wconf 89' lang='lat' dir='ltr'>sa-</span> 
     </span>
     <span class='ocr_line' id='line_1_20' title="bbox 106 1978 1012 2058; baseline -0.004 -17"><span class='ocrx_word' id='word_1_149' title='bbox 106 1979 222 2041; x_wconf 76' lang='lat' dir='ltr'>siacias</span> <span class='ocrx_word' id='word_1_150' title='bbox 251 1986 284 2040; x_wconf 87' lang='lat' dir='ltr'>ct</span> <span class='ocrx_word' id='word_1_151' title='bbox 305 1978 396 2038; x_wconf 89' lang='lat' dir='ltr'>simul</span> <span class='ocrx_word' id='word_1_152' title='bbox 418 1979 543 2040; x_wconf 88' lang='lat' dir='ltr'>omittas</span> <span class='ocrx_word' id='word_1_153' title='bbox 564 1979 821 2056; x_wconf 79' lang='lat' dir='ltr'>satisfactionem,</span> <span class='ocrx_word' id='word_1_154' title='bbox 858 1978 942 2058; x_wconf 92' lang='lat' dir='ltr'>quod</span> <span class='ocrx_word' id='word_1_155' title='bbox 965 1985 1012 2039; x_wconf 89' lang='lat' dir='ltr'>est</span> 
     </span>
     <span class='ocr_line' id='line_1_21' title="bbox 106 2061 990 2140; baseline -0.001 -17"><span class='ocrx_word' id='word_1_156' title='bbox 106 2061 172 2137; x_wconf 88' lang='lat' dir='ltr'>liud</span> <span class='ocrx_word' id='word_1_157' title='bbox 192 2061 269 2122; x_wconf 89' lang='lat' dir='ltr'>nihil</span> <span class='ocrx_word' id='word_1_158' title='bbox 291 2081 382 2140; x_wconf 86' lang='lat' dir='ltr'>quam</span> <span class='ocrx_word' id='word_1_159' title='bbox 406 2080 474 2120; x_wconf 91' lang='lat' dir='ltr'>cum</span> <span class='ocrx_word' id='word_1_160' title='bbox 497 2063 627 2140; x_wconf 89' lang='lat' dir='ltr'>ratione,</span> <span class='ocrx_word' id='word_1_161' title='bbox 649 2067 683 2122; x_wconf 91' lang='lat' dir='ltr'>ut</span> <span class='ocrx_word' id='word_1_162' title='bbox 704 2062 756 2121; x_wconf 89' lang='lat' dir='ltr'>illc</span> <span class='ocrx_word' id='word_1_163' title='bbox 772 2063 824 2139; x_wconf 84' lang='lat' dir='ltr'>ait,</span> <span class='ocrx_word' id='word_1_164' title='bbox 846 2063 990 2122; x_wconf 85' lang='lat' dir='ltr'>insanire.</span> 
     </span>
    </p>

    <p class='ocr_par' dir='ltr' id='par_1_4' title="bbox 106 2142 1084 3037">
     <span class='ocr_line' id='line_1_22' title="bbox 149 2142 1012 2224; baseline -0.005 -17"><span class='ocrx_word' id='word_1_165' title='bbox 149 2145 314 2224; x_wconf 78' lang='lat' dir='ltr'>Sequeris,</span> <span class='ocrx_word' id='word_1_166' title='bbox 344 2144 396 2204; x_wconf 91' lang='lat' dir='ltr'>ubi</span> <span class='ocrx_word' id='word_1_167' title='bbox 418 2163 491 2204; x_wconf 86' lang='lat' dir='ltr'>vero</span> <span class='ocrx_word' id='word_1_168' title='bbox 513 2164 637 2224; x_wconf 84' lang='lat' dir='ltr'>poenae</span> <span class='ocrx_word' id='word_1_169' title='bbox 666 2144 780 2224; x_wconf 83' lang='lat' dir='ltr'>nullum</span> <span class='ocrx_word' id='word_1_170' title='bbox 804 2144 918 2205; x_wconf 92' lang='lat' dir='ltr'>bouum</span> <span class='ocrx_word' id='word_1_171' title='bbox 941 2142 1012 2204; x_wconf 83' lang='lat' dir='ltr'>affe-</span> 
     </span>
     <span class='ocr_line' id='line_1_23' title="bbox 106 2226 1054 2308; baseline -0.004 -18"><span class='ocrx_word' id='word_1_172' title='bbox 106 2235 166 2308; x_wconf 83' lang='lat' dir='ltr'>nnt,</span> <span class='ocrx_word' id='word_1_173' title='bbox 190 2228 244 2289; x_wconf 86' lang='lat' dir='ltr'>sed</span> <span class='ocrx_word' id='word_1_174' title='bbox 265 2226 423 2287; x_wconf 86' lang='lat' dir='ltr'>retardant</span> <span class='ocrx_word' id='word_1_175' title='bbox 444 2248 463 2287; x_wconf 90' lang='lat' dir='ltr'>a</span> <span class='ocrx_word' id='word_1_176' title='bbox 486 2227 568 2288; x_wconf 88' lang='lat' dir='ltr'>hono</span> <span class='ocrx_word' id='word_1_177' title='bbox 585 2228 712 2308; x_wconf 84' lang='lat' dir='ltr'>gloriae,</span> <span class='ocrx_word' id='word_1_178' title='bbox 733 2246 855 2308; x_wconf 90' lang='lat' dir='ltr'>poenae</span> <span class='ocrx_word' id='word_1_179' title='bbox 877 2246 942 2287; x_wconf 92' lang='lat' dir='ltr'>non</span> <span class='ocrx_word' id='word_1_180' title='bbox 965 2246 1012 2287; x_wconf 92' lang='lat' dir='ltr'>as·</span> <span class='ocrx_word' id='word_1_181' title='bbox 1048 2266 1054 2271; x_wconf 89' lang='lat'>-</span> 
     </span>
     <span class='ocr_line' id='line_1_24' title="bbox 106 2309 1012 2388; baseline -0.002 -16"><span class='ocrx_word' id='word_1_182' title='bbox 106 2318 248 2373; x_wconf 89' lang='lat' dir='ltr'>umuntur</span> <span class='ocrx_word' id='word_1_183' title='bbox 272 2318 330 2371; x_wconf 87' lang='lat' dir='ltr'>eto.</span> <span class='ocrx_word' id='word_1_184' title='bbox 373 2310 421 2370; x_wconf 88' lang='lat' dir='ltr'>Da</span> <span class='ocrx_word' id='word_1_185' title='bbox 452 2311 499 2369; x_wconf 91' lang='lat' dir='ltr'>his</span> <span class='ocrx_word' id='word_1_186' title='bbox 532 2310 690 2371; x_wconf 89' lang='lat' dir='ltr'>conclusio</span> <span class='ocrx_word' id='word_1_187' title='bbox 727 2330 796 2370; x_wconf 86' lang='lat' dir='ltr'>mea</span> <span class='ocrx_word' id='word_1_188' title='bbox 828 2309 903 2370; x_wconf 92' lang='lat' dir='ltr'>nihil</span> <span class='ocrx_word' id='word_1_189' title='bbox 926 2309 1012 2388; x_wconf 86' lang='lat' dir='ltr'>dixit,</span> 
     </span>
     <span class='ocr_line' id='line_1_25' title="bbox 106 2393 1084 2471; baseline -0.005 -14"><span class='ocrx_word' id='word_1_190' title='bbox 106 2393 201 2457; x_wconf 79' lang='lat' dir='ltr'>officit</span> <span class='ocrx_word' id='word_1_191' title='bbox 221 2393 311 2470; x_wconf 91' lang='lat' dir='ltr'>mihi,</span> <span class='ocrx_word' id='word_1_192' title='bbox 340 2394 422 2471; x_wconf 86' lang='lat' dir='ltr'>qnod</span> <span class='ocrx_word' id='word_1_193' title='bbox 446 2395 537 2453; x_wconf 88' lang='lat' dir='ltr'>etiam</span> <span class='ocrx_word' id='word_1_194' title='bbox 560 2400 612 2455; x_wconf 92' lang='lat' dir='ltr'>tuo</span> <span class='ocrx_word' id='word_1_195' title='bbox 636 2395 813 2454; x_wconf 91' lang='lat' dir='ltr'>testimonio</span> <span class='ocrx_word' id='word_1_196' title='bbox 832 2393 871 2453; x_wconf 88' lang='lat' dir='ltr'>sit</span> <span class='ocrx_word' id='word_1_197' title='bbox 892 2394 1012 2453; x_wconf 82' lang='lat' dir='ltr'>verissi-</span> <span class='ocrx_word' id='word_1_198' title='bbox 1081 2420 1084 2427; x_wconf 60' lang='lat'><strong><em>¹</em></strong></span> 
     </span>
     <span class='ocr_line' id='line_1_26' title="bbox 106 2475 1011 2559; baseline -0.006 -20"><span class='ocrx_word' id='word_1_199' title='bbox 106 2497 139 2539; x_wconf 78' lang='lat' dir='ltr'>ra</span> <span class='ocrx_word' id='word_1_200' title='bbox 159 2495 217 2559; x_wconf 90' lang='lat' dir='ltr'>pro</span> <span class='ocrx_word' id='word_1_201' title='bbox 238 2477 298 2536; x_wconf 90' lang='lat' dir='ltr'>hac</span> <span class='ocrx_word' id='word_1_202' title='bbox 318 2477 392 2553; x_wconf 88' lang='lat' dir='ltr'>vita,</span> <span class='ocrx_word' id='word_1_203' title='bbox 414 2477 472 2535; x_wconf 89' lang='lat' dir='ltr'>nisi</span> <span class='ocrx_word' id='word_1_204' title='bbox 495 2476 578 2554; x_wconf 87' lang='lat' dir='ltr'>quod</span> <span class='ocrx_word' id='word_1_205' title='bbox 600 2479 709 2537; x_wconf 85' lang='lat' dir='ltr'>iterum</span> <span class='ocrx_word' id='word_1_206' title='bbox 733 2476 825 2538; x_wconf 84' lang='lat' dir='ltr'>doleo</span> <span class='ocrx_word' id='word_1_207' title='bbox 848 2475 910 2543; x_wconf 84' lang='lat' dir='ltr'>divi</span> <span class='ocrx_word' id='word_1_208' title='bbox 932 2475 1011 2535; x_wconf 81' lang='lat' dir='ltr'>Tho-</span> 
     </span>
     <span class='ocr_line' id='line_1_27' title="bbox 106 2558 1012 2638; baseline -0.004 -17"><span class='ocrx_word' id='word_1_209' title='bbox 106 2578 159 2622; x_wconf 81' lang='lat' dir='ltr'>ras</span> <span class='ocrx_word' id='word_1_210' title='bbox 176 2561 274 2620; x_wconf 84' lang='lat' dir='ltr'>vicem</span> <span class='ocrx_word' id='word_1_211' title='bbox 298 2568 329 2619; x_wconf 88' lang='lat' dir='ltr'>et</span> <span class='ocrx_word' id='word_1_212' title='bbox 350 2560 493 2618; x_wconf 83' lang='lat' dir='ltr'>miseram</span> <span class='ocrx_word' id='word_1_213' title='bbox 516 2579 589 2620; x_wconf 89' lang='lat' dir='ltr'>suac</span> <span class='ocrx_word' id='word_1_214' title='bbox 603 2559 777 2620; x_wconf 84' lang='lat' dir='ltr'>discordiae</span> <span class='ocrx_word' id='word_1_215' title='bbox 799 2565 923 2635; x_wconf 78' lang='lat' dir='ltr'>sortem,</span> <span class='ocrx_word' id='word_1_216' title='bbox 940 2558 1012 2638; x_wconf 89' lang='lat' dir='ltr'>quia</span> 
     </span>
     <span class='ocr_line' id='line_1_28' title="bbox 107 2641 1010 2733; baseline -0.006 -29"><span class='ocrx_word' id='word_1_217' title='bbox 107 2662 169 2705; x_wconf 79' lang='lat' dir='ltr'>ane</span> <span class='ocrx_word' id='word_1_218' title='bbox 188 2642 421 2704; x_wconf 75' lang='lat' dir='ltr'>conclusionem</span> <span class='ocrx_word' id='word_1_219' title='bbox 444 2641 554 2720; x_wconf 84' lang='lat' dir='ltr'>probat</span> <span class='ocrx_word' id='word_1_220' title='bbox 576 2645 606 2702; x_wconf 93' lang='lat' dir='ltr'>in</span> <span class='ocrx_word' id='word_1_221' title='bbox 631 2642 734 2733; x_wconf 53' lang='lat' dir='ltr'>ltalia,</span> <span class='ocrx_word' id='word_1_222' title='bbox 768 2648 799 2702; x_wconf 86' lang='lat' dir='ltr'>et</span> <span class='ocrx_word' id='word_1_223' title='bbox 828 2641 953 2701; x_wconf 86' lang='lat' dir='ltr'>damnat</span> <span class='ocrx_word' id='word_1_224' title='bbox 979 2642 1010 2700; x_wconf 93' lang='lat' dir='ltr'>in</span> 
     </span>
     <span class='ocr_line' id='line_1_29' title="bbox 106 2723 1011 2804; baseline -0.004 -17"><span class='ocrx_word' id='word_1_225' title='bbox 106 2727 263 2799; x_wconf 78' lang='lat' dir='ltr'>lermania.</span> <span class='ocrx_word' id='word_1_226' title='bbox 287 2723 428 2785; x_wconf 81' lang='lat' dir='ltr'>Secundo</span> <span class='ocrx_word' id='word_1_227' title='bbox 451 2724 532 2783; x_wconf 91' lang='lat' dir='ltr'>istud</span> <span class='ocrx_word' id='word_1_228' title='bbox 554 2724 732 2804; x_wconf 82' lang='lat' dir='ltr'>figmentum</span> <span class='ocrx_word' id='word_1_229' title='bbox 753 2731 836 2785; x_wconf 92' lang='lat' dir='ltr'>tuum</span> <span class='ocrx_word' id='word_1_230' title='bbox 850 2731 907 2799; x_wconf 89' lang='lat' dir='ltr'>est,</span> <span class='ocrx_word' id='word_1_231' title='bbox 930 2723 1011 2802; x_wconf 93' lang='lat' dir='ltr'>quod</span> 
     </span>
     <span class='ocr_line' id='line_1_30' title="bbox 109 2806 1021 2888; baseline -0.007 -17"><span class='ocrx_word' id='word_1_232' title='bbox 109 2826 211 2871; x_wconf 82' lang='lat' dir='ltr'>oenoe</span> <span class='ocrx_word' id='word_1_233' title='bbox 235 2809 267 2868; x_wconf 93' lang='lat' dir='ltr'>in</span> <span class='ocrx_word' id='word_1_234' title='bbox 290 2808 468 2888; x_wconf 82' lang='lat' dir='ltr'>purgatorio</span> <span class='ocrx_word' id='word_1_235' title='bbox 491 2827 553 2867; x_wconf 91' lang='lat' dir='ltr'>nou</span> <span class='ocrx_word' id='word_1_236' title='bbox 575 2807 705 2868; x_wconf 84' lang='lat' dir='ltr'>afferant</span> <span class='ocrx_word' id='word_1_237' title='bbox 726 2807 851 2870; x_wconf 86' lang='lat' dir='ltr'>bonum.</span> <span class='ocrx_word' id='word_1_238' title='bbox 885 2806 1021 2867; x_wconf 79' lang='lat' dir='ltr'>Contra·</span> 
     </span>
     <span class='ocr_line' id='line_1_31' title="bbox 106 2888 1013 2971; baseline -0.006 -18"><span class='ocrx_word' id='word_1_239' title='bbox 106 2894 164 2953; x_wconf 89' lang='lat' dir='ltr'>&#39;uun</span> <span class='ocrx_word' id='word_1_240' title='bbox 188 2892 268 2952; x_wconf 88' lang='lat' dir='ltr'>enim</span> <span class='ocrx_word' id='word_1_241' title='bbox 292 2892 431 2971; x_wconf 83' lang='lat' dir='ltr'>superius</span> <span class='ocrx_word' id='word_1_242' title='bbox 454 2892 536 2949; x_wconf 88' lang='lat' dir='ltr'>tenui</span> <span class='ocrx_word' id='word_1_243' title='bbox 560 2897 590 2950; x_wconf 88' lang='lat' dir='ltr'>et</span> <span class='ocrx_word' id='word_1_244' title='bbox 611 2888 749 2969; x_wconf 83' lang='lat' dir='ltr'>detondi,</span> <span class='ocrx_word' id='word_1_245' title='bbox 781 2888 939 2969; x_wconf 88' lang='lat' dir='ltr'>usquead</span> <span class='ocrx_word' id='word_1_246' title='bbox 962 2888 1013 2949; x_wconf 92' lang='lat' dir='ltr'>de·</span> 
     </span>
     <span class='ocr_line' id='line_1_32' title="bbox 106 2973 491 3037; baseline -0.013 0"><span class='ocrx_word' id='word_1_247' title='bbox 106 2975 334 3037; x_wconf 80' lang='lat' dir='ltr'>srmiuationem</span> <span class='ocrx_word' id='word_1_248' title='bbox 359 2973 491 3033; x_wconf 84' lang='lat' dir='ltr'>concilii.</span> 
     </span>
    </p>

    <p class='ocr_par' dir='ltr' id='par_1_5' title="bbox 105 3055 1048 3633">
     <span class='ocr_line' id='line_1_33' title="bbox 169 3055 1013 3136; baseline -0.002 -19"><span class='ocrx_word' id='word_1_249' title='bbox 169 3057 292 3132; x_wconf 82' lang='lat' dir='ltr'>Tertia,</span> <span class='ocrx_word' id='word_1_250' title='bbox 323 3057 401 3117; x_wconf 90' lang='lat' dir='ltr'>ratio</span> <span class='ocrx_word' id='word_1_251' title='bbox 424 3063 476 3115; x_wconf 86' lang='lat' dir='ltr'>tua</span> <span class='ocrx_word' id='word_1_252' title='bbox 498 3055 573 3114; x_wconf 90' lang='lat' dir='ltr'>nihil</span> <span class='ocrx_word' id='word_1_253' title='bbox 596 3056 695 3135; x_wconf 82' lang='lat' dir='ltr'>valet,</span> <span class='ocrx_word' id='word_1_254' title='bbox 719 3056 802 3136; x_wconf 90' lang='lat' dir='ltr'>quod</span> <span class='ocrx_word' id='word_1_255' title='bbox 825 3056 917 3115; x_wconf 86' lang='lat' dir='ltr'>etiarn</span> <span class='ocrx_word' id='word_1_256' title='bbox 940 3074 1013 3135; x_wconf 86' lang='lat' dir='ltr'>poe·</span> 
     </span>
     <span class='ocr_line' id='line_1_34' title="bbox 109 3137 1013 3219; baseline -0.006 -17"><span class='ocrx_word' id='word_1_257' title='bbox 109 3149 201 3202; x_wconf 81' lang='lat' dir='ltr'>acet</span> <span class='ocrx_word' id='word_1_258' title='bbox 223 3158 320 3219; x_wconf 87' lang='lat' dir='ltr'>opera</span> <span class='ocrx_word' id='word_1_259' title='bbox 340 3139 427 3199; x_wconf 91' lang='lat' dir='ltr'>huius</span> <span class='ocrx_word' id='word_1_260' title='bbox 456 3141 537 3198; x_wconf 90' lang='lat' dir='ltr'>vitae</span> <span class='ocrx_word' id='word_1_261' title='bbox 559 3138 716 3199; x_wconf 87' lang='lat' dir='ltr'>retardant</span> <span class='ocrx_word' id='word_1_262' title='bbox 743 3139 860 3199; x_wconf 90' lang='lat' dir='ltr'>abono</span> <span class='ocrx_word' id='word_1_263' title='bbox 884 3137 1013 3218; x_wconf 83' lang='lat' dir='ltr'>gloriae,</span> 
     </span>
     <span class='ocr_line' id='line_1_35' title="bbox 107 3220 1014 3304; baseline -0.008 -19"><span class='ocrx_word' id='word_1_264' title='bbox 107 3230 120 3285; x_wconf 93' lang='lat' dir='ltr'>t</span> <span class='ocrx_word' id='word_1_265' title='bbox 145 3230 251 3284; x_wconf 87' lang='lat' dir='ltr'>tamen</span> <span class='ocrx_word' id='word_1_266' title='bbox 281 3229 495 3301; x_wconf 90' lang='lat' dir='ltr'>assumuntur,</span> <span class='ocrx_word' id='word_1_267' title='bbox 525 3223 588 3282; x_wconf 91' lang='lat' dir='ltr'>imo</span> <span class='ocrx_word' id='word_1_268' title='bbox 630 3220 682 3304; x_wconf 86' lang='lat' dir='ltr'>(ut</span> <span class='ocrx_word' id='word_1_269' title='bbox 711 3221 834 3300; x_wconf 90' lang='lat' dir='ltr'>quidam</span> <span class='ocrx_word' id='word_1_270' title='bbox 862 3221 894 3297; x_wconf 83' lang='lat'>²)</span> <span class='ocrx_word' id='word_1_271' title='bbox 922 3228 1014 3280; x_wconf 85' lang='lat' dir='ltr'>etua</span> 
     </span>
     <span class='ocr_line' id='line_1_36' title="bbox 106 3304 1009 3383; baseline -0.009 -14"><span class='ocrx_word' id='word_1_272' title='bbox 106 3314 189 3383; x_wconf 81' lang='lat' dir='ltr'>scta,</span> <span class='ocrx_word' id='word_1_273' title='bbox 225 3304 420 3365; x_wconf 88' lang='lat' dir='ltr'>doctissimus</span> <span class='ocrx_word' id='word_1_274' title='bbox 443 3305 559 3364; x_wconf 86' lang='lat' dir='ltr'>Ductor</span> <span class='ocrx_word' id='word_1_275' title='bbox 588 3305 747 3365; x_wconf 78' lang='lat' dir='ltr'>lohannes</span> <span class='ocrx_word' id='word_1_276' title='bbox 768 3304 916 3364; x_wconf 88' lang='lat' dir='ltr'>Taulerus</span> <span class='ocrx_word' id='word_1_277' title='bbox 951 3304 1009 3380; x_wconf 86' lang='lat' dir='ltr'>ait)</span> 
     </span>
     <span class='ocr_line' id='line_1_37' title="bbox 105 3386 1014 3467; baseline -0.008 -16"><span class='ocrx_word' id='word_1_278' title='bbox 105 3389 259 3451; x_wconf 86' lang='lat' dir='ltr'>iccelum</span> <span class='ocrx_word' id='word_1_279' title='bbox 288 3407 392 3448; x_wconf 89' lang='lat' dir='ltr'>coram</span> <span class='ocrx_word' id='word_1_280' title='bbox 421 3394 452 3446; x_wconf 86' lang='lat' dir='ltr'>te</span> <span class='ocrx_word' id='word_1_281' title='bbox 480 3395 618 3467; x_wconf 86' lang='lat' dir='ltr'>apertum</span> <span class='ocrx_word' id='word_1_282' title='bbox 647 3394 745 3467; x_wconf 88' lang='lat' dir='ltr'>esset,</span> <span class='ocrx_word' id='word_1_283' title='bbox 779 3386 879 3447; x_wconf 88' lang='lat' dir='ltr'>adhuc</span> <span class='ocrx_word' id='word_1_284' title='bbox 899 3387 1014 3446; x_wconf 85' lang='lat' dir='ltr'>intrare</span> 
     </span>
     <span class='ocr_line' id='line_1_38' title="bbox 106 3470 1048 3549; baseline -0.007 -15"><span class='ocrx_word' id='word_1_285' title='bbox 106 3492 151 3534; x_wconf 78' lang='lat' dir='ltr'>‚on</span> <span class='ocrx_word' id='word_1_286' title='bbox 175 3471 314 3547; x_wconf 88' lang='lat' dir='ltr'>deberes,</span> <span class='ocrx_word' id='word_1_287' title='bbox 337 3472 395 3530; x_wconf 92' lang='lat' dir='ltr'>nisi</span> <span class='ocrx_word' id='word_1_288' title='bbox 416 3471 546 3549; x_wconf 88' lang='lat' dir='ltr'>primum</span> <span class='ocrx_word' id='word_1_289' title='bbox 568 3470 759 3531; x_wconf 89' lang='lat' dir='ltr'>voluntatem</span> <span class='ocrx_word' id='word_1_290' title='bbox 778 3470 836 3530; x_wconf 88' lang='lat' dir='ltr'>Dei</span> <span class='ocrx_word' id='word_1_291' title='bbox 859 3488 951 3548; x_wconf 85' lang='lat' dir='ltr'>super</span> <span class='ocrx_word' id='word_1_292' title='bbox 971 3470 1014 3528; x_wconf 92' lang='lat' dir='ltr'>iu·</span> <span class='ocrx_word' id='word_1_293' title='bbox 1043 3500 1048 3509; x_wconf 86' lang='lat'>·</span> 
     </span>
     <span class='ocr_line' id='line_1_39' title="bbox 106 3554 1015 3633; baseline -0.007 -17"><span class='ocrx_word' id='word_1_294' title='bbox 106 3557 183 3617; x_wconf 89' lang='lat' dir='ltr'>roitu</span> <span class='ocrx_word' id='word_1_295' title='bbox 206 3554 400 3632; x_wconf 85' lang='lat' dir='ltr'>consulares,</span> <span class='ocrx_word' id='word_1_296' title='bbox 424 3560 456 3611; x_wconf 91' lang='lat' dir='ltr'>ut</span> <span class='ocrx_word' id='word_1_297' title='bbox 478 3555 569 3613; x_wconf 88' lang='lat' dir='ltr'>etiam</span> <span class='ocrx_word' id='word_1_298' title='bbox 592 3555 622 3613; x_wconf 94' lang='lat' dir='ltr'>in</span> <span class='ocrx_word' id='word_1_299' title='bbox 644 3554 753 3633; x_wconf 87' lang='lat' dir='ltr'>gloria,</span> <span class='ocrx_word' id='word_1_300' title='bbox 776 3572 838 3614; x_wconf 91' lang='lat' dir='ltr'>nou</span> <span class='ocrx_word' id='word_1_301' title='bbox 861 3572 940 3632; x_wconf 87' lang='lat' dir='ltr'>quac</span> <span class='ocrx_word' id='word_1_302' title='bbox 962 3558 1015 3611; x_wconf 91' lang='lat' dir='ltr'>tua</span> 
     </span>
    </p>
   </div>
   <div class='ocr_carea' id='block_1_3' title="bbox 106 3726 474 3740">
    <p class='ocr_par' dir='ltr' id='par_1_6' title="bbox 106 3726 474 3740">
     <span class='ocr_line' id='line_1_40' title="bbox 106 3726 474 3740; baseline -0.008 0"><span class='ocrx_word' id='word_1_303' title='bbox 106 3726 474 3740; x_wconf 59' lang='grc' dir='ltr'><strong><em>Μ</em></strong></span> 
     </span>
    </p>
   </div>
   <div class='ocr_carea' id='block_1_4' title="bbox 114 3813 862 3987">
    <p class='ocr_par' dir='ltr' id='par_1_7' title="bbox 114 3813 862 3987">
     <span class='ocr_line' id='line_1_41' title="bbox 141 3813 846 3886; baseline -0.004 -14"><span class='ocrx_word' id='word_1_304' title='bbox 141 3817 174 3886; x_wconf 88' lang='grc'>1)</span> <span class='ocrx_word' id='word_1_305' title='bbox 196 3818 228 3869; x_wconf 91' lang='lat' dir='ltr'>ln</span> <span class='ocrx_word' id='word_1_306' title='bbox 247 3815 289 3869; x_wconf 87' lang='lat' dir='ltr'>ed.</span> <span class='ocrx_word' id='word_1_307' title='bbox 310 3817 384 3870; x_wconf 76' lang='lat' dir='ltr'>lem:</span> <span class='ocrx_word' id='word_1_308' title='bbox 406 3815 531 3868; x_wconf 82' lang='lat' dir='ltr'>alteram.</span> <span class='ocrx_word' id='word_1_309' title='bbox 568 3815 601 3879; x_wconf 79' lang='lat'>2)</span> <span class='ocrx_word' id='word_1_310' title='bbox 621 3813 705 3868; x_wconf 83' lang='lat' dir='ltr'>ibid:</span> <span class='ocrx_word' id='word_1_311' title='bbox 724 3814 846 3884; x_wconf 88' lang='lat' dir='ltr'>quidem.</span> 
     </span>
     <span class='ocr_line' id='line_1_42' title="bbox 114 3920 862 3987; baseline -0.001 -23"><span class='ocrx_word' id='word_1_312' title='bbox 114 3921 211 3965; x_wconf 83' lang='lat' dir='ltr'>Lutlrerl</span> <span class='ocrx_word' id='word_1_313' title='bbox 225 3933 275 3972; x_wconf 82' lang='lat' dir='ltr'>opp.</span> <span class='ocrx_word' id='word_1_314' title='bbox 293 3923 318 3964; x_wconf 66' lang='lat' dir='ltr'>V,</span> <span class='ocrx_word' id='word_1_315' title='bbox 331 3922 357 3961; x_wconf 83' lang='grc' dir='ltr'>Α.</span> <span class='ocrx_word' id='word_1_316' title='bbox 372 3921 402 3961; x_wconf 83' lang='lat' dir='ltr'>ad</span> <span class='ocrx_word' id='word_1_317' title='bbox 413 3921 453 3961; x_wconf 76' lang='lat' dir='ltr'>re!¹</span> <span class='ocrx_word' id='word_1_318' title='bbox 467 3920 516 3963; x_wconf 78' lang='lat' dir='ltr'>lust,</span> <span class='ocrx_word' id='word_1_319' title='bbox 539 3920 554 3959; x_wconf 88' lang='lat' dir='ltr'>l.</span> <span class='ocrx_word' id='word_1_320' title='bbox 569 3931 591 3970; x_wconf 86' lang='lat' dir='ltr'>p.</span> <span class='ocrx_word' id='word_1_321' title='bbox 610 3921 659 3966; x_wconf 89' lang='lat' dir='ltr'>Vol.</span> <span class='ocrx_word' id='word_1_322' title='bbox 675 3922 706 3963; x_wconf 90' lang='lat'>11.</span> <span class='ocrx_word' id='word_1_323' title='bbox 838 3924 862 3987; x_wconf 68' lang='lat'>4</span> 
     </span>
    </p>
   </div>
   <div class='ocr_carea' id='block_1_5' title="bbox 0 0 1183 4200">
    <p class='ocr_par' dir='ltr' id='par_1_8' title="bbox 0 0 1183 4200">
     <span class='ocr_line' id='line_1_43' title="bbox 0 0 1183 4200; baseline 0 0"><span class='ocrx_word' id='word_1_324' title='bbox 0 0 1183 4200; x_wconf 95' lang='lat' dir='ltr'> </span> 
     </span>
    </p>
   </div>
  </div>
 </body>
</html>
