2356 4200
391 281 426 338 dc
443 284 544 337 vincte
561 281 805 353 indulgentiarum.
983 278 1048 348 249

215 449 304 514 Hane
334 450 379 511 sio
410 468 495 532 pono
509 429 649 531 'propter
671 451 782 530 rudes,
803 470 875 512 nam
906 453 980 514 catis
1008 470 1048 514 ex

126 533 293 614 praedictis
323 533 430 614 patuit.
481 533 570 595 Hanc
597 540 698 595 alutem
727 534 956 596 conclusionem
979 555 1048 598 cnm

128 617 247 679 duabus
269 615 524 698 praecedentibus
553 624 585 677 et
605 617 802 698 sequentibus
824 636 885 678 non
909 637 968 699 ego
990 621 1049 700 pri·
1152 628 1156 635 ‘

125 720 193 760 mus
222 707 276 761 eut
311 699 411 777 solus,
445 698 501 760 sed
531 718 639 760 omnes
661 706 692 761 et
713 705 780 762 tota
801 701 933 761 eeclesia
954 707 1048 782 tenet,

126 783 186 843 nisi
208 782 291 863 quod
314 782 397 842 solus
419 782 551 865 populna
573 782 651 843 haec
672 802 827 862 uunquam
846 783 948 864 audit3
969 785 1048 846 forte

127 865 266 944 timetur,
299 885 340 926 ne
368 865 458 926 nimis
479 866 541 927 cito
563 864 754 948 intelligeret·
770 872 832 929 tam
854 864 991 949 apertam
1016 875 1048 929 et

126 947 258 1010 solidam
280 949 449 1012 veritatem.
491 947 570 1010 Nam
593 955 625 1009 et
645 948 675 1010 S.
698 948 915 1013 Beneventum
940 957 972 1012 et
1000 969 1048 1012 oe·

126 1032 184 1092 teri
205 1050 334 1110 omnes,
369 1030 492 1112 qnando
513 1032 545 1092 in
567 1031 626 1093 heo
653 1032 781 1093 materia
808 1038 954 1114 agentes,
991 1032 1049 1096 sibi

125 1115 202 1194 ipsis
225 1120 430 1196 opponerent,
453 1133 526 1196 ergo
549 1113 720 1176 omittenda
741 1123 813 1176 sunt
832 1115 950 1196 reliqua
968 1115 1050 1178 bone

126 1214 232 1279 opere.
275 1195 477 1278 Respondent
497 1198 695 1276 unanimiter,
726 1217 929 1279 nequaquam.
972 1198 1051 1276 Quia

126 1286 231 1342 cetera
251 1279 333 1342 bona
356 1298 450 1360 opera
473 1287 544 1341 sunt
564 1279 715 1359 meliora,
750 1281 852 1361 quoad
880 1282 1050 1364 praemium

126 1362 292 1425 essentiale
314 1361 525 1424 obtinendum.
567 1363 656 1423 Patet
679 1382 752 1444 ergo
774 1364 949 1447 conclusio,
980 1383 1050 1426 oum

125 1445 190 1507 hoc
209 1444 254 1505 illi
275 1444 388 1522 dicant,
410 1445 461 1525 qui
483 1451 586 1506 tamen
608 1446 1050 1529 esseruntindnlgentias·esse

125 1527 303 1589 thesaurum
325 1529 501 1589 meritorum
525 1527 640 1603 Christi¹
659 1534 690 1588 et
714 1529 874 1591 ecclesiae.
919 1545 925 1557 '

409 1726 624 1788 Conclusio
646 1727 771 1791 XLIV.
859 1756 862 1763 ·

211 1853 291 1929 Quia
312 1874 367 1935 per
389 1873 467 1934 opus
490 1855 623 1915 cantatis
647 1856 757 1917 erescit
778 1859 910 1936 caritas,
949 1864 980 1919 et
1017 1856 1052 1919 lit

127 1937 224 1999 homo
250 1936 372 2016 melior,
408 1936 461 1997 sed
483 1939 666 2016 pervenias
688 1958 750 2000 uon
773 1939 807 2000 fit
834 1940 960 2018 melior,
996 1942 1049 2002 sed

127 2019 342 2080 tantummodo
365 2039 384 2081 a
404 2039 508 2100 poena
528 2019 662 2082 liberior.

211 2102 308 2180 Putet
331 2103 403 2183 quia
424 2101 523 2164 solum
545 2104 686 2164 remissio
708 2122 876 2184 poenarum
899 2103 1050 2183 ibidatur,

128 2203 187 2246 neo
207 2183 417 2266 indulgentiae
437 2185 506 2264 plus
530 2185 649 2264 valent,
680 2193 714 2247 ut
735 2188 825 2247 etiam
848 2206 956 2248 omnes
979 2206 1050 2248 con-

127 2267 250 2346 cedunt,
274 2286 364 2348 quarn
386 2275 420 2328 ut
441 2267 552 2328 tollent
571 2286 707 2348 poenas,
739 2277 772 2331 at
792 2269 906 2332 ablatio
928 2289 1050 2351 poenae

127 2370 191 2411 non
214 2350 287 2410 facit
308 2349 433 2429 bonum,
456 2349 522 2411 sive
544 2350 702 2412 meliorem
724 2353 755 2412 in
777 2352 914 2416 scritate.

419 2532 632 2596 Conclusio
653 2534 757 2596 XLV.

208 2658 349 2720 Ducendi
371 2667 442 2719 sunt
463 2658 636 2741 Christiani,
658 2663 741 2741 quod
758 2664 808 2743 qui
821 2663 1049 2760 videtegenum

127 2748 160 2802 ot
181 2741 324 2822 neglecto
347 2761 385 2803 eo
408 2740 461 2802 det
481 2754 538 2822 pro
560 2744 667 2822 veniis,
689 2764 753 2807 non
773 2746 979 2828 indulgentias
997 2766 1049 2827 pa-

126 2843 197 2905 pae,
219 2823 274 2884 sed
296 2824 537 2905 indignationem
561 2826 620 2886 Dei
642 2827 699 2888 sibi
721 2827 873 2889 vendicat.

213 2905 292 2981 Quia
312 2908 460 2988 pervertit
481 2907 619 2969 ordinem
642 2929 733 2989 snpra
755 2912 898 2991 positum,
925 2916 956 2972 et
977 2930 1049 2973 con·

128 2997 176 3049 tra
197 2989 227 3049 id
249 2989 313 3070 agit
328 2989 479 3051 lobannis
489 2990 544 3073 *jz
569 2990 601 3052 Si
620 2997 686 3070 quis
700 2993 810 3054 viderit
825 2995 947 3054 fratrem
960 3014 1048 3056 suum

126 3073 343 3133 necessitatem
364 3071 489 3152 habere,
512 3079 544 3134 et
565 3073 708 3135 clauserit
728 3076 848 3137 viscere
870 3076 1048 3157 conchen,

127 3154 285 3234 quomodo
308 3163 412 3216 manet
432 3157 464 3216 in
492 3174 530 3217 eo
560 3158 671 3218 ceritas
698 3159 776 3219 Dei?
827 3159 915 3220 Hanc
945 3165 1047 3221 autem

124 3237 342 3298 necessitatem
377 3239 475 3301 nostri
509 3239 667 3320 sophistae
688 3241 924 3322 interpretantur
950 3249 1048 3304 extre·

126 3339 224 3396 mam,
258 3321 391 3398 scilicet,
424 3327 457 3382 ut
483 3322 610 3383 caritate
639 3342 793 3405 uunquam
822 3325 872 3386 vel
893 3324 1047 3387 rarissime

125 3402 229 3463 locum
244 3403 365 3469 iaciant
381 3404 539 3484 operandi,
556 3423 624 3466 cum
644 3413 747 3469 tamen
764 3408 832 3490 ipsi,
854 3409 879 3469 si
894 3408 926 3469 iu
942 3427 1048 3470 necee-

73 3520 78 3527 ·
125 3485 217 3547 silete
239 3491 344 3546 essent
364 3504 426 3547 nou
449 3493 595 3565 extreme,
618 3489 673 3552 sed
693 3491 809 3573 prima,
841 3489 958 3554 vellent
977 3511 1048 3555 sese

124 3568 232 3647 iuvari,
255 3568 333 3629 alios
352 3587 425 3630 vero
448 3569 557 3632 volunt
573 3571 688 3652 iuvare,
711 3594 779 3635 cum
796 3575 857 3635 iarn
877 3574 1048 3636 exhalarint

182 3765 211 3830 'i
232 3765 256 3819 1.
275 3764 338 3818 Joh.
358 3764 384 3821 ³.
450 3780 455 3787 ·
