2356 4200
179 276 267 346 ·116
524 279 672 334 Sermones
691 278 803 332 botheri

203 451 252 510 oia
274 447 340 509 lieri
362 452 502 510 extreme
522 449 657 527 relictus,
679 450 711 509 in
725 449 824 509 Deum
845 443 1040 508 solummodo
1055 463 1127 506 con·

202 533 318 611 fidens,
341 538 375 592 ut
395 550 453 594 nos
476 551 540 594 non
563 551 701 594 essemus
724 531 791 592 sine
812 531 925 592 fiducia
946 536 978 590 et
998 548 1055 610 spe
1075 528 1126 589 do·

134 621 135 624 ’
203 616 317 694 relicti,
339 614 394 675 sed
422 623 453 676 et
483 616 626 697 exemplo
656 618 721 676 eius
749 613 880 676 libenter
906 615 937 673 in
971 614 1126 672 exteriore

203 698 330 761 homine
350 697 483 778 relinqui
504 700 634 760 velimus
657 701 724 773 sine
747 717 803 778 spe
825 705 857 758 et
877 697 1004 774 fiducia,
1033 703 1068 756 ut
1095 695 1126 754 in

203 782 303 843 solum
326 782 426 842 Deum
447 801 651 863 speraremus.
693 782 752 841 Per
773 801 860 862 spem
882 779 1008 842 abstulit
1039 796 1126 858 spem

204 872 236 925 et
255 884 313 945 pro
337 863 449 924 fiducia
470 865 563 927 aliam
585 865 729 926 fiduciam
747 865 894 941 restituit,
923 861 1008 923 dedit
1037 862 1126 923 uobis

203 967 289 1029 spem
310 949 343 1007 in
356 947 457 1009 Deum
481 955 512 1008 et
533 949 658 1010 abstulit
679 966 766 1028 spem
780 949 811 1007 in
829 953 1010 1008 ereaturam.
1040 945 1127 1005 Haeo

203 1033 307 1110 itaque
328 1029 482 1093 beneficia
503 1051 571 1092 cum
594 1029 781 1113 gratitudine
802 1030 972 1090 affectuosa
993 1034 1065 1087 sunt
1080 1046 1125 1088 ra

203 1113 420 1188 memoranda,
449 1122 480 1175 et
503 1117 548 1175 sio
576 1117 681 1176 omnia
702 1114 786 1176 bona
806 1113 979 1175 voluntarie
1001 1112 1029 1171 ei
1050 1111 1126 1171 rele-

203 1198 300 1258 renda
322 1204 353 1258 et
374 1197 543 1276 offerenda,
566 1217 635 1259 cum
657 1196 878 1278 promtitudine
899 1192 1077 1257 confidendi
1096 1195 1127 1254 in

201 1281 300 1341 Deum
322 1282 353 1340 in
376 1289 544 1342 aeternum.

205 1443 350 1536 Sermo
378 1440 573 1537 inFesto
605 1415 881 1537 Ascensionis
897 1439 1127 1556 Mariae*).

286 1595 416 1655 Beatam
452 1616 502 1656 me
530 1595 635 1656 dicent
668 1614 776 1657 omnes
824 1596 1041 1676 generationes
1068 1599 1127 1658 eto.

204 1676 319 1740 Omnes
350 1681 567 1759 generationes
596 1678 737 1740 dicuntur
764 1679 980 1741 successiones
1008 1676 1127 1738 seculo·

202 1780 284 1841 rum,
315 1763 336 1824 i.
360 1780 387 1823 e.
416 1760 470 1822 filii
494 1760 641 1840 filiorum,
675 1781 739 1823 non
762 1769 880 1840 antem,
914 1767 948 1821 ut
969 1761 1129 1821 somniant

176 1843 328 1923 'quidam
349 1844 444 1925 logici
467 1864 522 1924 per
544 1846 788 1924 suppositionem
810 1843 1048 1924 incompletam,
1070 1861 1127 1923 pro

201 1927 358 2006 aliquibus
381 1947 420 1986 ex
443 1927 585 1989 omuibus
608 1928 867 2008 generationibus,
890 1928 940 2007 qui
953 1927 1127 2007 generatio·

201 2028 257 2070 nes
274 2029 331 2090 pro
348 2010 472 2091 populis
489 2011 636 2071 hocloco
661 2012 824 2090 accipiunt,
847 2030 915 2071 eum
939 2016 1042 2070 tamen
1065 2008 1128 2071 uba

203 2112 262 2172 que
285 2112 349 2154 non
369 2111 427 2172 pro
449 2093 650 2170 collectione,
673 2093 727 2154 sed
751 2095 948 2155 successione
969 2092 1128 2153 hominum

202 2177 370 2256 accipiatur
398 2177 429 2235 in
457 2177 628 2256 scripturis,
658 2177 737 2237 sieut
764 2184 796 2237 et
823 2177 959 2238 ludaeos
989 2174 1128 2237 Christus

201 2266 296 2323 vocat
317 2260 549 2340 generationem
579 2279 705 2338 pravam
729 2265 760 2319 et
781 2258 960 2321 adulteram.
1003 2255 1125 2319 Deinde

202 2341 289 2421 vide,
317 2341 391 2421 quid
417 2361 474 2403 nos
501 2342 618 2423 inclyta
643 2344 731 2423 virgo
760 2342 852 2404 docet
879 2342 1025 2422 exemplo
1056 2360 1125 2420 suo,

202 2443 293 2504 quam
316 2443 409 2485 verae
429 2424 607 2486 humilitatis
640 2433 671 2486 et
697 2445 792 2506 purae
818 2426 1011 2507 gratitudinis
1033 2423 1124 2487 nobis

203 2507 329 2571 exhibet
347 2505 471 2584 fidelem
495 2507 676 2571 doctrinam.
718 2508 768 2568 Ex
789 2510 865 2587 hoc,
896 2511 953 2588 ait,
983 2509 1005 2570 i.
1027 2527 1054 2569 e.
1084 2506 1124 2570 ab

201 2590 264 2651 hoo
285 2599 425 2669 tempore
453 2590 575 2651 beatam
605 2611 654 2652 me
681 2591 785 2652 dicent
814 2611 922 2653 omnes
951 2592 1124 2673 generatio·

202 2693 267 2736 nes.
311 2672 436 2748 Quare?
458 2673 615 2754 numquid,
637 2676 710 2754 quia
730 2677 799 2755 ipsa
819 2675 916 2736 multa
937 2676 1019 2753 fecit,
1040 2672 1124 2754 quod

201 2757 257 2817 fuit
290 2758 377 2837 virgo
409 2756 531 2817 humilia
562 2758 667 2838 regiae
703 2760 824 2838 stirpis,
865 2758 948 2838 quod
981 2758 1125 2837 concepit

201 2838 297 2899 filium
318 2840 392 2920 Dei,
416 2838 477 2900 fide
499 2844 533 2902 et
553 2841 704 2902 assensu?
746 2841 829 2903 Nihil
851 2843 898 2902 sui
919 2843 1014 2902 iactat
1036 2842 1124 2901 meri·

202 2923 240 3001 ti,
266 2923 394 2984 nullum
419 2942 513 3003 opus,
549 2930 667 2985 tantum
703 2944 737 2985 se
769 2925 925 3004 passivam
960 2922 1125 2985 confitetur

201 3012 329 3066 matrem
353 3013 384 3066 et
403 3007 602 3086 receptricem
626 3007 776 3068 bonorum
799 3027 944 3088 operum,
964 3026 1028 3067 non
1051 3025 1123 3087 ope·

200 3090 353 3150 ratricem.
386 3088 474 3168 Quia,
495 3091 602 3169 iuquit,
621 3090 694 3150 fecit
706 3090 779 3150 mihi
796 3110 919 3172 magna,
940 3092 1003 3151 imo
1022 3089 1123 3168 beata,

201 3173 273 3250 quia
294 3172 347 3233 ille
366 3172 452 3252 fecit,
484 3192 563 3252 quae
592 3173 779 3252 factasunt,
807 3192 886 3252 quae
914 3173 1032 3234 donata
1052 3178 1125 3235 sunt

201 3254 285 3316 mihi.
326 3254 374 3315 Ac
404 3275 460 3337 per
486 3256 549 3318 hoc
577 3275 641 3317 non
671 3263 733 3316 tam
761 3257 843 3336 ipsa,
872 3276 962 3336 quam
984 3256 1069 3316 Deus
1090 3255 1122 3317 in

199 3337 254 3397 illa
280 3337 485 3418 benedicitur,
516 3340 587 3418 quia
615 3338 828 3401 beatificantes
853 3359 939 3420 eam,
967 3359 1030 3401 non
1053 3358 1122 3400 eam

199 3421 375 3502 attendunt,
409 3421 464 3483 sed
493 3421 576 3498 dona
609 3423 637 3483 ei
670 3422 743 3485 data
770 3424 926 3485 mirantur.
975 3422 1042 3503 Sic,
1078 3423 1124 3483 sic

238 3572 268 3642 ⁸)
289 3573 368 3627 Hune
386 3590 559 3641 sermonem,
591 3591 645 3644 quo
669 3575 803 3629 Lutherus
833 3592 857 3628 a.
876 3575 944 3631 1516
970 3573 1122 3627 secundum

200 3642 261 3696 Luc.
277 3646 306 3767 b
323 3646 359 3700 48
378 3645 492 3699 Mariam
519 3648 600 3699 nobis
632 3650 760 3717 proponit
785 3651 918 3716 tanquam
949 3647 1034 3698 animi
1058 3661 1123 3699 vere

200 3716 274 3768 humi
299 3722 413 3785 satque
428 3721 502 3787 grati
521 3719 696 3787 exemplum,
720 3719 856 3773 Loeseher
879 3735 914 3771 ex
943 3717 1037 3771 codice
1057 3716 1122 3771 MSo

199 3785 319 3842 reddidit
337 3789 363 3858 1,
382 3789 435 3845 280
453 3805 529 3860 sqq.,
550 3788 713 3857 Germanice
732 3789 840 3846 Waleh.
858 3790 924 3857 XII,
942 3789 1014 3847 2222
1024 3805 1085 3859 sqq.
