2356 4200
124 318 165 386 aa
376 308 679 391 ratramnum.
698 320 809 376 nuum
912 396 917 415 Ι
981 378 986 388 ,

124 486 175 550 vel
198 490 394 552 simulatione
415 490 502 570 dicis,
524 488 606 572 qu'od
629 490 740 551 'veniae
761 490 823 551 sint
848 487 975 568 aliqudd
995 486 1047 550 bo

124 590 208 652 num,
231 571 351 652 dequo
374 575 449 634 satis
471 592 572 654 supra.

207 655 255 716 Ad
273 656 539 737 quadragesimam
574 657 754 735 septimam,
789 673 857 715 oum
890 652 945 715 nbi
967 654 1049 715 esset

124 739 301 816 verissima,
329 747 433 800 tamen
455 741 527 819 quia
549 739 741 820 propositum
764 737 818 798 tibi
839 737 911 814 fuit,
933 735 1047 797 nullium

126 841 188 883 non
211 822 369 900 mordere,
391 822 464 883 lieet
484 822 586 882 nullos
609 821 718 882 dentes
739 820 872 898 habeas,
895 819 934 880 ad
956 818 1047 900 insig-

125 924 195 966 nem
218 905 426 967 adulationem
449 925 550 986 papae
563 923 679 981 versus,
702 903 837 964 admittis
851 922 921 964 esse
934 920 1047 980 veram,

125 987 178 1049 sed
203 1007 241 1048 ex
270 1007 353 1069 papa
383 996 552 1048 monstrum
576 988 692 1047 faciens
715 986 820 1048 tribuis
842 987 871 1047 ei
893 986 1048 1066 utriusque

125 1071 289 1151 potestatis
310 1072 430 1152 apicem
455 1072 589 1145 scilicet,
624 1076 658 1130 ιιι
678 1071 717 1130 sit
745 1069 834 1130 simul
857 1069 1000 1148 pontifex
1020 1075 1049 1130 et

93 1155 299 1233 imperator.
348 1154 395 1214 lta
424 1162 525 1214 autem
557 1153 679 1231 tribuis,
717 1159 751 1212 ut
787 1153 887 1232 possit
920 1151 1047 1231 imperio

123 1234 229 1298 iubere
250 1255 308 1317 pro
330 1235 446 1296 fabrica
467 1236 497 1298 8.
520 1237 602 1297 Petri
632 1243 665 1296 ut
693 1254 750 1315 pro
774 1235 932 1296 communi
954 1233 1047 1298 bono.

123 1316 214 1380 Nunc
234 1327 336 1380 autem
362 1319 637 1399 incomparabilem
661 1318 843 1379 modestiam
872 1319 902 1378 ei
928 1317 1047 1379 interim

125 1401 284 1482 appingis,
313 1402 396 1482 quod
426 1404 503 1482 petit
530 1411 561 1463 et
581 1408 765 1463 remunerat.
812 1401 879 1462 Hac
900 1408 954 1462 tua
975 1398 1047 1464 nrof-

124 1482 253 1559 lissima,
275 1485 330 1545 sed
351 1486 581 1562 nocentissima,
594 1484 773 1545 adulatione
794 1483 825 1544 id
847 1485 930 1565 agis,
953 1489 989 1543 ιιι
1008 1482 1048 1544 ilr-

125 1573 209 1628 turns
243 1567 354 1646 aliquis
375 1567 534 1648 pontifex,
566 1567 733 1647 laudum')
762 1567 852 1627 huius
879 1565 1049 1629 modestiae

125 1659 286 1730 pertaesus
296 1686 310 1727 ,-
340 1652 388 1711 ius
419 1650 477 1712 sibi
505 1650 611 1711 credat
640 1669 710 1711 esse
738 1649 926 1730 deglubendi
957 1650 1048 1711 totius

13 1746 16 1751 '
129 1730 211 1793 orbis
233 1731 408 1811 Christiani,
430 1733 522 1812 idque
544 1753 613 1793 cum
635 1734 765 1812 imperio
788 1740 820 1792 et
841 1739 1009 1813 potestate.

208 1813 354 1878 Secundo
376 1816 456 1888 dieo,
479 1816 561 1895 quod
583 1815 711 1877 basilica
734 1815 764 1877 S.
785 1813 872 1877 Petri
897 1823 947 1877 est
967 1832 1046 1879 com·

129 1917 220 1958 mune
243 1898 356 1959 bonum
379 1899 462 1959 urbis
484 1899 613 1976 Romae,
636 1906 761 1960 nostras
784 1907 886 1959 autem
904 1898 1049 1959 basilicae

127 1987 198 2040 eunt
219 1980 308 2042 nobis
331 1983 468 2042 utiliores
492 1990 523 2042 et
538 1982 636 2061 magis
658 1982 872 2060 necessariae,
894 1981 969 2059 qnia
987 1998 1070 2042 nnn.

124 2082 289 2142 possumus
323 2084 430 2125 omnes
460 2065 499 2124 ad
522 2065 680 2126 basilicam
704 2063 734 2127 S.
757 2063 839 2124 Petri
873 2064 1048 2140 convenire,

80 2196 82 2200 .
125 2143 251 2208 verbum
275 2148 331 2207 Dei
353 2147 473 2225 audire,
510 2156 541 2207 et
569 2154 762 2207 sacramenta
787 2147 948 2226 peroip‘ere
974 2153 1049 2228 (qua

125 2227 195 2290 sola
217 2249 311 2291 causa
332 2229 563 2304 aedificantur),
586 2230 757 2310 meliusque
779 2239 872 2309 esset,
894 2229 978 2308 quod
1001 2229 1048 2291 ba

126 2309 266 2373 silicae.
288 2310 370 2373 Petri
392 2332 455 2373 non
478 2312 707 2389 aedificaretur,
735 2331 826 2391 quam
855 2311 940 2392 quod
962 2331 1048 2393 paro·

127 2392 242 2456 ehiales
274 2403 401 2457 nostrae
435 2397 585 2457 ecclesiae
616 2396 837 2461 desolarentur.
890 2395 924 2455 Id
947 2405 1047 2457 autem

122 2477 176 2559 agi
197 2477 336 2538 videmus
359 2486 390 2538 et
412 2477 568 2558 dolemus,
599 2479 670 2539 dum
694 2480 830 2539 omnium
848 2479 1045 2541 ecclesiarum

125 2559 262 2621 subsidia
282 2581 337 2642 per
357 2561 564 2642 indulgentias
592 2562 631 2622 ad
663 2561 870 2623 insatiabilem
891 2560 1048 2622 basilicam

125 2640 156 2703 Β.
180 2640 262 2704 Petri
284 2643 450 2704 trahuntur.

208 2725 310 2801 Quare
333 2727 407 2786 istas
430 2732 497 2788 tuas
512 2726 725 2807 frigidissimas
740 2726 887 2788 causandi
902 2727 1048 2823 rationesz

125 2808 260 2886 scilicet,
289 2809 371 2888 quod
394 2809 521 2870 basilica
544 2811 574 2870 S.
597 2809 678 2870 Petri
693 2802 748 2870 ='est
769 2812 862 2870 totius
886 2808 1048 2872 christiam

124 2891 231 2972 populi
253 2890 385 2968 bonum,
416 2894 507 2954 etiam
531 2893 633 2953 rident
654 2892 814 2971 Germani,
838 2894 917 2954 siout
937 2894 1047 2954 iustum

125 2979 181 3034 est.
225 2971 289 3038 Cur
311 2993 372 3035 non
397 2977 494 3056 magis
514 2976 672 3037 basilicam
695 2975 716 3037 S
738 2975 899 3054 lobannis,
922 2984 1048 3037 matrem

125 3056 341 3134 ecclesiarum,
370 3059 461 3117 etiam
493 3057 607 3119 bonnm
641 3077 804 3118 commune
836 3059 953 3119 vocas?
989 3054 1047 3121 Sed

124 3139 203 3200 forte
223 3138 324 3200 adhue
345 3140 376 3199 in
398 3141 505 3201 futuris
529 3143 617 3201 annis
640 3148 745 3220 restat,
766 3147 800 3201 ut
822 3159 931 3202 omnes
953 3141 1046 3203 eccle

125 3223 186 3283 sias
207 3221 376 3301 Romanas,
400 3222 512 3284 deinde
535 3231 566 3284 et
588 3223 722 3304 palatia,
743 3224 912 3284 novissime
928 3231 966 3313 ,et
987 3245 1046 3293 mu-

123 3323 194 3382 ros,
229 3312 260 3365 et
289 3305 425 3386 plateas,
461 3314 492 3368 et
524 3316 636 3387 pontes
664 3307 777 3368 nostris
805 3307 864 3386 piis
893 3306 1046 3386 operibus,

125 3388 224 3468 gratia
245 3389 402 3449 veniarum
426 3390 524 3467 factis,
546 3388 753 3468 aedificemus,
776 3397 809 3450 ut
833 3408 896 3450 non
920 3391 961 3450 sit
981 3388 1046 3453 finis

125 3473 331 3532 exactionum.
375 3470 487 3547 Quare,
511 3475 550 3533 mi
575 3473 681 3549 Pater,
711 3491 770 3553 ego
793 3473 853 3551 sie,
882 3479 915 3532 ut
938 3472 1046 3551 debeo,

124 3555 240 3616 suadeo
263 3555 455 3633 bominibus,
488 3564 521 3616 ut
550 3555 679 3635 primum
710 3556 788 3616 vivis
811 3555 934 3636 templis
956 3554 1046 3616 bene·

76 3835 85 3860 ι
193 3812 224 3881 1)
243 3811 275 3868 ln
294 3811 337 3868 ed.
357 3813 433 3870 lem:
452 3811 575 3868 landam.
