2356 4200
458 277 493 334 de
509 276 699 350 indulgentiis.
758 360 760 365 Ι
973 272 1038 346 277

111 448 198 511 mina
219 446 352 510 conenit
371 447 556 528 liidentini,
578 447 668 509 Parte
689 447 741 525 IV,
762 446 821 509 loa
845 451 881 526 3,
905 466 973 530 eap.
997 451 1036 517 1u

112 552 144 614 p.
169 533 240 597 143.
282 531 364 594 Edit.
385 530 528 630 Eranam
552 533 631 627 1599
656 530 712 606 (81.
735 530 864 595 Loeseh.
889 531 904 592 Ι
899 552 951 675 Vp
975 533 1038 599 420

113 621 148 677 et
160 633 226 678 von
243 612 663 677 derHardtuH1st.L1terar.
695 613 829 677 Reform.
840 614 899 675 Ρ.Ι
939 634 968 696 p.
986 612 1036 701 b).

115 784 122 797 .
198 697 372 797 Tetnnelius,
385 697 439 758 ille
459 696 567 794 inquit,
589 702 653 759 non
676 701 798 794 tantum
812 716 868 778 pro
886 699 1039 797 ooneiona

113 781 1038 944 illittlttl,latitudinemslim

115 947 271 1026 minabat,
311 946 570 1028 indulgentiarum
601 964 719 1007 merees
753 965 810 1027 per
840 945 1039 1009 Germaniam

115 1031 245 1093 venales
266 1029 380 1111 ubique
403 1028 632 1110 (perditiones
653 1029 957 1111 Brandenburgieas)
987 1046 1038 1092 ex·

115 1114 217 1196 ponit
266 1113 376 1195 Capita
396 1117 499 1173 autem
522 1118 553 1172 et
574 1113 759 1174 eoneionum
780 1118 812 1174 et
832 1113 937 1194 seripti
960 1114 1037 1191 eiua,

116 1199 198 1260 sieut
220 1215 261 1258 ex
281 1196 407 1258 Lntheri
430 1195 551 1278 seriptis
572 1193 698 1277 oolligo,
720 1195 799 1256 haee
819 1196 953 1257 fuerunt:
978 1195 1038 1257 Pro

116 1281 273 1342 eonoione
295 1277 522 1360 despumabant
543 1284 723 1359 quaestores
745 1279 797 1339 isti
822 1278 901 1340 tales
930 1279 1042 1361 exhor·

117 1365 270 1426 tationes:
312 1362 361 1424 idn
383 1361 505 1423 eoelum
526 1360 663 1441 undique
685 1367 825 1442 apertum
844 1363 906 1423 iam
923 1367 991 1440 eat,
1012 1361 1039 1422 81

117 1464 203 1507 nune
223 1464 287 1508 non
308 1445 420 1523 intres,
443 1443 567 1523 qnando
585 1463 720 1523 unquam
747 1443 896 1506 intrabis?
938 1443 967 1506 0
995 1445 1039 1506 in-

118 1534 264 1591 sensatos
287 1535 319 1590 at
338 1527 434 1589 orassi
454 1525 557 1588 sordis
579 1526 730 1606 homines,
750 1526 857 1589 bestiis
876 1544 976 1609 prope
1002 1527 1040 1589 si-

117 1612 225 1692 milas,
249 1612 301 1691 qni
329 1629 393 1673 non
414 1610 571 1693 pereipitis
587 1615 704 1670 tantam
726 1609 908 1681 effusionem
929 1609 1040 1693 gratia·

61 1740 70 1759 .
117 1714 198 1757 rum.
244 1694 294 1755 En
319 1699 368 1756 tot
393 1693 524 1776 potestis
551 1691 704 1754 redimere
731 1693 859 1755 animas.
908 1691 1041 1772 Oduri,

119 1778 188 1839 duri
222 1784 255 1839 et
292 1776 502 1858 negligentes,
551 1773 714 1836 duodeaim
754 1775 888 1837 denariis
921 1781 1041 1857 patrem

119 1860 283 1924 extrahere
303 1865 411 1942 potes,
444 1864 476 1919 at
501 1865 563 1919 tam
591 1859 730 1940 ingratus
754 1860 874 1940 parenti
894 1859 927 1920 in
948 1858 1041 1920 tantis

119 1945 232 2026 poenis
260 1961 324 2004 non
347 1942 507 2003 suoeurris.
549 1940 618 2022 Ego
641 1959 717 2002 sane
749 1942 782 2001 in
804 1948 944 2003 extremo
964 1939 1041 2003 iudi-

120 2029 171 2089 818
196 2031 361 2088 exarmatus
372 2043 456 2086 sum:
478 2042 536 2087 vos
547 2023 694 2087 videritis.
731 2023 810 2086 Dieo
823 2024 888 2104 tibi,
910 2025 1041 2085 sinnam
1165 2022 1168 2027 ’

120 2110 223 2172 solam
243 2109 379 2171 tunieam
400 2107 548 2186 haberes,
569 2107 651 2167 hane
672 2124 795 2187 quoque
817 2106 1043 2169 exuendam-et

122 2191 353 2254 distrahendam
375 2189 489 2268 iudieo,
512 2195 547 2251 ιι1
562 2195 662 2250 tantas
678 2191 792 2271 gratias
811 2189 967 2252 obtineres
984 2194 1042 2252 ete.

120 2277 157 2338 ln
185 2274 383 2337 oblocutores
409 2292 483 2334 vero
513 2273 601 2333 istius
627 2273 745 2354 gratiae
772 2274 816 2333 ita
842 2272 1043 2349 detonabant,
1122 2283 1124 2287 “

121 2365 157 2419 nt
178 2364 314 2419 tremens
342 2354 451 2438 vulgus
474 2362 505 2416 et
526 2355 647 2417 eoelum
669 2375 743 2417 mox
764 2357 911 2417 ruiturum
933 2361 966 2418 et
984 2360 1043 2416 ten

120 2460 188 2503 ram
200 2441 352 2503 hiaturam
368 2437 558 2500 formidaret.
588 2436 754 2500 Addebant
770 2437 1042 2520 amplificationes:

122 2524 235 2604 Siquis
251 2523 355 2585 literas
369 2521 627 2603 indulgentiarum
638 2521 812 2602 redimeret,
826 2523 892 2584 eius
908 2524 1043 2583 animam

123 2625 264 2668 securam
287 2625 357 2668 esse
379 2605 419 2666 de
439 2605 540 2665 salute
560 2622 625 2664 sua.
668 2603 710 2665 Et
738 2605 857 2666 animas
880 2607 912 2665 in
933 2622 1043 2687 purga·

122 2692 205 2752 torio
227 2690 405 2767 existentes,
427 2706 484 2767 pro
503 2686 612 2768 quibus
625 2685 835 2768 indulgentiae
847 2687 1044 2764 redimantur,

122 2774 227 2834 statim
254 2772 307 2834 ubi
334 2772 493 2833 eonieatus
519 2770 551 2829 in
581 2770 689 2830 cistam
723 2790 865 2831 nummus
896 2770 1044 2847 tinnierit,

123 2876 163 2918 ex
191 2855 371 2937 purgatorio
405 2855 437 2914 in
466 2853 586 2914 eoelum
616 2853 750 2916 evolare.
800 2853 902 2933 Idem,
942 2857 1044 2914 tantm

123 2948 196 3000 esse
210 2937 286 2998 'illas
306 2938 431 3020 gratias,
454 2941 489 2996 ut
508 2934 626 2995 nullum
648 2936 688 2995 sit
708 2934 789 2997 adeo
811 2954 955 3018 magnum
973 2952 1044 3016 pee-

123 3027 237 3099 eatum,
261 3021 381 3091 etiamsi
403 3019 469 3098 quis
489 3037 545 3098 per
565 3018 756 3097 impossibile
775 3026 903 3080 matrem
921 3019 980 3079 Dei
1000 3018 1044 3077 ri-

124 3105 251 3182 olasset,
275 3105 347 3183 quin
362 3121 419 3183 per
434 3101 641 3182 indulgentias
663 3101 743 3162 solvi
765 3108 881 3182 posset,
903 3106 935 3163 et
948 3100 1045 3162 homi-

123 3206 197 3248 nem
224 3205 280 3266 per
311 3188 386 3247 istas
414 3182 622 3265 indulgentias
654 3183 784 3246 liberum
810 3183 876 3246 fieri
898 3183 937 3245 ab
961 3183 1046 3245 omni

121 3288 230 3351 poena
255 3276 286 3331 et
314 3269 414 3350 eulpa.
463 3266 542 3327 Esse
574 3266 655 3327 enim
683 3267 758 3327 18188
788 3268 902 3349 gratias
930 3267 1046 3328 donum

122 3351 201 3413 illud
222 3352 281 3415 Dei
301 3349 535 3426 inaestimabile,
556 3367 618 3428 quo
636 3349 730 3410 homo
742 3349 1046 3428 reoonoilieturDeo,
1082 3392 1085 3402 ·

125 3442 158 3497 et
180 3453 288 3496 omnes
310 3451 431 3515 poenae
452 3432 621 3513 purgatorii
645 3431 813 3494 deleantur.
855 3433 922 3494 Neo
940 3450 1046 3492 neees-

125 3519 239 3579 sariam
259 3537 329 3579 esse
356 3516 574 3580 contuitionem
601 3514 665 3593 his,
693 3516 744 3594 qui
771 3515 822 3576 vel
849 3517 967 3576 animas
996 3514 1046 3575 vel

125 3600 365 3663 confessionalis
383 3598 578 3660 redimerent.
611 3596 715 3658 Verba
736 3601 817 3658 enirn
838 3598 1047 3659 instructionis

124 3684 204 3744 haee
220 3685 357 3745 inerunt:
374 3682 476 3743 Prima
487 3681 586 3762 gratia
595 3680 773 3760 principalis
789 3680 1046 3762 indulgentiarum

126 3771 177 3828 est
194 3767 334 3850 plenaria
352 3765 494 3828 remissio
512 3763 648 3825 omnium
659 3771 867 3845 paeoatorum,
888 3780 1048 3845 perquam
