2356 4200
122 259 187 326 200
371 261 567 315 Resolutiunes
586 260 695 329 Disput.
714 260 791 312 luth.

129 429 168 491 de
191 428 305 489 eisdem
329 429 367 490 ab
390 429 522 509 ecclesis
543 428 700 503 iniunctis,
723 433 757 488 nt
778 428 818 490 sit
838 448 965 490 sensus:
992 428 1051 489 Rs

128 513 233 572 missio
261 511 315 570 illa
335 513 538 573 iniuncterum
560 512 817 593 poenitentiarum
848 511 887 572 eb
914 511 1051 573 ecclesia

127 596 217 657 tenet
231 601 293 654 tum
322 594 403 674 apud
426 595 541 671 Deum,
575 613 665 672 qnam
693 595 774 674 apud
797 595 978 655 ecclesiam:
1011 613 1050 655 ec

128 675 210 756 quod
232 676 317 737 Dens
339 676 529 758 approbutl)
561 676 642 737 benc
665 677 815 738 ecclesiae
843 697 918 738 snae
945 677 1053 738 remis·

126 761 256 831 sionem,
277 759 445 820 secundum
466 758 557 820 illud:
581 759 794 839 Quodcunque
811 761 940 821 solveris
955 778 1050 840 super

130 853 250 918 terram,
273 841 405 903 solutum
429 843 485 902 erit
506 850 536 902 et
557 842 588 901 in
610 842 714 902 coelis.
758 843 827 903 Non
851 843 908 903 ait:
945 841 1051 918 Quod·

128 943 248 1004 cunque
270 925 398 985 solveris
418 944 512 1006 super
533 933 655 998 terram,
678 925 760 986 eliud
783 927 841 986 erit
861 925 996 986 solutum
1019 927 1050 987 is

128 1007 234 1083 coelis,
256 1007 310 1069 sed
333 1007 363 1068 id
386 1007 478 1084 idem,
499 1007 584 1086 quod
606 1014 637 1067 tu
660 1008 763 1086 solvis,
787 1019 817 1068 ct
839 1026 901 1088 ego
911 1008 1049 1069 solutu

129 1089 260 1152 habebo.
304 1089 384 1165 Quia
406 1108 461 1170 per
482 1090 543 1151 hoc
566 1090 649 1150 Dens
673 1091 743 1158 vult⁴
770 1091 910 1152 homiues
940 1090 1052 1151 subiici

128 1172 299 1249 sacerdoti,
331 1173 414 1253 qnod
447 1191 508 1234 nou
540 1172 641 1249 lieret,
673 1176 731 1233 uisi
754 1174 851 1234 Deum
873 1173 1051 1253 approbare

127 1257 209 1317 lacta
230 1255 399 1316 sacerdotis
421 1256 578 1317 sciremus.
607 1256 701 1316 Vides
724 1276 797 1336 ergo
820 1257 924 1318 omnia
947 1255 1052 1319 adbuc

130 1341 160 1399 lu
183 1338 380 1417 opinionibus
402 1338 538 1402 haerere.

210 1421 306 1481 Porro
328 1421 358 1481 id
381 1421 464 1500 qnod
486 1420 623 1499 Angelus
652 1441 691 1480 ex
718 1439 775 1481 suo
800 1420 964 1482 Francisco
986 1421 1051 1483 llu-

129 1504 212 1566 ronis
235 1503 377 1580 adducit,
405 1503 487 1582 quod
515 1503 723 1582 indulgentiae
751 1504 842 1563 etiam
864 1503 990 1564 valeant
1011 1504 1052 1566 ud

130 1594 327 1665 angmentum
351 1587 470 1664 gratiae
491 1593 521 1644 et
544 1585 680 1665 gloriae,
703 1604 764 1645 non
787 1586 933 1663 advertit,
967 1587 1052 1666 quod

130 1669 337 1748 indulgentiae
360 1687 421 1728 non
444 1676 514 1728 sunt
537 1687 632 1748 opera
655 1668 753 1744 bone,
776 1688 830 1728 seu
853 1670 1053 1731 remissiones

132 1751 280 1811 bonorum
304 1769 449 1830 operum,
477 1761 603 1831 propter
625 1751 707 1811 aliud
728 1752 828 1812 minus
850 1771 939 1832 opus.
983 1753 1052 1815 Etsi

130 1836 209 1896 enirn
229 1853 306 1914 opus
323 1833 448 1909 bonum,
469 1841 595 1914 propter
609 1834 691 1913 quod
704 1834 812 1894 dentur
827 1835 1052 1914 indulgentiae,

129 1917 168 1977 sit
189 1917 392 1993 meritorium,
423 1934 484 1976 nou
514 1925 615 1977 tamen
644 1918 714 1978 ideo
742 1916 952 1995 indulgentiae
979 1927 1052 1979 sunt

127 1999 318 2076 meritoriae,
349 2017 418 2060 cnm
452 2018 530 2079 opus
558 2019 696 2061 seorsum
721 2001 833 2061 facturn
862 2019 924 2061 non
950 2002 1052 2061 minue

130 2090 212 2143 esset
234 2083 431 2157 meritorium,
454 2090 485 2141 et
504 2081 582 2142 forte
604 2084 702 2163 magis
737 2081 951 2162 indulgentiae
975 2102 1051 2146 vcro

131 2184 268 2225 seorsum
292 2171 433 2244 sumptae
456 2166 556 2243 potius
578 2174 648 2225 sunt
670 2165 893 2242 demeritoriee,
916 2166 1052 2244 quie'rs·

132 2248 292 2309 missiones
315 2246 466 2308 bonorum
496 2265 632 2326 operum.
674 2246 770 2328 igitur
802 2267 871 2308 curn
906 2249 938 2308 in
966 2249 1051 2310 omui

131 2331 258 2391 materia
280 2329 418 2390 dubitata
440 2327 553 2389 licitum
587 2332 625 2391 sit
655 2332 819 2409 unicuique
841 2330 999 2410 disputare
1021 2339 1053 2391 et

131 2432 303 2493 opponere,
319 2407 358 2472 'et
379 2430 438 2491 ego
462 2430 585 2492 quoque
607 2413 686 2487 dico,
711 2433 759 2473 ma
781 2434 796 2472 a
822 2414 855 2472 B.
877 2414 999 2475 Thoma
1022 2426 1053 2475 et

132 2495 347 2555 Bonaventure
370 2495 400 2554 in
423 2494 482 2555 hac
504 2504 590 2573 perts
612 2495 787 2572 dissentire,
820 2496 920 2558 donec
943 2497 1052 2558 melius

131 2577 262 2656 probent
290 2595 362 2654 sua,
391 2585 483 2656 atque
513 2577 682 2640 dissolvant
711 2588 825 2640 nostra.
868 2580 937 2659 Ego
969 2580 1050 2642 enim

133 2668 253 2739 praeter
275 2660 436 2738 opiniones
460 2659 531 2718 nihil
555 2661 643 2722 video
667 2661 788 2740 quod²)
814 2662 962 2742 probent,
996 2683 1053 2723 nec

66 2738 73 2748 '
131 2741 240 2802 saltem
264 2762 354 2808 unum
378 2761 546 2819 canonem,
574 2763 641 2803 curn
667 2754 711 2804 tot
732 2745 896 2823 scripturas
920 2764 981 2824 ego
1004 2766 1052 2805 su·

132 2827 235 2903 perius
265 2823 370 2884 Couol.
393 2828 422 2888 b.
459 2824 655 2903 produxerim
691 2845 746 2906 pro
774 2847 842 2885 mes
871 2836 970 2904 parte.
1014 2827 1054 2887 Et

133 2926 214 2965 nttnc
232 2927 270 2967 ne
292 2909 359 2967 sine
381 2906 551 2967 canonibus
575 2910 664 2969 etiarn
689 2910 805 2987 loquar,
829 2926 911 2968 ecce.

216 2988 333 3064 Quarta
353 2991 451 3065 ratio,
475 2989 625 3069 capitulo:
657 2991 732 3051 Cum
756 3010 873 3065 exeo,
897 2990 947 3050 lib.
971 2995 991 3056 5
1015 2990 1053 3051 de

132 3090 201 3148 poe.
225 3080 256 3131 et
277 3093 319 3132 re.
343 3072 428 3132 dicit:
472 3072 529 3132 Per
550 3073 752 3151 indulgentias
782 3073 950 3132 satisfactio
980 3092 1053 3154 poe·

132 3155 296 3227 nitentialis
321 3167 490 3218 enervatur.
534 3155 601 3215 Hoc
631 3155 754 3215 verbum
783 3155 852 3216 licet
880 3175 921 3216 ex
943 3156 1054 3218 dolore

132 3239 235 3314 potius
258 3257 348 3315 quam
368 3256 407 3297 ex
421 3239 517 3315 gratia
534 3239 615 3297 dicet
632 3258 722 3318 papa,
745 3245 846 3297 tamen
860 3242 1053 3314 canonistas,

133 3320 211 3379 sicut
233 3328 332 3397 sonat,
355 3320 536 3398 intelligunt.
581 3321 664 3399 Ergo
687 3322 712 3379 si
735 3320 903 3381 satisfactio
927 3341 1053 3382 enervu-

132 3408 180 3460 tur
202 3401 437 3481 poenitentialis,
460 3408 554 3480 patet,
576 3402 657 3479 quod
681 3422 740 3462 uon
766 3405 822 3462 nisi
845 3424 1053 3485 poenacauo·

133 3486 202 3542 nica
223 3485 392 3560 remittitur,
416 3504 483 3543 curn
503 3485 670 3545 satislbctio
683 3487 912 3565 poenitentialis
926 3490 965 3548 sit
979 3488 1053 3549 nihil

132 3565 226 3646 eliud,
249 3569 307 3627 nisi
329 3568 417 3626 tertia
438 3566 490 3627 illu
508 3586 578 3647 pars
591 3570 799 3648 poeniteutiae
823 3571 1053 3633 ecclesiasticae

131 3688 515 3702 Ἢ

207 3744 238 3810 1)
260 3744 342 3799 lbid.:
362 3746 504 3813 approbet.
542 3745 574 3810 2)
595 3742 676 3796 Ibid.:
697 3760 777 3813 quae.
