2356 4200
372 273 407 331 de
424 276 526 329 virtuto
545 273 792 344 indulgentiarum.
984 267 1052 339 283

127 451 238 507 contre
250 443 411 506 veritatem
433 449 465 506 et
485 444 655 522 caritatem,
677 462 759 522 quac
779 442 849 505 sola
870 443 940 509 talis
956 443 1056 524 gratia

129 534 185 589 cat
229 525 389 605 Multoque
412 525 521 588 metius
544 533 626 605 erat,
660 525 760 587 nullas
781 545 851 588 asae
872 524 992 606 uspiam
1013 528 1055 597 in

128 609 327 690 dulgentias,
354 628 445 688 quam
468 609 546 671 tales
570 610 736 690 opiniones
768 610 799 671 ia
822 609 947 690 vulgum
968 611 1058 673 serni-

128 693 205 837 nugi²
214 711 297 838 ἕως
311 693 379 834 gine
399 690 597 836 inpulglpntiis
619 712 787 835 ppssumus
805 691 1057 836 9εὸ8οέωῄῑίῳῆ

130 795 309 921 iiiiii?
332 793 667 934 ctttttttttt,
686 794 1057 940 ttttttutttt

129 943 183 1005 tex
211 941 259 1003 vei
289 940 386 1002 credit
406 941 456 1003 vel
490 940 584 1005 debet
605 941 685 1003 velte
707 961 778 1005 esse
805 943 836 1005 in
858 941 975 1022 populo
996 941 1055 1022 pri,-

130 1043 214 1085 mum
237 1031 371 1085 mutuam
395 1025 569 1099 caritatem,
593 1030 625 1099 et
645 1023 901 1103 misericordiam,
928 1024 1080 1104 aliaque.

130 1112 298 1203 praecepta
323 1107 381 1169 Dei
411 1108 443 1167 in
471 1107 526 1168 illo
548 1106 673 1203 florere,
701 1127 739 1204 ac
760 1109 816 1204 sic·
837 1106 935 1169 donat
954 1106 1054 1203 indui·

129 1198 290 1337 stit..
304 1188 393 1334 itt
412 1189 1057 1354 {inimicentumgur

130 1355 214 1436 apud
226 1375 294 1417 nos.
327 1355 396 1417 Hoc
414 1355 535 1416 enimsi
557 1356 658 1432 sciret,
678 1357 800 1417 omissis
818 1357 915 1417 veniis
933 1355 964 1419 id
984 1375 1055 1436 age·

129 1445 187 1519 ret,
209 1444 244 1503 ut
254 1437 389 1519 populns
410 1438 540 1518 primum
562 1436 601 1499 ad
614 1445 750 1500 mutuam
764 1440 921 1501 caritatem
933 1438 1057 1502 rediret

214 1521 261 1583 ita
283 1527 383 1591 testor¹
401 1538 462 1601 ego
481 1520 645 1581 Dominum
668 1521 799 1597 Jesunr,
821 1521 903 1602 qnod
925 1521 1058 1604 populus

133 1624 248 1685 magna
269 1623 309 1664 ex
329 1610 419 1685 parte
444 1601 513 1675 (alii
536 1610 646 1683 putant
667 1623 708 1666 ex
729 1606 813 1665 omni
834 1610 942 1686 parte)
970 1606 1057 1687 igno·

132 1693 192 1765 rat,
213 1685 298 1767 quod
318 1705 418 1766 opera
437 1686 574 1749 caritatis
592 1685 721 1749 meliora
742 1694 813 1749 sunt
834 1706 926 1766 qnam
938 1689 1058 1766 veniae

132 1769 230 1835 credit
250 1770 354 1849 potins
375 1769 511 1833 essenii
540 1769 649 1831 melius
670 1788 764 1850 agere
776 1789 879 1852 posse,
900 1789 993 1850 quam
1008 1790 1057 1831 ve

133 1854 200 1915 nias
229 1851 389 1915 redimere.
440 1851 481 1913 Et
507 1851 596 1913 huius
623 1851 797 1915 haereticae
823 1859 856 1914 et
885 1853 1058 1933 pestilentia

133 1936 290 2016 opinionis
321 1933 436 1995 nulium
465 1933 560 1996 habet
589 1941 820 2015 correptorem,
848 1943 902 1996 aut
929 1933 1057 2007 fidetem

133 2018 323 2098 magistrum,
345 2016 400 2078 sed
422 2018 526 2097 potius
547 2036 603 2098 per
623 2036 794 2098 pomposas
815 2019 891 2078 istae
914 2016 1058 2087 buccinas

132 2101 373 2178 instantissimos
397 2110 532 2173 autores.

406 2263 620 2327 Conclusio
642 2264 781 2327 LXXV.

218 2400 355 2484 Opinari,
378 2404 484 2465 venias
507 2404 635 2487 papates
659 2411 760 2467 tantas
783 2425 862 2485 esse,
884 2396 917 2467 n't
937 2406 1059 2479 solvere

136 2487 259 2569 possint
280 2485 454 2565 hominem,
478 2488 597 2548 etiamsi
621 2488 688 2568 quis
710 2508 766 2569 per
787 2488 978 2571 impossibile
1000 2488 1058 2567 Deli

134 2569 316 2651 genitricem
340 2568 497 2647 violasset,
520 2578 567 2632 est
587 2571 732 2633 insanire.
841 2608 847 2619 ·

218 2652 351 2712 Coactus
373 2671 439 2712 sum
454 2652 581 2714 insanos
603 2671 736 2731 vocare,
769 2653 819 2735 qui
841 2650 915 2715 talia
931 2655 1057 2734 opinan-

133 2743 203 2814 tur,
241 2754 277 2794 ac
305 2735 394 2795 venia
421 2735 511 2796 nobis
544 2756 564 2796 a
585 2735 657 2796 diva
685 2738 813 2818 Virgine
841 2744 888 2797 est
914 2736 1058 2817 petenda,

135 2816 220 2897 qnod
249 2816 323 2877 talia
351 2816 453 2877 dicere
481 2824 514 2877 et
532 2820 672 2899 cogitare
694 2821 854 2900 cogimur,
883 2838 941 2879 nec
962 2821 1060 2900 patuit

133 2901 196 2978 via,
220 2919 281 2979 qua
300 2900 381 2959 hanc
402 2901 617 2961 necessitatem
639 2902 815 2962 vitaremus.
857 2901 973 2964 Nescio
997 2920 1057 2980 quo

134 2981 261 3045 diabolo
290 2989 437 3063 operante
457 2982 570 3042 facturn
594 2984 649 3062 sit,
676 2991 710 3044 ut
735 2984 868 3065 populus
896 2985 989 3045 istum
1012 3005 1058 3044 ru·

134 3074 253 3127 morem
282 3063 394 3143 ubique
423 3070 598 3146 spargeret⁷
630 3067 695 3126 sive
721 3066 752 3127 id
780 3084 852 3128 vere
879 3067 923 3127 ita
943 3065 1058 3129 dictim

134 3154 192 3226 est,
210 3149 276 3207 sive
286 3146 524 3209 ituinteltectum
538 3148 689 3228 apopulo.
701 3147 770 3230 Ego
783 3148 905 3229 quidem
916 3145 973 3211 et'si
986 3168 1057 3212 con:

134 3235 254 3292 stanter
274 3229 536 3304 assereretur¹Ja
557 3228 669 3308 multis,
692 3237 723 3291 et
736 3228 840 3315 magni
861 3232 993 3307 ncnssnis
1005 3234 1058 3294 hc·

134 3312 279 3390 minibus,
300 3313 344 3373 ita
367 3332 435 3374 esse
457 3311 666 3392 praedicatum
688 3315 719 3374 in
734 3313 934 3395 mutuemus,
955 3315 1058 3397 potius

134 3403 240 3458 tamen
252 3395 395 3473 mirabar,
418 3395 691 3478 quamcrebedam,
713 3397 768 3459 sed
779 3396 884 3458 auditu
898 3394 1057 3460 fuissesai

134 3497 189 3540 sos
212 3477 436 3540 existimabam.
458 3478 533 3540 ideo
556 3480 642 3541 nolui
663 3482 694 3542 in
710 3481 775 3541 hac
794 3480 994 3541 conclusione
1015 3479 1058 3542 ul·
1097 3526 1104 3537 ,

134 3563 199 3622 lum
212 3563 464 3623 concionatorem
487 3567 603 3642 taxare,
626 3562 681 3625 sed
701 3563 825 3644 vulgum
848 3582 984 3643 monere,
1006 3563 1057 3644 qui

173 3775 203 3842 1)
222 3774 254 3828 ln
272 3773 316 3831 cd.
333 3775 412 3832 tem:
432 3779 579 3830 asseretur.
