2356 4200
450 287 483 340 D.
502 287 580 340 lert.
599 285 720 340 hutlreri.
984 278 1049 347 883

128 484 150 491 ··
208 457 246 533 2)
271 455 472 517 Circumcisio
496 457 562 515 sine
584 453 645 514 hde
666 453 855 533 velpropris
875 451 926 512 vel
946 451 1049 513 eliens

124 537 205 599 eden
227 557 290 599 non
313 537 437 619 proluit,
459 547 493 598 nt
514 556 573 598 nec
586 537 728 598 Abrshse
743 535 874 616 principi
895 535 961 595 eins
982 536 1049 595 sinc

124 619 186 682 lide
207 621 382 701 profuisset.

207 708 246 782 3)
269 704 396 765 Rectius
417 722 473 784 per
494 702 585 764 fldem
608 703 812 779 circumcisio,
834 702 914 761 sicut
935 708 967 761 et
985 719 1048 762 οι-

123 788 186 864 nis,
208 787 362 866 profuisse
383 786 510 861 dicitur,
532 806 594 847 non
619 792 722 846 nutem
748 783 824 845 tides
846 803 902 864 per
923 785 1050 845 circum·

124 871 283 949 titionem,
305 878 360 931 nut
380 870 474 930 ullum
497 869 580 929 eliud
602 886 689 949 opus.

208 954 247 1031 4)
271 952 522 1014 Consentaneum
538 959 594 1029 est,
615 953 744 1014 semines
765 954 796 1011 in
813 950 884 1032 lege
906 952 973 1011 sine
995 950 1049 1011 cir-

126 1037 317 1099 cumcisione
354 1056 411 1117 per
443 1034 536 1095 fidem
568 1034 712 1096 Abrahae
752 1035 926 1094 circumcisi
956 1033 1050 1094 luisse

125 1117 317 1180 iustificatos.
645 1158 648 1164 -

148 1230 173 1253 ³2
209 1206 247 1277 b)
271 1202 312 1262 llt
332 1201 478 1283 porrulos
502 1199 639 1262 eiusdem
661 1202 744 1279 pecti
767 1199 828 1260 lide
849 1200 962 1279 eliens,
985 1216 1049 1260 non

125 1293 228 1346 sutem
251 1287 377 1366 proprie
396 1285 630 1346 circumcisione
652 1282 748 1343 fuisse
767 1281 960 1346 instilicctos.

210 1371 248 1443 6)
272 1368 342 1430 Non
376 1387 451 1449 ergo
479 1366 670 1428 circumcisio
708 1365 824 1445 aliquid
855 1367 966 1445 veluit,
997 1365 1052 1428 sed

126 1453 366 1512 communicatio
400 1449 472 1511 tidei
494 1449 640 1510 Abrshse
673 1451 704 1508 in
729 1448 881 1510 Christum
904 1449 962 1511 sibi
982 1468 1051 1530 pro-

125 1536 254 1595 missum
276 1533 460 1595 instificevit.

210 1619 247 1693 7)
272 1616 475 1678 circumcisio
506 1615 563 1675 fuit
596 1615 717 1694 signum
752 1633 806 1675 seu
843 1615 1051 1695 monitorium,

127 1700 213 1779 qnod
244 1700 400 1779 occipiens
433 1698 472 1760 ad
492 1697 584 1758 tidem
606 1697 750 1759 Abrshec
780 1700 812 1758 in
834 1698 987 1760 Christum
1008 1696 1052 1758 lu-

126 1790 250 1943 mi)
262 1790 369 1926 itt
382 1788 503 1946 itti
518 1780 804 1945 {thither
819 1862 965 1944 unsre,
988 1865 1054 1926 tt

125 1951 156 2010 in
180 1947 399 2026 oblationibus,
420 1949 487 2008 sive
509 1946 709 2009 orationibus.

211 2034 248 2107 9)
272 2031 343 2092 Non
367 2048 442 2112 crgo
466 2032 576 2090 virtute
599 2029 829 2106 sacrificiorum,
852 2037 886 2090 ut
904 2030 957 2091 ‘lle
980 2032 1052 2092 'ster

119 2117 178 2194 rit
202 2132 295 2194 quem
317 2112 532 2194 intelligebant
558 2112 771 2192 spiritualiter,
794 2121 865 2173 sunt
884 2114 954 2173 ius'
979 2114 1050 2193 ceti,

125 2199 185 2259 nisi
206 2198 443 2278 intelligentiam
464 2197 554 2256 istem
576 2195 661 2255 dices
694 2194 787 2256 fuisse
821 2193 914 2257 iidem
937 2195 1050 2258 Christi

127 2283 229 2343 futuri.

358 2364 396 2424 D.
418 2363 506 2423 liert.
526 2361 613 2425 Lnth.
636 2361 666 2421 hl
688 2362 725 2424 D.
748 2362 813 2423 XX.

305 2611 530 2709 Luthsri
560 2611 875 2735 disputatio

402 2781 641 2868 Heidelbergec
669 2781 780 2846 habits

385 2940 414 2982 n.
441 2921 532 2985 1518.
556 2919 606 2982 Vl.
630 2918 696 2981 Cel.
723 2919 805 2980 Mcii.

579 3062 610 3115 et

176 3286 180 3294 ,
260 3185 546 3281 Probstionos
577 3185 918 3298 conclusionum,

124 3366 210 3432 qums
238 3347 271 3410 in
304 3348 444 3433 capitulo
465 3347 734 3431 Heidelbergensi
763 3345 944 3433 disputatae
977 3354 1052 3413 sunt

387 3473 471 3518 anno
513 3453 625 3518 salutis
663 3458 794 3518 nostrae

416 3554 505 3621 1518.
528 3555 580 3618 VI.
603 3556 668 3618 Cel.
691 3555 772 3618 Maii.

211 3709 299 3785 Quae
321 3728 416 3770 cousc
436 3711 525 3772 luerit
540 3711 764 3792 Disputationis
780 3707 1050 3792 Heidelbergensis

126 3797 160 3853 et
179 3792 337 3873 quomodo
366 3793 421 3855 illo
444 3794 584 3855 instituto
616 3795 671 3874 sit,
702 3793 945 3878 luculentissime
979 3812 1055 3857 con·
