2356 4200
397 275 505 333 Nicolai
524 273 682 333 amadathi.
964 273 1003 337 11

77 453 186 509 nostro
208 444 464 527 comprobemus,
485 450 517 507 et
537 442 692 525 plausibili
713 443 818 523 speeie
839 444 1006 507 demente

78 538 110 591 et
142 530 280 591 sanitate
312 528 464 591 deturbati
486 527 696 589 antichristum
726 526 918 606 Romanum,
953 528 1005 608 qut

80 615 199 694 optimo
221 613 289 673 iure
312 612 458 673 meretrix
480 610 674 691 Babylonica
693 609 877 690 appellatur,
899 618 932 673 st
953 611 1005 673 be-

79 699 169 757 stiam
191 699 367 777 gestantem
386 694 449 756 hoo
469 694 586 755 idolum
610 693 791 771 adoremus,
827 701 859 755 et
881 694 1004 757 choreo

79 788 143 841 tere
176 779 321 841 manibus
347 796 386 839 ac
412 778 504 839 fronti
526 778 677 857 impresso
706 782 909 839 mercaturam
937 777 1006 837 sine

77 863 217 944 periculo
247 879 393 923 exercere
419 862 591 942 possimus,
613 859 674 921 hoc
702 865 833 936 estne
860 860 910 920 vei
939 878 1005 921 coa

79 966 158 1026 pora
178 944 233 1006 vel
253 943 416 1007 iaculmtes
439 945 470 1004 in
492 943 657 1005 discrimen
679 940 880 1003 adducamus.

162 1029 233 1089 Huc
254 1027 462 1108 emunguntur
482 1028 553 1107 pisa
574 1032 606 1087 et
624 1025 769 1088 eruditos>
781 1025 1004 1103 confessiones,

32 1126 45 1145 ⁸
79 1115 109 1172 in
132 1111 246 1192 quibus
266 1112 313 1173 vir
336 1112 392 1171 Dei
415 1129 524 1172 omnes
551 1109 697 1171 articulos
718 1107 791 1170 ddsi
811 1115 937 1170 nostrae
959 1109 1007 1169 sic

79 1195 246 1257 iliustravit
267 1200 299 1257 et
312 1192 514 1271 confirmavit,
539 1200 572 1254 ut
583 1211 693 1255 omnes
704 1197 813 1272 portae
827 1191 1006 1269 inferorum,

80 1279 203 1340 etiamsi
224 1297 260 1339 se
281 1283 441 1358 rumpant,
465 1296 504 1337 ne
526 1277 636 1337 mutire
658 1274 782 1354 quidem
805 1283 914 1337 contra
934 1293 1005 1356 pos-

81 1363 152 1423 sint.
196 1360 265 1422 Etsi
285 1367 389 1425 autem
411 1379 520 1421 omncs
541 1364 643 1439 partes
672 1364 764 1439 atque
787 1359 892 1421 omnia
912 1377 1006 1419 mem·

81 1445 136 1506 bra
159 1443 322 1506 doctrinae
345 1443 548 1519 Christianae,
570 1449 604 1503 ut
624 1442 703 1520 dixi,
725 1443 884 1522 praeclare
905 1441 944 1503 ab
966 1459 1006 1503 eo

82 1529 202 1589 mnnita
222 1534 310 1606 sunt,
332 1534 435 1589 tanim
456 1526 489 1587 hi
516 1525 578 1587 loci
599 1526 684 1587 velut
704 1544 847 1606 gemmae
867 1525 1006 1606 insignes

82 1613 112 1672 in
134 1611 258 1691 scriptis
280 1611 316 1671 D.
333 1608 463 1671 ‘liutheri
486 1610 636 1671 eminent:

164 1693 294 1773 Primus,
317 1692 400 1774 quod
424 1699 485 1753 tres
508 1694 568 1753 sint
584 1692 741 1755 Personae
763 1690 932 1753 divinitatis
952 1691 1006 1753 ho·

84 1778 234 1856 mousiae,
257 1783 404 1847 aeternus
425 1775 526 1855 Pater,
548 1775 642 1837 Filius
655 1772 761 1855 λόγος,
784 1777 834 1855 qui
848 1782 895 1837 est
909 1769 1007 1839 cissis

82 1861 202 1922 aeterni
223 1860 337 1939 Patris,
360 1865 391 1920 et
412 1857 542 1940 Spiritus
564 1864 698 1921 sanctus.

166 1942 343 2022 Secundus,
367 1941 449 2022 quod
472 1942 562 2003 desus
585 1934 738 2021 Christus,
767 1942 820 2021 qui
842 1941 1008 2021 assumpsit

83 2034 225 2088 naturam
254 2026 423 2089 humanam
457 2045 497 2087 ex
530 2027 649 2107 virgine
675 2024 788 2104 Maria,
826 2025 867 2087 sit
898 2031 1008 2087 natura

83 2112 170 2171 Deus
193 2115 226 2172 et
247 2111 456 2190 omnipotens.

166 2193 305 2271 Tertius,
339 2192 422 2271 quod
455 2196 582 2272 propter
614 2191 696 2251 hunc
716 2192 882 2252 Dominum
913 2189 1007 2270 gratis

83 2276 173 2337 detur
199 2276 341 2337 remissio
369 2282 569 2355 peccatorum
597 2281 629 2335 et
650 2276 823 2354 acceptatio
851 2272 1007 2334 advitam

82 2366 241 2420 aeternam
280 2357 445 2438 agentibus
483 2358 704 2437 poenitentiam
744 2365 774 2418 et
812 2354 1007 2418 credentibus

84 2442 260 2522 evangelio.

167 2524 318 2602 Quartus,
340 2524 508 2604 patefactio
531 2522 700 2584 antichristi
721 2524 862 2584 Romani.

166 2609 233 2669 Hos
256 2607 413 2686 articulos,
436 2606 545 2686 quibus
567 2607 674 2669 salutis
697 2613 823 2668 nostrae
844 2607 922 2668 ratio
946 2625 1007 2666 ma
1030 2644 1034 2651 «

83 2694 167 2753 xime
182 2691 367 2768 continetur,
388 2708 481 2751 nemo
505 2691 640 2751 omnium
662 2696 735 2770 post
748 2689 909 2769 apostolos
923 2696 1008 2751 tanta

83 2775 305 2856 perspicuitate
326 2775 480 2835 enarravit
500 2780 531 2833 et
544 2772 747 2852 confirmavit,
769 2780 802 2833 ut
822 2773 1008 2852 hicsapiens

83 2864 115 2920 et
126 2859 244 2938 peritus
259 2856 410 2918 ecclesiae
419 2855 615 2936 gubernator.
635 2856 741 2935 Itaque
753 2856 822 2917 libri
836 2856 930 2936 ipsius
943 2876 1007 2917 om·

83 2941 173 3003 nibus
198 2940 302 3020 regnis
314 2945 346 2998 et
358 2939 468 3019 opibus
481 2938 586 2999 mundi
597 2940 691 3019 longe
704 2939 912 3019 anteponendi
926 2946 1015 3001 sunt.-

167 3023 285 3086 Omitto
309 3029 430 3084 ceteros
452 3021 598 3084 articulos
620 3021 691 3083 fidei
707 3022 909 3100 Christianae,
932 3043 1006 3103 quo·

83 3128 148 3168 rum
183 3106 339 3168 luculenta
371 3107 566 3167 enarratione
593 3125 650 3167 nos
684 3126 724 3166 ex
756 3106 947 3169 densissimis
975 3113 1008 3169 et

82 3188 244 3252 horrendis
293 3187 426 3251 tenebris
472 3190 603 3249 carceris
644 3189 828 3271 Babylonici
869 3191 935 3269 vel,
973 3199 1007 3252 nt

84 3276 186 3336 verius
216 3272 335 3350 dicam,
362 3272 522 3333 Romanae
552 3272 722 3352 tyrannidis
753 3275 880 3354 eripuit,
917 3282 948 3336 et
973 3277 1005 3337 iu

83 3358 190 3419 sedem
212 3363 305 3435 atque
328 3356 486 3436 regionem
510 3355 601 3435 lucis,
631 3358 661 3416 in
685 3376 746 3436 qua
767 3359 880 3421 veritas
903 3358 1007 3421 divina

83 3442 279 3522 potissimum
301 3437 391 3499 tloret
414 3445 445 3498 et
466 3438 649 3519 dominatur,
672 3441 848 3503 collocavit.
890 3442 1004 3505 Harum

83 3525 285 3585 maximarum
316 3541 416 3583 rerum
445 3521 693 3585 consideratione
720 3526 944 3606 convincimur,
973 3534 1007 3591 ut

84 3608 171 3668 fateri
192 3625 340 3686 cogamur
361 3604 455 3665 verba
475 3604 565 3666 nohis
588 3606 713 3686 deesse,
744 3609 852 3688 quibus
879 3612 1005 3691 gratitu-

84 3690 186 3751 dinem
210 3696 347 3750 nostrsm
357 3687 425 3749 Deo
448 3687 650 3751 declaremus.
694 3689 782 3765 Quae
803 3694 885 3755 enim
903 3695 1004 3755 oratio

85 3793 138 3854 par
164 3791 236 3834 esse
262 3777 366 3852 potest
394 3771 584 3852 amplissimo
618 3773 784 3854 beneficio,
815 3758 898 3866 quod
919 3777 1005 3845 Deus
