2356 4200
130 259 191 329 122
439 265 586 326 Sermones
605 267 717 326 botheri
745 317 747 319 ,

128 433 377 498 scandalizantur
397 436 428 494 in
452 455 510 512 eo,
533 435 688 518 dicenteS,
718 438 865 501 faciamus
886 438 970 501 mala
987 443 1048 523 pto.

129 517 190 579 Sed
213 519 279 578 sine
300 518 389 600 illos,
412 522 496 582 caeci
519 527 597 582 sunt.
1033 562 1036 569 ι

513 776 659 887 Sermo
750 818 753 825 ’

181 1039 188 1048 ,
294 976 457 1036 Dominica
477 976 557 1040 XIV.
579 983 652 1058 post
671 977 826 1041 Trinitatis
838 974 890 1054 *js

211 1141 310 1203 Nemo
333 1148 437 1222 potest
458 1142 577 1204 duobus
600 1143 732 1209 dominis
755 1130 878 1220 servire,
901 1141 1007 1204 Matth.
1021 1145 1048 1207 6.

128 1224 185 1285 Hic
206 1231 312 1287 movet
332 1226 520 1307 Augustinus
543 1228 770 1306 quaestionem,
798 1222 911 1288 utrum'
926 1234 989 1297 non
1010 1225 1051 1284 'ait

126 1307 329 1370 laborandum
352 1324 408 1391 pro
435 1311 518 1371 victu
547 1318 577 1370 et
605 1311 802 1388 necessariis,
832 1310 894 1370 taur
922 1318 979 1389 pro
1006 1326 1049 1387 ae,

129 1411 219 1471 quam
244 1411 309 1534 pro
342 1392 432 1452 aliis?
474 1393 515 1453 Et
541 1395 644 1461 multis
671 1392 813 1454 inductus
836 1391 1049 1453 autoritatibus

104 1494 240 1557 ·respon
265 1481 310 1554 et,
338 1474 422 1555 quod
450 1478 570 1560 utique,
603 1478 718 1557 alioqui
748 1487 855 1537 ornnes
876 1474 1049 1555 prophetae

129 1563 160 1622 et
182 1557 374 1638 patriarchae
396 1566 427 1619 et
448 1562 545 1622 sancti
575 1567 606 1621 et
633 1560 799 1641 apostoli,¹
812 1559 924 1620 Paulus
955 1557 1049 1618 mani-

114 1638 184 1701 “bus
206 1639 393 1720 laborarunt,
417 1643 498 1703 male
511 1643 670 1719 fecissent,
693 1643 764 1723 quin
781 1650 813 1703 et
826 1642 969 1703 dominus
991 1640 1050 1701 sibi
1078 1711 1079 1714 Ἴ

129 1720 354 1785 contradiceret
377 1725 428 1804 qui
450 1728 608 1807 praecepit
629 1726 730 1804 Adae,
752 1725 793 1786 ¹'in
816 1724 928 1786 sudore
948 1723 1050 1783 vultus

129 1804 184 1868 sui'
198 1807 361 1868 comedere
383 1828 512 1888 panem,
550 1816 581 1870 et
606 1811 636 1870 in
659 1816 825 1890 praecepto
842 1809 938 1869 'tertio
962 1807 1050 1884 dixit,

129 1909 184 1950 sex
207 1889 273 1951 dies
296 1891 488 1972 operaberis,
522 1895 553 1953 in
583 1899 671 1955 sexto
700 1894 867 1971 quiesces„
891 1891 948 1950 Est
974 1902 1049 1971 ergo

129 1993 238 2034 sensus
260 1968 354 2035 totius
377 1975 528 2056 evangelii
550 1977 581 2036 in
603 1978 663 2037 isto
685 1975 798 2051 verbo,
832 1969 924 2034 nemo
946 1979 1051 2053 potest

38 2105 46 2111 .
130 2056 250 2118 duobus
273 2056 405 2117 dominis
428 2058 557 2139 servire,
585 2061 604 2120 i.
627 2079 652 2119 e.
676 2060 727 2138 qui
749 2058 814 2119 vult
834 2059 901 2118 Deo
925 2055 1051 2133 servire,

127 2158 190 2205 non
219 2147 324 2220 potest
353 2141 380 2200 ei
409 2143 537 2221 servire,
567 2144 591 2201 si
620 2149 745 2223 propter
766 2141 975 2203 Mammonem
997 2136 1051 2200 au't

128 2222 210 2282 aliud
233 2223 437 2307 quodcunque
468 2226 496 2285 ei
518 2227 618 2287 servit.
661 2225 748 2285 Tunc
776 2225 856 2285 enim
886 2243 947 2285 non
969 2222 1049 2299 Deo,

129 2305 182 2365 sed
206 2309 302 2387 magis
324 2304 491 2367 Mammoni
514 2309 616 2383 servit,
639 2309 710 2388 quia
730 2307 905 2369 utiturDeo
929 2305 1049 2365 et'frui-

129 2395 177 2448 tur
191 2389 377 2452 Mammone.
422 2390 554 2452 ntideo
576 2391 637 2453 hoc
659 2391 853 2471 evangelium
877 2395 984 2449 contra
999 2388 1049 2448 Ju-

123 2464 224 2531 ‘daeos
247 2480 278 2531 et
299 2484 410 2532 omnes
429 2474 605 2535 iustitiarios
627 2474 756 2553 incedit,
787 2473 831 2532 illi
855 2473 936 2539 enim
958 2489 1049 2553 prop·

129 2562 174 2615 ter
195 2556 430 2635 promissionem
454 2563 568 2631 terrae,
600 2559 649 2617 isti
681 2563 808 2638 propter
835 2554 966 2652 gloriain
997 2560 1050 2614 aut

77 2714 78 2717 Ἴ
128 2637 256 2699 salutem
278 2638 346 2699 Deo
370 2640 520 2719 serviunt,
555 2641 605 2719 qui
633 2646 735 2700 autem
763 2647 858 2700 servit
879 2636 1049 2698 Mamlnoni

128 2728 254 2803 propter
275 2721 384 2803 Deum,
406 2720 477 2782 ncu'
491 2723 669 2802 Mammoni,
691 2722 745 2783 sed
761 2723 829 2783 Deo
853 2722 955 2799 seruit,
979 2721 1051 2806 quia

130 2804 234 2864 omnia
254 2805 285 2863 in
307 2804 407 2865 Deum
433 2805 542 2883 refert,
576 2807 654 2867 sicut
684 2806 737 2866 ille
758 2806 858 2866 Deum
884 2806 916 2864 in
945 2805 1051 2864 omnia

128 2883 236 2963 refert,
270 2887 308 2947 de
341 2888 394 2947 tali
426 2888 570 2949 fruitione
603 2895 634 2950 et
664 2909 720 2949 usu
749 2895 824 2959 nota
853 2895 924 2948 sunt
945 2889 1051 2949 omnia

129 2969 288 3112 exempla,
315 2974 340 3032 l.
361 2966 439 3030 Dist.
463 2975 489 3034 1.
513 2971 596 3034 Sent.
802 2976 804 2980 '

240 3053 318 3113 itera
340 3055 478 3135 quaestio
502 3061 557 3133 est,
581 3054 737 3134 quomodo
760 3058 865 3115 verum
886 3061 942 3134 est,
965 3056 1049 3137 quod

128 3133 205 3195 haec
228 3137 332 3196 omnia
352 3135 769 3217 adiiciuntur‘quaerentibus
798 3138 896 3217 primo
920 3157 1049 3218 regnum

128 3217 186 3277 Dei
208 3224 239 3281 et
261 3219 405 3279 iustitiam
428 3222 502 3300 eius,
527 3239 595 3280 cum
618 3218 705 3281 inulti
728 3219 832 3282 Sancti
854 3218 947 3280 Hebr.
966 3223 995 3284 2.
1018 3222 1049 3281 in

128 3300 224 3376 fame,
248 3303 312 3379 siti,
335 3301 472 3364 nuditate
495 3305 627 3384 egerint,
649 3310 744 3386 agunt
766 3309 797 3364 et
819 3301 925 3363 adhue
940 3311 1049 3386 agent:

128 3383 198 3445 vid.
220 3384 255 3446 B.
277 3384 467 3466 Augustinus
498 3385 560 3448 hoc
581 3388 670 3467 locu,
700 3387 774 3467 quia
800 3382 951 3474 curando,
986 3407 1049 3451 non

166 3625 196 3693 *)
217 3627 268 3678 Hic
287 3642 378 3680 sermo
398 3626 432 3678 de
451 3627 544 3681 Matth.
567 3627 592 3694 6,
612 3627 647 3681 24
666 3641 726 3696 sqq.
754 3627 863 3680 habitus
883 3632 910 3680 et
928 3645 963 3681 ex
983 3631 1050 3684 lllSo

128 3697 177 3750 illo
196 3697 319 3752 redditus
341 3699 443 3751 utiliter
462 3700 597 3767 praecipit
624 3700 658 3752 de
683 3701 815 3752 avaritiae
834 3705 862 3752 et
880 3699 1050 3756 diffidentiae

122 3769 249 3826 stultitia.
286 3770 638 3842 Locacber.l.p.28bsqq.
667 3771 772 3825 Wclch.
791 3770 852 3838 XII,
870 3788 897 3840 1)-
906 3772 978 3832 2230
988 3789 1049 3844 sqq.
