2356 4200
415 264 450 320 ds
467 268 568 320 virtuts
585 265 830 337 indulgentiarum.
1025 264 1087 334 177

160 434 212 494 sis.
261 433 297 496 In
327 436 373 496 his
402 437 543 499 omnibus
585 436 755 499 ostenditur
783 436 982 500 diffidentiam
1001 458 1086 501 -esse

159 536 285 579 oaumm
306 519 424 580 timoris
446 526 478 581 et
496 522 641 582 horroris.
684 521 777 582 Venit
797 540 871 602 ergo
894 523 994 583 omnis
1022 528 1085 583 tur·

159 599 243 662 batio
275 620 315 662 ex
348 602 534 681 diffidentia,
564 605 664 666 omnis
687 606 835 667 seouritas
858 625 899 666 ex
920 603 1033 666 flduoia
1054 607 1084 667 is

158 683 269 746 Deum.
319 685 444 748 Fiducia
484 694 586 748 autem
616 708 656 749 ex
688 689 832 767 ueritate,
860 689 933 768 quia
956 707 1091 750 neeesse-

159 773 215 845 est,
239 773 271 829 ut
287 769 317 847 is
340 768 394 830 tibi
415 769 546 851 plaoest,
569 772 600 832 iu
624 789 715 851 quem
736 769 884 834 ooufldas.

465 970 679 1034 Conclusio
707 971 779 1036 XV.
815 1048 818 1053 Α

241 1094 299 1157 Hio
333 1098 423 1159 timor
455 1106 486 1159 et
518 1099 626 1161 horror
652 1102 726 1161 satis
761 1108 808 1162 est
837 1116 871 1161 se
894 1095 962 1157 solo
984 1094 1086 1156 faeere
1112 1105 1120 1113 '

162 1180 214 1257 (ut
234 1178 295 1240 ulie
316 1185 453 1261 tussam)
467 1202 611 1263 -poensm
633 1185 812 1265 purgatorii,
835 1198 903 1245 oum
927 1180 967 1239 sit
982 1179 1087 1260 proui-

159 1280 226 1323 mus
249 1261 472 1342 desperationis
494 1266 622 1332 horrori.

241 1343 323 1405 Nihil
346 1346 384 1409 de
405 1349 477 1428 igue
498 1356 529 1410 et
561 1349 631 1410 iooo
663 1351 832 1430 purgatorii
860 1349 989 1424 loquor,
1020 1362 1084 1404 uou

159 1426 242 1506 quod
265 1447 303 1490 ea
324 1449 454 1511 negem,
486 1432 540 1493 sed
573 1431 656 1511 quod
684 1431 745 1493 alia
766 1440 814 1492 est
832 1433 886 1492 illa
907 1427 1087 1508 disputatio,

158 1529 220 1570 neo
241 1530 260 1570 a
282 1531 331 1573 me
353 1533 435 1575 nuno
455 1516 612 1593 instituta„
625 1515 736 1576 deiude
756 1514 839 1594 quod
861 1512 1010 1590 neoniam,
1032 1509 1084 1571 uhi

158 1594 198 1653 sit
220 1593 306 1655 loous
328 1599 506 1678 purgatorii,
529 1599 600 1659 iioet
616 1599 649 1659 B.
663 1598 798 1659 Thomas
818 1597 903 1659 illum
926 1593 982 1655 sub
1005 1601 1086 1653 terra

158 1695 228 1741 esse
256 1685 350 1757 putet.
406 1678 474 1761 Ego
503 1698 588 1742 vero'
603 1683 723 1742 interim
755 1700 825 1741 oum
853 1681 887 1740 B.
911 1677 1088 1757 Augustino.

156 1778 315 1839 remenso,
337 1763 454 1825 soilioet
475 1764 556 1844 quod
577 1764 773 1845 receptacula
793 1764 962 1826 animarum
980 1758 1098 1822 abdite.

158 1843 234 1920 sint,
264 1850 294 1902 et
327 1855 447 1908 remota
475 1869 494 1908 a
525 1857 630 1908 nostre
658 1848 844 1928 cognitione.
895 1841 1081 1921 Quasideo

158 1924 244 2004 diso,
278 1947 317 1988 ne
348 1929 518 2009 Pighardus
547 1932 717 1992 haereticus
739 1931 770 1990 in
793 1949 842 1990 me
864 1928 921 1990 sibi
944 1925 1084 1987 videatur

158 2006 346 2090 obtinuisse,
373 2016 582 2094 purgatorium
607 2032 669 2076 non
692 2033 775 2092 esse,
798 2015 870 2092 quis
893 2012 995 2074 losum
1017 2009 1085 2068 sius

157 2092 298 2170 ignotum
321 2113 389 2156 esse
412 2096 580 2175 ooufiteor‚
607 2096 757 2159 antideo
785 2097 957 2156 Romanam
985 2089 1083 2165 eooioy

156 2175 234 2235 siam
258 2186 374 2256 errare,
406 2181 477 2259 quia
508 2181 683 2260 opinionem
707 2179 742 2241 B.
785 2179 923 2239 Thomas
946 2193 1008 2235 nou
1031 2192 1083 2233 ex·

156 2257 264 2337 plodit.
286 2260 358 2321 Mihi
382 2264 583 2324 certissimum
598 2270 654 2342 est,
677 2262 887 2343 purgatorium
905 2278 983 2320 esso.
1017 2256 1084 2317 Nes

157 2339 284 2401 multum
308 2364 357 2405 me
379 2354 492 2423 movet,
516 2345 587 2425 quid
608 2346 760 2407 blaterant
781 2344 936 2420 haeretiei,
957 2338 1082 2422 quando

156 2425 218 2483 iam
241 2426 322 2487 mille
346 2434 376 2488 et
397 2429 466 2508 plus
489 2436 610 2490 sontum
634 2431 704 2488 anni
728 2436 813 2509 sunt,
840 2426 924 2506 quod
957 2425 991 2485 Β.
1020 2422 1082 2483 Au·

156 2507 268 2586 gustiu.
300 2512 328 2569 in
361 2531 441 2574 suar.
465 2513 596 2574 confess.
620 2512 671 2574 lib.
694 2516 722 2576 9.
745 2530 801 2592 pro
825 2519 921 2572 matre
944 2515 974 2569 st
994 2514 1083 2587 patre

155 2609 213 2650 suo
236 2600 303 2653 orat
332 2599 363 2655 et
393 2597 543 2656 orandum
574 2597 656 2676 petit.
702 2596 740 2668 Et
760 2595 868 2656 eadem
890 2599 999 2653 saneta
1020 2607 1082 2650 ma

156 2676 290 2735 tersius
315 2679 447 2738 moriens
474 2687 524 2750 (ut
545 2679 585 2738 ibi
609 2678 731 2749 soribit)
756 2678 935 2738 memoriam
958 2674 1005 2735 sui
1027 2691 1082 2752 op·

156 2760 267 2817 teverit
287 2759 325 2819 ad
349 2761 444 2822 altare
466 2762 607 2837 Domini,
632 2762 685 2821 sed
708 2767 740 2821 et
762 2780 780 2820 a
802 2761 836 2821 B.
860 2757 1026 2820 Ambrosio
1049 2755 1080 2814 id

155 2839 269 2901 fastum
293 2851 404 2904 narret.
448 2844 538 2920 Quod
561 2846 585 2904 si
605 2846 697 2904 etiam
712 2853 850 2923 tempore
866 2839 1080 2922 apostolorum

155 2941 217 2982 non
240 2924 347 2986 fuisset
368 2930 579 3008 purgatorium
605 2932 655 3005 (ut
680 2925 817 3006 superbit
838 2925 1013 2986 fastidiosus
1035 2921 1080 2980 Pi·

155 3005 328 3091 ghardus)‚
362 3011 499 3091 nunquid
522 3011 591 3072 ideo
615 3010 798 3071 medendum
833 3016 881 3069 est
913 3006 1079 3084 haeretice,

156 3091 208 3150 vix
240 3094 462 3173 quinquaginta
484 3114 581 3154 anuos
604 3113 701 3173 nuper
733 3100 823 3169 nato,
856 3100 886 3151 et
915 3091 1005 3150 fidem
1035 3096 1081 3150 tot

154 3174 327 3235 seoulorum
351 3176 457 3238 falsam
472 3179 566 3237 fuisse
586 3175 843 3250 contendendum,
858 3176 992 3234 maxime
1010 3192 1080 3233 oum

154 3257 220 3336 ipse
243 3259 314 3318 hihii
338 3259 422 3321 aliud
442 3261 549 3339 faeiat,
572 3278 663 3338 quam
679 3258 762 3342 quod
785 3258 867 3334 dieis,
890 3276 951 3317 uon
976 3255 1080 3333 oredm

154 3343 252 3401 etsie
273 3342 416 3421 probavit
438 3345 544 3404 omnis
565 3364 620 3403 sua
642 3351 673 3402 et
692 3341 878 3422 improbavit
900 3341 1003 3400 omnis
1024 3356 1079 3399 no·

154 3429 232 3502 stre,
265 3427 351 3503 quasi
382 3446 444 3486 uon
472 3435 502 3486 et
539 3427 652 3507 lignum
686 3432 716 3485 et
745 3425 822 3506 lapis
851 3442 914 3484 non
944 3421 1078 3481 credant.

154 3505 215 3566 Sed
243 3507 321 3568 haee
350 3529 406 3570 suo
430 3511 515 3590 operi
537 3519 568 3570 et
589 3511 727 3590 tempori.

236 3591 330 3670 igitur
352 3612 532 3654 conoessum
556 3601 618 3670 est,
640 3594 797 3654 horrorem
820 3609 888 3651 esso
909 3590 938 3650 in
963 3589 1079 3653 suime-

153 3671 221 3737 bu's.
263 3674 353 3735 Nuno
373 3674 472 3755 probo
496 3696 565 3737 eum
589 3695 657 3736 esse
679 3692 812 3754 poenam
835 3672 1004 3753 purgatorii
1027 3670 1076 3731 vsi

153 3777 330 3820 maxumam.

193 3876 284 3916 Lutheri
298 3887 349 3925 opp.
364 3877 390 3918 V.
405 3875 431 3915 A.
449 3875 478 3914 sd
492 3875 531 3914 ref.
545 3875 595 3915 hist.
613 3875 629 3913 i.
646 3885 667 3924 p.
682 3874 730 3916 Vol.
744 3873 774 3914 11.
831 3872 874 3938 st
