2356 4200
420 264 449 319 F.
470 263 602 321 Iohannis
621 261 743 321 Tetzaiii.
989 255 1050 330 3οῙ)

123 433 196 495 lucc
223 433 336 507 clarius
365 442 426 516 est,
448 437 498 499 sic
528 443 635 500 contra
656 442 794 518 apertam
816 437 975 499 veritatem
998 438 1052 498 im·

126 523 300 597 ponentem
330 517 402 579 odio
432 520 540 601 agitari
570 541 606 581 nc
628 520 752 580 fratrum
785 539 909 580 suorum
931 521 1052 602 sangui-

123 600 314 685 nempitire.

213 683 292 765 102)
317 683 438 765 Ponere
478 686 570 746 etiam
608 687 640 747 in
674 685 804 769 publicis
836 685 1052 766 positionibus,

122 764 358 847 praedicatores
388 768 561 848 veniarum,
595 789 749 848 nunquam
785 776 889 830 tamen
920 768 1051 846 auditos,

123 848 292 925 verborum
314 849 441 913 libidine
464 871 569 914 coram
591 853 709 934 populo
731 872 871 930 manare,
899 859 932 914 et
954 851 1051 911 maius

123 933 155 991 in
176 932 278 995 veniis
301 934 504 1014 explanandis
519 942 648 1016 tempus,
671 955 761 1017 quam
779 936 809 995 in
823 935 985 1016 evangelio
1000 933 1050 994 de·

124 1014 274 1077 clarando
304 1023 481 1097 proterere,
515 1025 562 1079 est
591 1018 753 1079 mendacia
782 1017 886 1079 audita
912 1017 951 1079 ab
974 1017 1051 1093 aliis,

124 1097 259 1178 fictaque
297 1119 353 1179 pro
384 1101 464 1161 veris
494 1103 662 1180 seminare,
701 1120 796 1181 seque
825 1122 881 1183 per
907 1100 967 1160 hoo
989 1101 1051 1160 cito

123 1180 303 1242 credentem
342 1182 518 1264 levemque¹
544 1184 707 1246 ostendere
748 1193 840 1264 atque
878 1183 1051 1264 perniciose

124 1283 238 1329 errare.

211 1349 288 1425 103)
314 1348 434 1410 Ponere
463 1349 596 1430 denique
628 1352 658 1409 in
683 1349 810 1429 publicis
835 1348 1050 1429 positionibus,

124 1432 285 1491 veniarum
308 1431 538 1511 praedicatores
560 1433 723 1493 licentiosa
745 1453 799 1492 sua
821 1432 1051 1513 praedicatione

123 1516 155 1574 in
191 1521 310 1575 tontum
345 1513 495 1595 deficere,
528 1516 612 1595 quod
647 1518 740 1576 etiam
777 1535 877 1596 papae
910 1534 1051 1576 reveren-

54 1657 73 1677 s
124 1599 199 1658 tiam
223 1599 295 1656 viris
318 1597 417 1658 doctis
440 1619 503 1660 non
526 1601 565 1659 sit
585 1599 677 1659 facile
699 1598 737 1659 ab
761 1606 935 1678 argutorum
959 1597 1051 1658 laico·

125 1700 193 1740 rum
224 1680 456 1759 quaestionibus
483 1682 649 1756 redimere,
685 1689 732 1742 ost
753 1688 825 1762 post
847 1700 946 1762 papae
968 1682 1050 1760 prius

123 1763 243 1824 illatam
274 1764 494 1825 contumeliam
515 1764 616 1825 eidem
639 1764 769 1824 blandiri
791 1783 828 1824 ac
850 1772 957 1844 aperte
980 1764 1050 1822 insi-

126 1865 247 1924 nuare,
292 1853 412 1908 ceteros
457 1867 566 1909 omnes
610 1857 733 1927 portum
785 1846 979 1928 possedisse,
1021 1840 1053 1906 el

127 1949 163 1989 sc
193 1929 295 1989 solum
320 1929 442 1990 turbam
469 1931 591 2010 iacere,
626 1931 887 2009 vehementerque
915 1950 970 2010 per
991 1929 1052 1989 hoc

126 2031 241 2073 errare.

213 2096 288 2170 104)
315 2095 429 2176 Oulpes
453 2096 556 2156 delere
578 2098 724 2158 convenit
744 2098 861 2176 gratiae
871 2095 1050 2171 formaliter,

126 2176 270 2239 effective
300 2179 366 2240 Deo
404 2187 434 2240 et
463 2178 690 2259 principaliter,
726 2179 906 2259 dispositive
934 2178 1050 2238 homini

126 2281 220 2340 puro,
243 2262 316 2322 licet
336 2262 572 2341 insufficienter,
594 2264 818 2324 satisfacienter
841 2262 980 2337 Christo,
1004 2281 1050 2320 sa-

126 2347 291 2404 oramentis
313 2346 594 2406 instrumentaliter.
639 2345 782 2425 Quisquis
806 2365 879 2426 ergo
903 2344 977 2404 dicit
998 2364 1051 2423 ps-

125 2447 196 2507 pam
227 2428 288 2488 hoo
310 2429 403 2490 modo
433 2429 751 2508 minimum-veniale,
787 2429 890 2509 quoad
918 2428 1049 2507 culpam,
1106 2434 1123 2444 '

127 2511 251 2572 solvere
273 2532 335 2571 non
358 2532 468 2591 posse,
491 2519 580 2573 errat.

212 2597 289 2663 lob)
313 2595 454 2656 Eandem
481 2615 550 2656 esse
581 2595 662 2655 Petri
700 2601 731 2655 et
760 2597 895 2655 omnium
923 2595 1050 2655 vicario·

126 2698 193 2738 rum
223 2685 425 2757 potestatem,
459 2681 510 2758 qui
539 2685 649 2758 negat,
688 2686 786 2756 errat,
820 2680 932 2758 quique
955 2678 1048 2757 pluris

125 2779 220 2840 posse
243 2767 331 2841 putat
351 2763 382 2820 in
406 2763 503 2822 veniis
524 2761 646 2821 Petrum
671 2780 761 2840 quom
783 2761 929 2839 Leonem,
952 2762 1049 2841 magis

126 2851 217 2923 errat,
239 2846 302 2905 imo
322 2844 526 2924 blasphemat.

255 2931 330 3003 106)
357 2928 442 2988 Sicut
476 2929 527 3006 qui
558 2947 680 2986 crucem
712 2927 838 3003 Christi,
873 2926 920 2986 vel
956 2926 1048 2986 aliam

125 3029 340 3088 quamcunque
368 3011 533 3090 imaginem
565 3018 700 3086 utrem,
729 3018 759 3069 et
781 3029 841 3069 non
867 3017 898 3070 ut
918 3010 1049 3088 signum,

125 3093 217 3154 latria
245 3093 368 3170 adorat,
401 3100 495 3171 errat,
531 3095 588 3171 ita,
618 3095 812 3172 quantumvis
841 3112 915 3152 crux
938 3091 1048 3151 Christi

125 3178 154 3236 in
184 3177 287 3242 multis
315 3177 399 3256 aliis,
434 3184 466 3236 ut
495 3178 595 3236 causis
618 3175 824 3251 odorationis,
860 3182 996 3255 praestet
1017 3182 1049 3236 et

124 3261 194 3338 plus
223 3261 263 3319 sit
292 3259 482 3336 veneranda,
517 3262 568 3339 qui
588 3267 689 3319 tamen
713 3259 773 3318 alia
794 3259 899 3336 latria,
932 3265 963 3318 et
984 3277 1047 3319 non

124 3342 248 3422 aequali
271 3362 354 3421 eom,
377 3350 409 3404 et
429 3342 590 3423 papalibus
613 3344 790 3423 insignitam
813 3343 904 3401 armis
929 3341 1047 3420 adorat,

124 3425 273 3487 idolatrat
297 3433 327 3486 et
349 3433 438 3489 errat.

131 3937 135 3941 ,
150 3894 243 3937 nunes
257 3905 308 3942 orr·
325 3895 347 3937 a
361 3894 389 3934 Α.
402 3894 434 3934 ar
444 3896 485 3934 rer,
499 3895 549 3935 ura
563 3896 579 3936 r.
592 3906 616 3947 p.
631 3894 682 3939 vor.
695 3897 714 3938 1.
798 3862 840 3931 20
