2356 4200
365 262 367 267 ’
421 251 452 308 F.
472 253 598 308 Sllvestri
618 253 771 308 Prteriatls.
993 249 1055 316 367

214 424 275 499 26)
300 422 388 484 Mart.
410 421 581 505 Optime*)
607 423 680 483 lacit
702 442 793 503 papa,
816 422 899 504 quod
920 443 983 486 non
1004 442 1058 506 po·

129 511 246 568 testate
269 506 376 586 clavis,
398 524 488 586 quam
513 505 628 567 nullam
649 505 756 586 habet,
779 505 835 567 sed
855 526 911 588 per
932 507 1057 568 modurn

125 588 266 672 suffragii
290 589 345 650 dat
365 589 527 652 animabus
549 590 772 651 remissionem.
1001 614 1003 619 ¹

209 672 265 733 Sil.
289 671 443 748 Quantum
457 672 498 732 ad
515 672 723 753 indulgentias
740 674 860 755 attinet,
873 692 957 763 papa
965 672 1059 735 habet

126 756 248 817 elavem
278 755 499 817 iurisdictionis
529 754 699 816 secundum
728 755 884 839 Sanctus,
906 763 1000 817 eham
1025 757 1057 817 in

125 839 339 921 purgatorium
362 839 560 918 applieatlve,
584 839 702 898 animas
724 845 827 900 tamen
849 859 869 900 a
884 838 989 901 debito
1003 857 1057 901 seu

125 929 215 983 reatu
238 940 410 1003 poenarum
433 941 497 983 non
520 921 664 999 absolvit,
690 921 745 983 sed
767 923 811 983 eis
835 921 1058 999 tribuit,.unde

125 1024 263 1087 poenam
287 1004 337 1065 vel
359 1003 496 1065 debitum
519 1004 651 1082 solvant,
675 1005 833 1085 applicans
857 1013 889 1067 et
903 1004 1059 1067 ‘adiiciam

127 1089 171 1150 cis
194 1087 440 1149 satisfactionem
463 1087 576 1148 Christi
599 1088 649 1148 vel
671 1087 811 1151 aliorum.
844 1112 855 1131 ν

209 1173 271 1249 27)
295 1170 382 1232 Mart.
405 1170 569 1232 Hominem
593 1171 791 1251 praedicant,
821 1161 872 1252 dui
894 1172 1002 1232 saum
1024 1177 1058 1232 ut

124 1255 225 1315 iactus
254 1273 397 1314 nummus
428 1254 592 1315 insistam
622 1255 771 1334 tinnierit,
805 1255 931 1316 evolare
952 1253 1057 1316 dieunt

125 1356 273 1397 ammam.

210 1419 266 1481 sil.
289 1418 503 1498 Praedicator,
538 1421 671 1480 unimam
705 1439 784 1500 quae
812 1421 844 1480 in
876 1421 1056 1504 purgatorio

125 1504 298 1582 detinetur,
329 1509 471 1563 mouens
499 1502 624 1564 evolare
646 1505 676 1563 iu
700 1523 738 1564 eo
761 1505 904 1582 instanti,
934 1505 965 1564 in
994 1520 1056 1584 qno

124 1605 219 1668 pvene
243 1585 359 1647 factum
381 1592 429 1646 est
449 1586 535 1664 illud,
557 1587 657 1666 gratia
678 1588 763 1647 cuius
785 1587 881 1667 plena
900 1585 1055 1647 veuiada·

125 1677 185 1747 tur,
208 1675 287 1749 puta
308 1667 449 1729 deiectus
472 1676 520 1730 est
541 1689 651 1730 aureus
673 1670 705 1729 io
726 1669 852 1750 pelvim,
873 1689 937 1731 non
959 1669 1056 1731 homi·

126 1772 209 1829 nem,
235 1751 429 1812 eadmerum
453 1759 484 1812 et
508 1753 691 1814 catholicam
711 1752 871 1814 veritatem
889 1752 1055 1834 praedicat,

126 1842 160 1897 tu
181 1853 259 1896 vero
284 1835 462 1914 oppositum
484 1834 707 1916 dogmatizans,
733 1836 759 1896 si
781 1836 982 1916 pertinaciam
1003 1839 1056 1896 ad·

126 1917 262 1997 dideris,
291 1916 363 1977 vide
384 1919 473 1978 iuxta
493 1918 669 1998 praedicta,
702 1918 774 1998 quid
804 1918 876 1980 inde
898 1919 1055 1994 merearis,

126 2001 244 2063 laetum
267 2005 300 2061 et
321 1999 492 2061 doctrinam
516 2008 642 2062 sanctae
655 2003 814 2063 Romanae
836 2000 989 2063 eccleciae
1011 2020 1055 2062 re·

127 2082 336 2166 prehendens.
386 2084 452 2144 Nec
474 2083 542 2164 plus
565 2091 613 2145 est
633 2083 881 2164 reprehensibilis
904 2083 1054 2145 declama·

126 2175 178 2228 tor
205 2168 252 2228 sic
280 2165 414 2244 doeens,
442 2186 533 2246 quam
565 2185 681 2246 coquus
703 2166 870 2227 fastidienti
892 2167 1054 2228 stomacho

126 2249 348 2310 substantiales
363 2249 449 2311 cibos
463 2250 704 2311 accidentalibus
715 2249 876 2330 saporibus
889 2268 1054 2314 exacuens.

212 2333 272 2409 28)
295 2333 383 2393 Mart.
405 2332 527 2393 Certum
552 2341 609 2414 est,
629 2352 754 2393 nummo
768 2334 799 2392 ln
816 2335 894 2394 cista
905 2333 1055 2394 tinniente

125 2416 235 2496 augeri
258 2423 419 2496 quaestum
444 2423 474 2475 et
495 2416 656 2476 avaritiam
677 2436 781 2496 posse,
804 2415 981 2496 suffragium
1003 2435 1055 2475 au-

126 2506 190 2560 tem
214 2499 366 2559 eeclesiae
389 2500 488 2558 estin
511 2500 636 2560 arbitrio
658 2499 715 2559 Dei
740 2500 845 2560 solius.

213 2580 266 2641 Sil.
290 2581 414 2643 Certum
437 2589 485 2641 est
507 2583 615 2662 etiam,
637 2583 786 2661 Martiae,
816 2583 907 2642 istem
929 2581 1053 2642 conclu·

126 2665 249 2725 sionem
273 2683 342 2725 esse
371 2663 603 2742 detractorium,
639 2671 671 2726 et
699 2667 756 2726 viri
783 2666 929 2746 ponentis
958 2684 993 2725 os
1021 2666 1052 2725 in

126 2747 263 2825 eoelum,
285 2766 345 2808 nec
365 2749 465 2808 minus
487 2756 601 2809 certum
626 2756 688 2828 est,
712 2768 874 2809 erroneum
897 2753 929 2808 et
949 2747 1053 2809 baere-

126 2832 221 2891 tioum
252 2837 300 2890 est
328 2829 447 2908 dicere,
477 2831 559 2910 quod
588 2839 729 2892 exstante
758 2831 932 2892 rationabili
960 2849 1054 2891 causa

125 2933 210 2995 papa
239 2932 302 2974 non
331 2920 435 2993 potest
455 2934 510 2994 pro
533 2915 693 2975 voluntate
714 2914 783 2995 plus
807 2921 838 2974 et
858 2915 958 2974 minus
980 2914 1053 2975 dare

126 2996 168 3056 de
190 2995 338 3076 suffragio
362 2997 451 3056 unius
474 2997 576 3076 alteri,
612 3018 681 3060 eum
704 2999 787 3058 Deus
818 2998 879 3058 hoc
900 2996 956 3056 eibi
981 3016 1052 3058 con·

126 3079 264 3140 cesserit.

213 3165 270 3236 29)
296 3162 384 3222 Mart.
408 3162 483 3236 Quis
506 3164 578 3241 scit,
608 3164 633 3224 si
656 3183 765 3224 omnes
787 3164 908 3223 animae
932 3163 963 3222 in
985 3183 1051 3243 pur·

168 3245 251 3305 torio
274 3244 391 3305 vellent
412 3245 538 3324 redimi,
562 3247 640 3306 sicut
662 3246 700 3306 de
722 3255 830 3307 sancto
851 3246 1000 3308 Severino
1023 3253 1055 3307 et

125 3265 269 3388 {lachah
291 3327 404 3388 factum
428 3337 576 3389 narratur.

211 3410 266 3471 sil.
290 3409 441 3489 Quicquid
466 3413 506 3472 sit
527 3411 566 3472 de
588 3413 725 3489 somniis,
749 3419 1051 3494 propterquaenun·

126 3514 219 3574 quam
243 3514 262 3552 a
284 3512 360 3553 sana
383 3493 524 3554 doctrina
546 3495 749 3556 recedendum
773 3503 830 3573 est,
851 3495 969 3555 Ductor
992 3495 1052 3554 An·

324 3637 553 3644 ..m—---—

182 3683 275 3808 ‘lflnt
287 3683 352 3738 edit.
372 3688 506 3753 principe,
528 3700 611 3753 quam
631 3686 784 3752 sequimur,
805 3683 922 3752 legitur:
941 3684 1051 3752 Opinio·

125 3771 191 3808 nem
223 3770 283 3807 aci.
