2356 4200
111 258 174 329 ὣς
453 256 581 327 Epistola
596 256 705 311 nuni

33 418 51 455 ⁸
115 429 229 491 dicium
249 428 358 506 defuit,
381 426 513 489 studium
536 446 600 489 non
619 426 715 488 deluit
730 426 916 489 demerendi
936 429 1047 509 magni·

115 511 252 575 tudinem
274 517 367 577 tuam.

201 594 254 657 sin
276 594 357 655 bene
379 594 493 669 cessit,
531 592 614 672 quod
637 593 705 653 ausi
726 611 850 673 sumus,
882 612 949 656 non
968 593 1047 656 uliud

108 677 212 741 'officii
233 677 405 758 praemium
417 676 583 757 poscimus,
607 676 666 735 nisi
685 681 720 735 ut
734 694 847 756 pergas
868 676 976 739 lavere
991 696 1048 739 nse

118 760 247 823 lioribus
270 760 380 835 literis,
401 759 461 819 iam
484 760 600 838 passim
623 778 678 838 per
699 765 837 820 nostram
863 756 896 841 ¹)
926 759 1047 839 Germa

117 845 199 905 niam
218 841 492 920 efflorescentibus,
516 842 701 921 atqnehanc
722 860 848 921 quoque
871 842 1047 924 laudisper·

118 934 180 987 tem
205 927 265 987 tuis
287 944 447 1001 asserere,
481 944 561 1004 quae
582 924 721 984 fortassis
743 943 806 985 non
830 925 935 986 minus
955 925 1048 1008 digni·

118 1011 191 1071 tatis
214 1010 254 1068 sit
275 1008 417 1083 allatura,
439 1008 488 1068 vel
501 1008 620 1087 patriae
630 1007 679 1066 vel
698 1007 888 1086 principibus
903 1008 1046 1088 ²),qnam

117 1092 269 1153 hactenus
291 1093 412 1170 peperit
433 1090 565 1151 bellicae
585 1091 630 1150 rei
652 1090 761 1170 gloria.
784 1089 832 1150 Ea
853 1091 1048 1154 felicitesnc

116 1175 164 1237 bis
186 1175 357 1253 continget,
379 1174 406 1233 si
428 1179 460 1233 et
480 1172 652 1253 principum
665 1172 840 1253 benignitas
862 1174 985 1237 fovebit
998 1194 1047 1256 op·

118 1256 440 1321 rimarumliterarum
464 1256 668 1335 professores,
690 1253 728 1315 ad
748 1257 896 1317 iuvenum
916 1258 1048 1338 ingenia

119 1359 200 1420 quae
221 1358 307 1435 spgnr
331 1357 392 1400 non
415 1339 577 1419 vulgarem
600 1339 639 1399 de
670 1358 704 1399 se
726 1337 876 1420 praebere
899 1340 1048 1419 videntur,

119 1430 151 1483 et
173 1430 322 1484 eutonius
344 1421 492 1489 adversus
514 1417 744 1504 μισομυύσους
765 1423 853 1501 istos,
877 1441 918 1483 ao
938 1424 1048 1485 vetaris

118 1507 258 1566 inscitiae
289 1503 502 1584 tyrannidem,
540 1506 644 1583 omnia
674 1523 830 1566 armorum
858 1505 889 1564 vi
918 1508 1048 1584 pertina-

118 1590 241 1649 cissime
264 1594 396 1663 tuentes,
418 1589 458 1647 sit
479 1588 569 1649 nobis
588 1585 752 1666 praesidio.
775 1586 858 1663 Quid
880 1589 965 1649 enim
988 1608 1047 1651 non

119 1671 287 1732 moliuntur
316 1670 423 1743 hostes
446 1670 551 1731 devoti
578 1669 729 1730 bonorum
754 1669 951 1731 studiorum?
975 1690 1048 1751 uuas

119 1773 182 1815 non
204 1753 358 1815 technas?
381 1771 456 1830 ques
480 1773 543 1814 non
558 1753 798 1833 sycophantias?
821 1772 900 1830 quas
923 1773 989 1815 non
1007 1756 1048 1815 in

119 1835 212 1897 sidias
237 1836 531 1897 comminiscuntur?
556 1835 665 1914 quibus
687 1855 750 1896 non
773 1836 924 1897 cuniculis
937 1856 1048 1898 conan-

120 1925 168 1980 tur
186 1916 362 1998 obrepere?
387 1936 462 1997 quas
485 1938 547 1981 non
570 1904 740 1980 admovent
761 1919 949 1980 machinas?
973 1938 1049 2000 quac

118 2021 181 2064 non
203 2001 267 2062 tela
288 1996 319 2061 in
334 2008 551 2081 nosterquent
570 2002 654 2062 letali
678 2021 799 2064 veneno
824 2002 944 2063 tincta?
972 2022 1048 2083 quaa

50 2156 53 2161 ξ
119 2082 334 2164 conspiratio?
357 2103 448 2163 quam
468 2093 584 2145 arctum
598 2086 678 2145 inter
698 2087 775 2146 istos
787 2084 899 2145 foedus
920 2084 961 2146 ad
980 2105 1048 2148 con·

119 2165 310 2248 ffigandas³)
324 2167 453 2227 literas?
477 2187 563 2246 quas,
586 2169 659 2253 quia
679 2168 843 2248 puerinon
866 2167 1047 2247 didicerunt

120 2249 216 2330 pudet
239 2269 329 2310 senes
360 2249 500 2330 discere,
534 2249 617 2329 quod
639 2249 670 2324 ⁴)
695 2252 814 2311 minore
842 2269 925 2330 pane
955 2271 1049 2332 opert

120 2332 239 2393 discere
262 2335 428 2411 potuerint,
453 2352 543 2412 quam
565 2335 756 2413 impugnant.
779 2331 878 2407 Quam
902 2334 954 2395 hic
979 2354 1048 2395 con·

119 2414 227 2477 cordes
250 2422 340 2489 sunt,
363 2417 414 2494 qui
436 2435 584 2495 nusquam
609 2418 820 2492 consentiunt,
844 2417 903 2476 nisi
925 2417 965 2478 ad
989 2418 1047 2478 lac

6 2553 10 2562 ,
118 2498 278 2559 dandum?
310 2517 401 2577 quam
434 2498 485 2557 hic
508 2499 623 2559 babent
645 2500 817 2579 ingenium,
846 2498 886 2559 ad
921 2501 1049 2563 meliora

119 2581 256 2663 stupidi?
279 2599 371 2658 quam
393 2581 444 2640 bic
461 2582 598 2662 vigilant,
618 2582 657 2642 ad
678 2580 758 2643 bene
772 2581 955 2643 merendum
973 2585 1048 2645 osci·

118 2664 267 2727 tabundi?

201 2746 348 2808 Prodiere
378 2766 475 2826 nuper
514 2746 743 2807 lucubrationes
773 2746 893 2827 aliquot
926 2748 1048 2810 Martini

118 2829 271 2906 Lutberii,
303 2830 454 2908 simulque
476 2849 580 2889 rumor
602 2829 712 2889 allatus
736 2837 799 2905 est,
820 2829 980 2891 hominem
1004 2852 1049 2892 su·

119 2930 176 2991 pra
192 2911 316 2973 modum
339 2914 461 2993 gravari
483 2914 648 2972 autoritate
670 2911 921 2973 reverendissimi
944 2914 1047 2975 Cardi-

121 2994 201 3053 nalis
224 2993 255 3054 S.
278 2993 372 3072 sixti,
403 2996 454 3074 qui
484 2995 564 3076 apud
593 2995 711 3057 Suevos
731 2995 864 3056 Romani
890 2996 1048 3058 Pontiiiois

119 3077 184 3156 agit
205 3076 352 3156 legatum.
374 3077 416 3138 Ut
436 3077 487 3137 hic
508 3079 647 3158 protinus
660 3077 859 3139 exsilierunt?
881 3085 916 3138 ut
935 3081 1048 3161 gestie·

117 3158 210 3219 runt?
233 3166 267 3218 ut
286 3161 385 3240 gavisi
407 3169 487 3238 sunt,
504 3163 710 3239 occasionem,
733 3167 766 3220 ut
785 3161 859 3240 ipsis
877 3163 980 3223 visum
993 3170 1049 3236 est,

119 3243 253 3303 maxime
284 3241 452 3322 optandam
474 3245 506 3316 ⁵)
541 3263 610 3303 esse
643 3243 746 3304 datam
774 3243 920 3304 laedendi
949 3244 1049 3306 bonas

117 3323 248 3385 literas?
269 3324 359 3399 Nam,
381 3326 466 3385 iuxta
488 3325 675 3387 Graecorum
698 3326 912 3406 proverbium,
935 3329 1049 3406 impro-

118 3405 164 3468 bis
185 3414 309 3487 praeter
332 3409 528 3469 occasionem
550 3409 625 3468 nihil
647 3409 756 3487 deest,
791 3427 870 3488 quae
901 3410 1050 3473 videlicet

170 3611 200 3674 1)
219 3611 251 3663 In
270 3611 313 3666 cd.
331 3612 391 3667 Jen.
417 3613 557 3666 additum:
584 3617 676 3669 etiam
714 3615 747 3678 2)
770 3614 874 3668 Ibidem
904 3615 1047 3669 additum:

114 3682 189 3749 ipsis.
209 3682 240 3743 3)
262 3682 382 3738 Ibidem:
401 3685 601 3755 profligendas.
622 3686 652 3750 4)
674 3685 757 3739 lbid.:
777 3701 848 3739 cnm.
874 3684 909 3754 5)
930 3686 1052 3742 lbidern:

116 3756 310 3823 opportunam.
1045 3794 1050 3805 .
