2356 4200
123 255 190 363 aab
411 328 416 336 -
449 303 451 307 ’
508 300 655 368 -narogus

120 469 311 549 pervenias
334 467 424 547 culpa
435 469 617 549 remittatur,
634 468 880 548 praedicatorem
894 472 1051 531 veniarum

128 552 271 613 docuisse
293 550 386 611 credo
407 551 533 631 nullum,
557 553 669 632 quippe
685 572 753 612 cum
773 553 864 614 etiam
878 553 1051 614 rudioribus

127 635 253 714 liqueat,
264 635 490 695 assecutionem
502 637 660 694 'veniarum
672 631 880 714 praeexige're
893 636 1051 716 culparum

127 718 339 795 abolitionem,
362 724 431 776 cum
451 717 540 778 huius
563 720 606 777 rei
628 719 841 799 gratia-etiam
864 720 970 780 rustici
996 738 1053 779 sua

128 801 256 861 crimina
275 800 437 860 fateantur.

176 916 179 921 ·
210 884 267 959 77)
292 883 378 942 Mart.
401 881 491 957 Quod
514 882 637 961 dicitur,
660 883 726 943 Nec
747 886 772 944 si
795 894 919 945 sauctus
942 887 1051 946 Petrus

129 965 223 1028 modo
247 985 328 1047 papa
351 973 447 1044 esset,
472 967 604 1026 maiores
627 968 740 1046 gratias
763 967 836 1028 dare
858 976 980 1048 posset,
997 977 1053 1030 ,est

128 1049 320 1129 blasphemia
341 1051 372 1108 iu
394 1056 533 1109 sanctum
555 1050 678 1109 Petrum
701 1057 732 1109 et
752 1070 875 1130 papam.

136 1193 140 1199 ,
175 1150 178 1159 ’
209 1132 262 1197 sil.
283 1131 350 1191 Etsi
372 1138 495 1191 sanctus
519 1132 625 1192 Petrus
648 1132 789 1192 credatur·
807 1135 942 1194 sanctior
954 1134 1051 1194 fuisse

123 1217 211 1277 omni
233 1222 305 1295 post
326 1215 426 1275 futuro
449 1213 596 1293 pontifice
618 1222 648 1274 et
669 1217 700 1274 in
716 1217 821 1296 gratiis
836 1216 1052 1296 personalibus

128 1299 299 1377 copiosior,
331 1304 477 1376 quantum
506 1305 607 1358 tamen
631 1300 740 1358 attinet
761 1299 800 1358 ad
823 1301 942 1359 clavem
963 1300 1051 1359 iuris-

126 1381 270 1441 dictionis
299 1388 331 1440 et
359 1381 488 1458 ordinis,
517 1399 680 1441 erroneum
703 1387 764 1460 est,
792 1402 832 1442 ne
861 1383 1052 1443 haereticum

127 1464 237 1542 dicam,
260 1463 362 1523 dicere
384 1463 520 1524 Leonem
542 1464 577 1523 X.
597 1464 688 1524 Petro
711 1467 810 1544 primo
835 1467 995 1544 minorem,
1019 1473 1053 1525 et

131 1556 194 1608 non
216 1564 310 1626 posse
331 1545 370 1607 de
390 1548 455 1605 iure
478 1565 677 1625 quaecunque
699 1548 752 1607 ille
772 1550 882 1628 potuit.

209 1630 266 1700 78)
292 1629 378 1689 Mart.
399 1629 536 1689 Dicimus
559 1637 675 1709 contra,
699 1630 782 1709 quod
805 1633 897 1691 etiam
920 1632 995 1708 iste,
1019 1637 1052 1692 et

127 1711 255 1793 quilibet
284 1732 367 1792 papa
397 1714 528 1772 maiores
556 1713 665 1790 habet,
697 1715 815 1773 scilicet
843 1712 1050 1794 evangelium,

123 1797 275 1874 virtutes,
297 1797 412 1875 gratias
435 1797 628 1856 curationum
650 1800 707 1857 etc.
732 1804 763 1856 ut
787 1800 813 1858 l.
837 1796 974 1859 Corinth.
999 1800 1050 1860 12.

210 1878 262 1939 Sil.
284 1877 404 1956 Timeo,
427 1897 466 1937 ne
488 1878 545 1938 Dei
568 1879 713 1939 iudicium
736 1899 828 1959 super
849 1888 934 1940 tuum
956 1887 1052 1959 eaput

126 1968 246 2042 portes,
280 1963 330 2040 qui
358 1980 414 2041 per
442 1963 573 2021 ironiam
600 1963 643 2022 ita
671 1963 805 2022 irrisorie
828 1963 962 2042 loqueris
986 1965 1052 2022 uui·

127 2063 219 2106 verso
242 2042 316 2104 ¹orbi
344 2044 383 2104 de
411 2051 497 2104 tauto
519 2045 678 2124 pontifice.
721 2046 845 2106 Utinam
870 2051 972 2105 autem
995 2045 1052 2107 tibi

126 2129 188 2189 sint
219 2127 292 2188 illae
326 2130 474 2207 virtutes,
515 2146 594 2206 quae
623 2130 654 2188 in
684 2128 810 2189 domino
834 2136 940 2190 nostro
963 2146 1053 2209 prae-

127 2210 276 2271 dicantur.

208 2297 265 2369 79)
296 2294 384 2353 Mart.
418 2294 527 2354 Dicere
555 2312 676 2353 crucem
707 2296 799 2353 armis
821 2293 984 2373 papalibus
1006 2295 1050 2353 in-

127 2377 253 2457 siguiter
274 2382 408 2436 erectam
431 2379 512 2436 cruci
535 2376 646 2436 Christi
669 2377 880 2456 aequivalere,
909 2375 1050 2456 blasphe-

126 2461 188 2518 mia
210 2467 266 2520 est.
922 2461 925 2466 ’

127 2577 145 2609 s
209 2541 347 2604 esttibi
368 2560 431 2601 non
454 2543 579 2602 credere
602 2545 744 2624 quoniam
758 2545 818 2602 iam
832 2545 932 2621 coepi,
948 2561 1049 2621 neque

126 2626 187 2687 hoc
208 2632 282 2705 puto
304 2624 342 2684 ab
365 2625 469 2703 aliquo
492 2627 650 2686 veniarum
668 2626 878 2686 declamatore
894 2625 1050 2704 praedica·

126 2718 190 2769 tum
211 2711 255 2768 ita
276 2708 368 2786 nude,
390 2715 424 2767 ut
444 2711 565 2785 recitas,
588 2728 773 2788 quamquam
795 2708 951 2788 quaelibet
973 2726 1048 2768 crux

125 2793 157 2851 in
194 2791 330 2872 qualibet
358 2794 487 2851 materia
513 2811 611 2870 aeque
639 2798 851 2872 repraesentet
878 2793 1044 2871 imaginem

125 2874 249 2952 Christi,
272 2883 303 2934 et
324 2882 422 2954 aeque
445 2875 604 2935 adoranda
627 2877 674 2953 sit,
697 2875 817 2935 seclusa
834 2876 954 2934 ratione
975 2892 1049 2935 oon·

124 2965 220 3037 tatus,
249 2957 288 3018 de
313 2977 374 3037 qua
406 2957 445 3018 ad
472 2977 619 3038 praesens
642 2958 799 3021 brevitatis
822 2959 922 3037 gratia
945 2976 1048 3038 super-

126 3040 232 3101 sedeo.
259 3056 267 3063 “

208 3125 267 3199 80)
301 3124 389 3185 Mart.
418 3125 582 3185 Rationem
611 3123 741 3184 reddent
768 3125 923 3203 episcopi,
953 3123 1049 3183 curati

126 3212 157 3267 et
178 3207 334 3287 theologi,
370 3209 419 3285 qui
450 3206 527 3267 talea
550 3226 708 3267 sermones
731 3208 761 3265 iu
784 3206 932 3286 populum
956 3205 1049 3266 licere

125 3292 235 3354 sinunt.
276 3313 278 3317 ⁷

208 3373 261 3434 sil.
284 3372 416 3451 Videris,
437 3374 584 3451 Martiae,
606 3373 689 3434 velle
712 3378 751 3432 te‘
765 3392 821 3452 per
842 3372 921 3432 haec
942 3371 1048 3432 iustiti-

126 3476 211 3534 care,
234 3459 322 3535 quasi
343 3464 427 3516 recte
449 3457 576 3532 leceris,
606 3455 797 3516 detrahendo
821 3456 919 3514 veniis
941 3463 1049 3516 contra

125 3547 322 3620 praeceptum
343 3539 460 3600 domiui
480 3540 575 3599 nostri
598 3559 708 3618 papae,
733 3549 762 3598 et
785 3520 976 3598 detrahendo
1000 3556 1048 3598 ve-

124 3623 243 3683 niarum
265 3622 545 3698 concionatoribus,
568 3629 599 3681 et
620 3621 759 3701 pontifici
776 3628 884 3682 contra
903 3638 1047 3700 praecep·

92 3776 94 3785 Ι
124 3711 187 3766 tum
211 3705 278 3784 Dei,
303 3706 359 3766 sed
379 3723 573 3785 nequaquam
597 3710 753 3785 proptera,
776 3703 859 3783 quod
882 3704 1046 3847 theologus

120 3788 179 3868 sis,
203 3789 291 3850 venis
305 3790 340 3850 in
362 3787 527 3869 praedictis
550 3787 762 3866 excusandus,
785 3787 841 3847 aed
861 3802 979 3868 argueu
1002 3803 1048 3863 us,
