2356 4200
414 594 709 693 Praefatio

302 764 350 860 ll.
379 760 553 861 Nicolai
579 762 812 861 Ansdorfii

86 934 421 1116 brothton
437 934 875 1118 annotante
888 935 1022 1118 sm

124 1117 202 1168 mco
225 1118 367 1169 sermons
388 1103 423 1169 in
443 1102 640 1254 Lastrtpffip,
656 1101 790 1186 quodam
810 1101 982 1187 Evangelii

180 1476 402 1566 Illustrissimis
424 1500 616 1584 Principibus
638 1523 676 1563 ac
695 1502 853 1585 Dominis,
883 1504 1017 1567 Domino

90 1585 231 1646 lohanni
254 1582 407 1647 Friderico
431 1584 594 1665 Secundo,
625 1587 761 1648 Domino
783 1588 917 1650 Johanni
945 1586 1021 1650 Wil·

89 1668 215 1749 helmo,
241 1675 272 1728 et
291 1668 427 1730 Domino
450 1668 587 1730 Johanni
607 1670 764 1731 Friderico
788 1672 889 1750 tertio,
912 1670 1021 1731 Fratri·

90 1753 166 1831 bus,
207 1749 339 1813 ducibus
371 1751 544 1833 saxoniae,
587 1753 790 1836 Landgraviis
822 1753 1020 1835 Thuringiae,

89 1834 322 1896 ldarchionibus
342 1834 482 1913 Misniae,
504 1836 646 1898 Dominis
669 1837 931 1899 clementissimis:
955 1856 1019 1898 om·

90 1919 183 1980 nibus
215 1925 377 1999 praetcrea
410 1917 592 1981 Christianis
625 1927 656 1981 et
689 1921 804 1982 sanctis
841 1927 907 1983 toto
931 1918 1018 1981 orbe

10 2048 12 2053 ,
92 2002 253 2084 dispersis.

177 2084 317 2147 Gratiam
338 2082 398 2165 dci,
419 2084 556 2147 roboret
578 2087 784 2146 constantiam
800 2107 856 2167 per
877 2087 1018 2168 spiritum

91 2175 235 2231 sanctum
258 2168 289 2230 in
312 2168 471 2249 agnitione
492 2168 617 2230 Domini
640 2169 737 2230 nostri
758 2169 833 2231 Jesu
854 2168 965 2231 Christi
988 2176 1020 2232 et

92 2253 276 2331 antichristi,
298 2260 331 2312 ut
353 2271 390 2313 ea
417 2253 448 2311 in
473 2252 561 2313 vobis
586 2251 724 2331 quotidie
752 2261 871 2314 crescat
894 2261 926 2315 et
946 2273 1018 2315 con-

93 2337 248 2414 firmetur,
280 2335 319 2395 ad
342 2335 473 2416 gloriam
496 2338 629 2396 nominis
662 2335 772 2417 divini,
809 2345 840 2399 et
865 2337 1018 2399 adverae

94 2421 250 2482 ecclesiae
271 2419 518 2480 consolationem
543 2426 574 2480 et
595 2419 736 2480 salutern.

180 2503 257 2564 Cum
293 2502 500 2583 superioribus
542 2503 631 2563 annis
665 2503 862 2565 Oelsitudinis
897 2512 1019 2565 vestrae

94 2607 226 2669 parens,
251 2585 408 2647 Saxoniae
429 2586 555 2646 Elector
587 2588 712 2666 piacet
738 2588 882 2648 laudatae
904 2606 1019 2648 memo-

95 2673 171 2751 riae,
193 2671 343 2731 Dominus
357 2689 443 2730 meus
466 2671 735 2749 clementissimus,
757 2692 813 2753 pro
838 2691 893 2731 sua
904 2672 1020 2751 pietate
1103 2718 1109 2729 ,

95 2774 173 2836 erga
212 2773 316 2814 veram
356 2753 520 2813 ecclesiam
556 2762 587 2813 et
627 2756 822 2815 necessariae
861 2754 1021 2815 doctrinae

96 2838 216 2917 studia,
270 2838 415 2916 raecipue
443 2838 474 2896 in
504 2837 584 2897 hanc
618 2856 722 2897 curam
751 2837 957 2916 incumberet,
989 2841 1022 2896 ut

96 2923 215 3002 scripta
264 2920 410 2981 everendi
431 2921 488 2980 viri
510 2921 601 2982 Doct.
613 2921 734 2980 Martini
748 2921 871 2981 Lutheri
888 2920 1021 2981 collecta

96 3007 128 3065 in
142 3005 243 3066 lucem
265 3004 438 3082 ederentur,
462 3022 570 3064 omnes
580 3004 623 3084 pii
642 3010 756 3067 certam
768 3024 855 3084 spem
868 3002 1021 3081 concipie-

95 3088 175 3149 bant
196 3087 281 3166 fore,
312 3093 345 3147 ut
366 3086 427 3147 hoc
447 3087 639 3167 praeclarum
662 3086 836 3167 depositum
865 3092 897 3146 et
919 3083 1023 3164 magni

95 3171 189 3254 pretii
212 3170 372 3231 thesaurus
385 3171 547 3231 universae
569 3170 722 3231 ecclesiae
734 3170 1022 3231 communicaretur.

96 3256 146 3316 Ac
158 3256 231 3316 vivo
253 3253 377 3334 quidem
400 3254 439 3314 D.
453 3254 585 3315 buthero
609 3253 670 3314 duo
693 3255 768 3314 tomi
781 3272 909 3332 operum
926 3249 1022 3330 ipsius

97 3341 182 3420 typis
210 3338 349 3419 expressi
370 3338 469 3417 fuere,
502 3356 632 3417 quorum
653 3337 824 3397 bonitatem
845 3335 888 3416 pii
909 3331 1022 3393 iudicio

96 3442 136 3483 ac
159 3422 338 3483 testimonio
353 3441 409 3482 suo
433 3441 496 3482 non
510 3420 609 3481 solum
622 3419 841 3501 approbarunt,
863 3415 918 3478 sed
930 3418 1022 3476 etiam

95 3506 289 3586 reliquorum
314 3505 485 3566 editionem
507 3504 684 3565 ardentibus
707 3503 787 3564 votis
810 3521 848 3562 ac
869 3506 935 3563 toto
953 3517 1022 3580 pec·

96 3598 168 3652 tore
198 3589 425 3670 expetiverunt.
469 3587 530 3650 Sed
563 3593 635 3668 post
671 3587 788 3648 obitum
822 3585 860 3646 D.
890 3582 1023 3663 Lutheri,

97 3694 169 3736 cum
193 3673 328 3734 ecclesia
348 3679 475 3754 propter
496 3677 627 3752 peccata
647 3676 753 3731 nostra
776 3678 808 3730 et
824 3674 1022 3749 tyrannorum

97 3758 263 3820 saevitiam
278 3758 406 3818 sentiret
427 3763 459 3817 et
480 3753 614 3817 dissidiis
637 3752 816 3839 dogmatum
829 3751 1029 3836 laceraretur,

765 3865 816 3938 1*
