2356 4200
329 294 482 352 murat·
498 295 744 367 adalgerum.
938 290 999 360 170

76 465 148 546 quid
175 465 256 526 solvi
284 473 388 548 potest
418 467 553 528 solutum
589 466 684 527 sitin
715 472 823 528 morte.
863 464 916 527 ‘lix
937 484 999 546 qno

75 548 165 610 simul
185 555 286 630 patet,
309 549 391 629 quod
413 550 562 630 graduum
585 557 616 610 et
634 548 739 630 legum
761 548 932 610 differentis
950 565 1000 610 so-

74 633 138 693 lum
151 649 245 713 super
259 634 395 694 viventes
410 633 478 708 etl)
505 651 598 694 sanos
617 631 805 714 intelligitur.
844 630 939 712 lgitur
949 650 999 693 ro

75 716 146 776 uiae
156 723 227 775 sunt
238 715 327 777 utiles
340 714 499 777 manifesta
513 716 694 792 criminosis,
710 712 893 793 virentibus,
905 716 999 794 sanis,

75 817 113 858 ao
136 796 346 878 validis,·,non
366 799 536 880 impeditis,
566 803 597 859 st
617 798 725 859 melios
748 815 840 878 agere
861 814 924 858 uon
945 815 998 859 vo

73 878 262 957 lentibus²).
304 880 362 942 llic
382 883 407 941 si
430 900 514 959 erro,
536 887 662 944 rerooat
683 899 747 956 ms,
769 881 821 960 qui
842 887 946 963 potest
967 887 998 941 et

78 963 190 1025 scierit.

157 1045 191 1107 Si
213 1052 314 1107 autem
330 1064 484 1126 ,quaerant
514 1048 540 1107 A
562 1045 673 1126 quibus
693 1064 768 1126 ergo
789 1047 898 1127 posuis
919 1046 999 1106 redi·
1122 1076 1126 1085 -

77 1136 199 1190 muntur
219 1129 350 1204 animae,
372 1130 420 1190 vel
442 1124 519 1209 quas
540 1130 696 1211 patiuntur
715 1131 747 1189 in
784 1130 951 1210 urgatorio,
973 1129 999 1189 si

77 1213 247 1272 canonicae
275 1212 349 1272 nihil
377 1211 570 1293 respondens
596 1149 781 1293 patiunturlJ
824 1211 922 1273 Dino:
966 1210 998 1272 si

76 1295 106 1354 id
129 1312 188 1374 ego
210 1295 330 1373 scirem,
352 1295 424 1375 quid
447 1295 632 1376 disputarem
649 1301 680 1356 et
695 1294 896 1374 quaererem?
929 1293 999 1377 ltlgo

76 1394 223 1437 nonaum
245 1383 307 1437 tam
330 1383 475 1459 expertus
497 1385 528 1437 st
549 1379 665 1456 sciens,
692 1376 765 1456 quid
795 1378 880 1438 Deus
906 1376 1000 1438 iaciat

77 1478 147 1519 cum
170 1458 329 1520 animabus
351 1462 515 1541 separatis,
538 1467 571 1521 ut
591 1459 634 1520 illi
658 1460 863 1540 copiosissimi
886 1461 999 1521 anima·

76 1561 144 1602 rum
165 1541 384 1622 redemptores,
407 1544 457 1623 qui
481 1545 586 1603 omnia
606 1541 685 1603 adso
707 1561 816 1603 secure
836 1543 1000 1623 pronunci-

77 1631 139 1704 ant,
161 1644 199 1685 ac
221 1625 245 1684 si
266 1624 356 1686 fuerit
377 1625 568 1706 impossibile
587 1643 644 1686 eos
664 1642 734 1685 ssae
755 1623 905 1689 homines.
940 1625 999 1687 Ao·

19 1762 22 1767 ,
77 1706 158 1768 cedit
181 1706 221 1767 ad
242 1705 461 1786 difficultatem,
484 1707 567 1788 quod
589 1715 660 1769 aunt
681 1707 842 1792 doctores,
873 1708 925 1788 qni
945 1727 999 1789 pu·

76 1795 143 1850 tent
162 1792 281 1850 animas
303 1791 375 1851 nilril
399 1790 438 1852 ab
459 1793 541 1870 igne,
563 1790 668 1851 sedin
692 1791 763 1870 igne
785 1791 998 1853 tautummodo

76 1874 159 2014 pati,
181 1880 213 1933 ιιι
234 1873 372 1954 altignis
395 1883 591 1951 contortor,
614 1873 668 1933 ssd
690 1892 796 1933 carcer
817 1874 998 1938 animarum.

91 1952 194 2017 dcirco
221 1961 253 2015 et
281 1955 330 2015 his
356 1955 512 2039 ingredior
540 1954 635 2017 multo
667 1956 802 2016 maxime
822 1954 946 2017 dubiam
968 1963 999 2018 st

77 2036 290 2117 disputabilem
313 2041 481 2117 materiam,
503 2038 626 2118 etquid
651 2056 743 2118 super
764 2038 802 2099 iis
820 2037 911 2100 rubus
932 2057 999 2120 per·

77 2121 222 2202 ceperim,
243 2121 384 2202 profero·
833 2152 838 2157 ·

284 2336 286 2341 ·
370 2317 584 2379 Conclusio
616 2316 708 2380 xlv.

159 2441 342 2525 lmpsrlecta
357 2446 472 2505 sanitas
484 2465 539 2505 seu
551 2444 662 2506 caritas
674 2445 811 2506 morituri
824 2446 999 2508 necessario

78 2544 184 2587 ascum
216 2527 273 2588 lert
303 2546 448 2609 magnum
474 2530 629 2607 timorem,
664 2535 812 2609 tantoque
840 2529 998 2610 maiorem,

77 2618 193 2690 quanto
216 2611 314 2671 minor
336 2611 425 2672 fuerit
444 2613 523 2692 ipsa.

141 2693 248 2754 ,Ραιει
269 2713 323 2775 per
344 2694 417 2754 illud
448 2693 597 2759 tlolran.
621 2694 655 2755 4:
689 2693 794 2755 Timor
814 2713 877 2755 nou
899 2701 947 2755 est
967 2695 997 2754 in
1036 2760 1041 2768 ,

78 2777 224 2855 caritate,
248 2776 385 2857 perlecta
407 2778 518 2837 caritas
539 2775 621 2837 foras
644 2777 735 2837 mittit
756 2779 905 2846 timorem,
927 2777 1000 2856 quia

77 2859 168 2919 timor
188 2877 323 2938 poenam
345 2858 446 2920 habet.
499 2859 594 2939 Igitur
614 2860 639 2918 si
662 2858 800 2939 periente
822 2859 934 2921 caritas
955 2858 998 2921 lo-

77 2959 128 3001 ras
152 2944 242 3002 mittit
264 2943 421 3018 timorem,
449 2942 655 3002 necessarium
677 2949 740 3021 est,
768 2949 801 3003 ut
819 2942 998 3023 imperfecta

78 3025 218 3085 timorem
238 3043 301 3085 non
322 3026 421 3085 mittat
437 3025 532 3101 lorus,
553 3043 591 3084 ac
613 3043 667 3104 per
687 3024 749 3084 lroc
768 3024 858 3087 timor
878 3025 998 3087 sitcum

77 3108 203 3168 caritate
224 3107 410 3189 imperfecta.
469 3106 529 3168 Sed
551 3106 602 3167 ubi
624 3115 671 3167 sat
692 3107 745 3167 illa
765 3106 901 3188 perlecta
923 3108 998 3168 cari·

76 3189 147 3250 tas?
167 3195 198 3251 st
221 3187 273 3273 (ut
294 3189 445 3270 digrediar
467 3189 639 3271 paululum)
665 3191 733 3272 quis
747 3191 875 3251 estsine
888 3191 998 3251 timore

78 3274 195 3353 mortis,
216 3273 336 3348 iudicii,
357 3272 488 3334 inferni?
539 3271 618 3333 Nam
639 3273 671 3333 iu
693 3272 816 3333 homins
838 3281 997 3353 quantum·

78 3373 200 3434 cunque
232 3362 340 3416 sancto
373 3356 519 3436 reliquiae
545 3363 617 3416 sunt
637 3356 795 3416 vetustatis
817 3361 847 3417 et
868 3356 997 3436 peccati,

76 3446 109 3497 st
129 3457 190 3499 uon
208 3446 338 3519 possunt
353 3437 406 3499 lilii
419 3438 515 3501 Israel
531 3440 563 3499 iu
578 3438 639 3500 hoc
651 3444 789 3519 tempore
801 3437 997 3518 lebusaeum,

77 3520 286 3598 Onnanasum,
305 3529 337 3581 et
356 3521 488 3601 reliquas
506 3527 614 3602 gentes
627 3522 749 3603 penitus
760 3519 871 3598 delere,
893 3529 996 3584 meast

134 3783 208 3852 1)1u
228 3784 271 3839 ed.
289 3785 349 3839 len.
369 3783 462 3838 deest:
483 3721 534 3839 ιιιι
554 3783 588 3849 3)
608 3782 694 3839 ibid:
723 3783 890 3841 ualentibus.
912 3810 915 3817 v
976 3833 987 3851 ,,
