2356 4200
360 295 397 352 su
415 294 487 352 mn.
506 296 537 352 r.
558 294 624 350 snv.
643 296 793 352 summa.
1004 288 1045 356 tl

131 464 243 547 dicere,
265 485 304 529 eo
327 466 410 548 quod
432 487 524 548 supra
537 467 702 548 posuerim,
724 466 961 546 perlectissimos
975 484 1049 527 oon·

130 552 217 630 sequi
238 552 355 629 venies,
377 551 427 612 hia
448 558 550 612 autem
566 570 640 611 vere
656 551 860 630 poenitentes,
883 550 1048 627 quitamen

129 635 228 694 minus
250 636 309 694 rari
332 642 411 695 sunt.
1076 648 1078 653 ’

209 716 414 796 Respondent
438 719 534 778 Recte
551 718 687 796 fecisses,
709 718 735 776 si
756 735 841 776 meos
864 716 1050 794 propositio·

128 816 183 860 nes
205 801 337 860 intactas
360 802 547 880 reliquisses,
589 801 635 860 Tu
656 799 775 860 incedis
801 797 840 859 ad
861 798 1048 876 aquilonem,

128 894 159 943 et
181 881 256 943 illae
277 882 315 943 ad
339 891 490 962 austrum,
523 883 603 944 adeo
626 883 772 944 convenit
791 881 846 943 tibi
869 900 938 941 oum
961 881 1049 942 intel-

127 964 258 1046 ligentia
278 985 392 1031 earum.
435 967 480 1027 Tu
503 967 599 1027 audes
622 967 763 1047 egregie,
785 967 827 1026 mi
849 964 953 1043 Pater,
982 983 1049 1042 per·

126 1048 312 1108 festissimos
334 1049 509 1111 discernere
531 1071 549 1110 n
570 1069 643 1110 vere
664 1047 910 1129 poenitentibus,
938 1047 1051 1108 deinde

126 1129 210 1211 quod
246 1131 405 1192 absurdius
442 1139 502 1212 est,
535 1135 729 1213 poenitentes
750 1139 792 1204 ‚et
822 1133 941 1192 attritos
973 1131 1049 1190 facis

126 1214 267 1292 eosdem,
288 1217 345 1274 nisi
369 1215 489 1276 obicem
510 1225 637 1296 ponant.

121 1296 124 1303 ’
209 1297 272 1357 Ista
293 1296 441 1378 figmenta
464 1298 560 1361 obicis
584 1307 615 1358 et
634 1300 800 1359 attritionis
822 1316 915 1378 supra
928 1315 1051 1375 qunque

124 1381 237 1459 reieci,
264 1387 295 1440 et
322 1399 404 1440 nuno
433 1383 548 1442 reticio.
590 1381 733 1442 Humana
765 1389 836 1442 sunt
862 1384 1047 1457 commenta,

124 1482 225 1543 nuper
258 1464 398 1542 inventa,
434 1467 500 1525 sine
538 1466 705 1525 autoritate
748 1465 811 1525 ulla
850 1472 882 1524 at
920 1464 1050 1523 ratione.

123 1545 287 1607 Neminem
326 1549 466 1626 poenitet
498 1549 580 1608 vitae
618 1566 709 1622 suae,
749 1549 807 1607 nisi
845 1547 944 1627 gratia
977 1544 1051 1608 fidoi

122 1638 346 1710 praeventum,
391 1637 424 1689 ut
460 1637 546 1691 tenet
592 1650 652 1690 una
685 1631 839 1691 sententia
871 1630 965 1689 totius
1004 1647 1052 1688 ec·

124 1712 250 1772 etesiae.
294 1711 374 1787 Quid
395 1714 469 1773 mihi
491 1733 565 1794 ergo
588 1714 626 1773 de
648 1712 756 1774 fictitia
775 1713 829 1772 illa
849 1713 1071 1792 poenitentia,

125 1802 275 1875 qnamtu
298 1797 485 1856 attritionem
508 1796 620 1877 fingis?
643 1796 708 1856 Nec
730 1803 777 1856 est
798 1796 878 1855 ullus
900 1803 961 1854 tam
984 1814 1051 1875 pcr-

123 1877 226 1938 fcctus
246 1879 278 1936 in
299 1877 359 1937 hac
380 1882 461 1957 vita,
498 1882 547 1958 qni
578 1897 641 1939 non
672 1886 763 1959 egeat
784 1879 988 1958 poenitentia,
1021 1883 1055 1936 ut

123 1959 321 2039 supradixi,
350 1969 382 2020 tu
412 1969 514 2022 autem
536 1964 758 2041 poenitentiam
781 1971 869 2021 extra
890 1961 1052 2020 ecclesiam

121 2043 240 2103 videris
261 2062 395 2122 ponere,
428 2047 508 2105 inter
540 2047 660 2105 attritos
693 2045 858 2120 duntaxat,
889 2041 973 2121 quod
1007 2048 1054 2101 est

125 2124 256 2186 evidens
279 2144 373 2187 error.

210 2208 258 2268 Ad
282 2211 466 2270 tricesimam
489 2209 671 2286 secundam,
702 2209 751 2270 ubi
783 2228 841 2290 ego
876 2208 982 2284 docui,
1012 2220 1053 2267 n‘e

125 2291 205 2351 ullus
229 2289 338 2352 fideret
358 2294 388 2351 in
411 2293 514 2352 literas
536 2294 712 2370 veniarum,
742 2294 854 2371 quippe
877 2310 945 2351 oum
968 2290 1051 2350 dicat

127 2375 294 2453 scriptura:
337 2375 519 2436 Maledictus
553 2377 603 2455 qui
626 2374 753 2436 confidit
783 2377 815 2435 in
844 2375 987 2451 homins,
1021 2382 1052 2433 tu

127 2459 308 2517 acutissime
331 2459 440 2517 volens
470 2479 562 2518 unum
590 2459 705 2519 malum
728 2460 851 2517 vincere
872 2458 996 2537 gemino
1021 2462 1052 2515 te

126 2539 241 2620 perdis.
265 2541 398 2599 Primum
420 2541 520 2601 fatuos
539 2560 595 2602 eos
608 2543 730 2619 asseris,
753 2542 886 2619 quisine
907 2538 1051 2619 operibus

126 2622 217 2684 bonis
239 2630 321 2682 tutos
344 2643 378 2683 se
399 2633 517 2703 putant.

211 2704 291 2779 Quid
313 2726 387 2786 ergo
412 2707 647 2786 supradixisti,
682 2706 764 2785 quod
795 2707 918 2781 attritus
944 2723 1051 2765 conse·

130 2807 229 2868 quens
252 2798 478 2850 sacramentum
503 2797 534 2850 et
553 2789 760 2869 indulgentias
779 2789 926 2866 evolaret,
950 2789 975 2847 si
988 2806 1052 2847 mo·

125 2878 260 2948 reretur,
293 2891 363 2930 oum
385 2873 455 2932 talis
478 2874 602 2932 omniun
626 2874 665 2930 sit
686 2874 752 2930 sine
774 2872 865 2932 bonis
887 2870 1052 2950 operibus?

125 2953 248 3014 Deinde
269 2955 382 3014 videris
404 2955 575 3033 admittere,
598 2955 680 3032 quod
704 2973 772 3014 cum
794 2954 883 3015 bonis
905 2953 1051 3032 operibns

125 3038 249 3117 possint
270 3056 339 3097 esse
362 3039 428 3110 tuti,
452 3038 512 3098 hoc
535 3037 701 3098 secundum
725 3044 756 3096 te
772 3037 974 3096 Christianum
994 3042 1050 3106 est,
1155 3071 1161 3079 ·

126 3119 295 3180 secundum
322 3121 527 3200 Augustinum
561 3132 592 3180 ct
612 3120 740 3179 Paulum
768 3120 968 3200 Pelagianum
994 3125 1051 3196 est,

126 3221 196 3263 oum
220 3203 293 3262 talia
315 3222 411 3282 opera
431 3223 539 3264 revera
561 3202 645 3264 nulla
667 3204 741 3281 sint,
771 3202 880 3280 quibus
902 3202 958 3262 tuti
981 3220 1051 3260 esse

126 3304 309 3366 possumus,
338 3286 393 3346 sed
415 3286 498 3346 nuda
521 3285 731 3347 misericordia
755 3285 833 3345 salvi
862 3285 990 3360 erimus,
1020 3292 1053 3343 ut

126 3368 298 3447 Apostolus
320 3369 379 3428 Tit.
402 3371 437 3433 3:
480 3369 550 3429 Non
574 3388 613 3428 ex
636 3369 778 3449 operibus
801 3369 948 3445 iustitias,
971 3384 1051 3444 qnae
1087 3428 1093 3437 ,

124 3450 255 3512 fecimus
293 3471 365 3529 nos,
402 3452 455 3512 sed
489 3452 657 3512 secundum
687 3450 928 3511 misericordiam
963 3468 1050 3510 suam

127 3533 232 3594 salvos
261 3553 318 3594 nos
348 3534 428 3595 tecit.
478 3536 523 3595 lta
552 3542 583 3594 et
611 3533 700 3595 alibi:
734 3535 803 3595 sola
829 3533 906 3594 fides
936 3534 1051 3593 iustitia

127 3616 284 3698 gloriatur.
1041 3648 1045 3659 ·

212 3699 404 3776 Secundum,
443 3701 492 3780 qui
524 3720 598 3762 vero
628 3721 667 3760 ex
699 3700 848 3780 spirituali
885 3699 1051 3760 commodo

129 3782 282 3844 eiusmodi
305 3783 459 3844 literarum
483 3784 660 3864 concipiunt
688 3783 906 3862 spammetius
928 3781 1053 3843 visendi
