2356 4200
121 283 187 349 Μ
221 297 293 345 .²·-›=
329 297 344 343 2¹
371 285 849 354 &maerensmaerens-a
872 296 896 339 ἔ.
947 298 951 339 !

124 454 208 521 cuius
229 455 410 534 paacletir‘
428 502 432 509 .
452 453 571 516 Eodem
594 456 658 517 fere
680 462 818 536 tempore
839 454 896 515 lsas
915 454 1046 517 Resolut

123 538 223 605 tione
258 538 454 619 typographo
491 537 652 599 tradidisse
687 538 806 599 videtur
840 536 1048 614 excudendas,

124 620 177 682 sed
201 622 325 701 segnius
349 640 439 700 quarn
463 622 536 701 ipse
569 621 770 700 exspectabat
793 622 854 682 hoc
880 640 959 700 opus
981 640 1046 700 per·

123 702 294 782 liciebatur,
312 705 416 784 itaque
437 704 487 764 die
507 703 549 764 X.
576 705 642 780 (vel
652 705 735 774 XV.)
766 705 838 784 [pro
851 703 901 765 die
925 707 963 767 12
977 703 1046 765 Fra»

124 787 284 868 trumleg.
307 797 372 848 aut:
396 788 447 848 dic
469 791 486 850 i
510 788 605 848 Fratr.
628 787 727 848 1th.
750 797 833 847 eut:·
853 787 940 848 divis.
964 787 1046 866 Apo·

123 870 288 949 stolorum]
316 873 430 931 mensis
452 870 524 931 Julii
547 870 733 932 Wenceslao
755 871 866 948 Linea,
897 869 1045 950 theologo

124 959 155 1017 et
176 954 376 1019 ecclesiastae
393 955 570 1015 monasterii
598 954 800 1015 Eremitarum
821 952 1046 1032 Nurmbergen·

124 1036 211 1114 num,
233 1037 311 1096 haec
333 1037 450 1099 scribit:
487 1037 657 1113 „Misissem
687 1037 887 1116 probationes
910 1055 1044 1097 mearum

123 1118 323 1200 positionum,
345 1118 399 1180 sed
412 1128 473 1188 tam
487 1121 590 1200 segnis
612 1127 659 1180 est
671 1127 776 1181 noster
791 1119 1045 1199 chalcographus,

124 1210 208 1269 utet
235 1203 397 1282 ipsemire
420 1203 626 1264 discrucians
652 1203 815 1264 diletione:
852 1210 924 1263 sunt
951 1203 1045 1265 ferme

126 1287 163 1351 18
185 1285 401 1347 conclusiones
424 1286 601 1363 absolutae,
636 1305 712 1365 quas
747 1287 863 1347 tentavi
894 1293 928 1346 ut
949 1288 1045 1346 mitte

124 1370 221 1432 rem.“
264 1367 367 1430 Medio
390 1369 515 1429 tandem
542 1389 648 1431 mense
670 1371 811 1449 Angusto
839 1369 1046 1430 resolutiones

125 1453 205 1531 typis
225 1461 317 1512 eraut
337 1453 518 1531 confectae,
545 1472 652 1532 parum
675 1461 778 1513 tamen
800 1454 963 1530 correctis,
992 1453 1045 1512 ite

124 1553 184 1614 que
213 1554 268 1614 per
289 1534 480 1615 Spalatinum
509 1538 639 1615 principi
659 1536 815 1597 Friderico
844 1555 897 1597 eas
926 1535 957 1599 d.
978 1534 1045 1597 xx1

124 1638 163 1680 m.
186 1618 317 1698 Augusti
345 1621 469 1680 mittens
500 1619 578 1681 haec
600 1620 720 1681 scribit:
755 1619 864 1697 „Mitto
885 1619 1046 1679 resolutio·

124 1720 185 1764 aas
202 1721 338 1762 mearum
360 1694 622 1781 propositionum,
652 1703 705 1762 sed
728 1702 878 1762 mendose
901 1721 1045 1763 excuses:

123 1785 169 1856 its
191 1784 289 1844 obluit
309 1805 380 1856 mea
400 1786 559 1864 eliquanto
579 1785 750 1846 absentia.“

207 1866 356 1928 Lutherus
388 1869 419 1928 in
446 1869 493 1928 his
512 1868 753 1935 resolutionibus
779 1867 916 1948 singulas
944 1867 1045 1927 theses

123 1952 302 2031 propositas·
321 1952 363 2011 ita
385 1951 562 2030 distinguit,
585 1960 618 2011 ut
640 1953 803 2031 plerasque
819 1970 876 2030 pro
898 1952 980 2011 veris
1001 1969 1045 2010 aa·

125 2041 222 2113 serat,
251 2033 398 2113 quasdam
424 2054 496 2095 vero
519 2054 581 2095 non
615 2037 673 2095 nisi
695 2035 870 2114 probabiles
893 2038 925 2096 et
945 2032 1045 2113 dispu-

123 2117 243 2194 tabiles,
265 2116 397 2196 ideoque
421 2120 617 2197 pertinaciter
638 2138 701 2178 non
715 2117 925 2179 defendendas
947 2116 1044 2178 decla
1093 2113 1096 2121 ’

122 2208 186 2277 ret,
222 2203 349 2261 omnino
371 2208 472 2261 autem
496 2202 557 2262 hoc
579 2208 706 2262 tractatu
730 2220 881 2261 summam
903 2200 1044 2260 cruditio-

123 2303 205 2362 nem,
228 2285 385 2363 pieta-tem,
408 2285 502 2346 animi
523 2285 761 2365 generositatem
778 2284 938 2364 praestitit,
962 2300 1044 2361 „eas
1077 2303 1080 2308 ·

124 2385 199 2445 que,
229 2365 466 2428 Secherrdorlius
499 2368 597 2447 inquit
625 2369 654 2427 in
684 2368 798 2428 Histor.
838 2366 1001 2426 Lutheran.
1022 2365 1044 2443 l,

122 2470 153 2530 p·
176 2453 226 2525 37,
249 2451 274 2510 si
297 2450 413 2529 absque
428 2452 711 2530 praeoccupatione
733 2450 992 2527 considerassent,
1014 2450 1042 2508 in

123 2540 223 2595 tentas
245 2534 305 2592 ires
328 2553 389 2594 non
414 2536 621 2594 exarsissent‘
648 2535 701 2610 (ci.
725 2534 857 2593 Walchii
879 2533 993 2596 introd.
1014 2533 1043 2592 in

123 2615 155 2677 T.
189 2616 286 2677 XVlll
316 2617 392 2696 Opp.
420 2617 507 2678 Luth.
544 2637 573 2696 p.
605 2619 642 2679 41
677 2629 752 2696 sbi·
797 2616 899 2676 Etiam
921 2615 1042 2677 Lutheri

122 2699 289 2760 adversarii
310 2700 491 2780 profitentur
514 2720 581 2760 eum
605 2699 651 2760 his
679 2699 913 2778 probationibus
937 2699 1043 2759 multo-

123 2803 188 2843 rum
210 2783 458 2844 benevolentiam
482 2783 539 2843 sibi
571 2786 819 2862 comparavisse,
848 2803 918 2842 riam
941 2783 1043 2868 bieim-

122 2865 246 2945 burgius
269 2866 388 2927 Jesuita
408 2868 440 2926 in
460 2866 816 2927 historiaLutheranismi
839 2865 916 2926 haec
938 2865 1042 2926 tradit:

123 2949 227 3027 „Haec
251 2948 392 3032 (Lutheri
414 2951 445 3008 in
469 2949 604 3010 thesibus
626 2951 688 3008 suis
702 2948 869 3028 probandis
892 2967 929 3008 ac
951 2947 1042 3010 recol

123 3031 230 3092 vendis
252 3031 405 3112 exhibita)
432 3032 593 3093 methodus
609 3033 772 3092 multorum
796 3032 1043 3092 benevolentiam

124 3123 155 3176 et
181 3115 435 3194 approbationem
465 3117 493 3175 ei
521 3115 698 3175 conciliavit
720 3115 931 3191 credentium,
964 3115 1044 3176 bons

123 3197 184 3261 lide
217 3199 254 3259 ah
278 3218 315 3258 eo
345 3201 394 3278 agi
418 3218 476 3258 nec
503 3198 584 3258 aliud
621 3218 710 3277 quam
740 3200 901 3258 veritatem
930 3199 1044 3277 quaeri,

122 3282 204 3351 unde
225 3282 263 3344 ab
287 3282 485 3365 adversariis,
508 3301 635 3361 quorum
658 3283 780 3343 fraudes
805 3289 836 3341 et
857 3280 971 3342 abusus
994 3282 1043 3342 de-

124 3372 251 3443 texerat,
272 3366 383 3424 iniuste
407 3385 462 3444 pro
474 3365 629 3428 haeretico
653 3386 721 3427 eum
746 3364 850 3424 baberi
873 3365 1042 3444 putabant*

126 3448 296 3528 (Sechend.
318 3449 393 3510 ilist.
417 3448 503 3508 Luth.
528 3451 547 3525 l,
569 3470 599 3528 p.
618 3451 688 3521 28).
733 3448 801 3523 Qua
823 3446 959 3526 deniqne
981 3455 1041 3508 tum

123 3533 212 3593 luerit
239 3532 389 3592 Luthcrus
419 3533 591 3593 reverentia
623 3533 652 3591 in
684 3532 817 3610 Papam,
852 3537 984 3610 apparet
1006 3551 1044 3592 ex

123 3616 233 3692 literis,
257 3633 333 3693 quas
355 3635 415 3674 une
437 3634 505 3674 eum
528 3615 767 3675 resolutionibus
791 3614 829 3673 ad
854 3615 992 3675 hcorrem
1014 3612 1044 3676 X

123 3699 217 3763 dedit.

146 3806 161 3825 ,·
202 3781 236 3849 In
260 3779 417 3848 reddendo
440 3787 525 3841 textu
548 3780 772 3843 resolutionem
800 3799 857 3840 nos
881 3781 980 3842 secuti
997 3799 1044 3841 su·
