2356 4200
291 94 305 141 l

391 285 394 291 “
429 285 458 340 F.
479 285 612 349 Iohannis
627 280 752 349 letaniis
994 283 1056 351 303

131 451 167 513 tis
199 451 396 533 accipiuntur
411 522 415 529 ,
428 454 610 536 plerumque
646 454 788 515 meritum
814 461 850 517 et
877 457 1054 519 meritorum

132 534 327 617 magnitudo,
350 532 448 618 magis
470 557 544 620 ergo
569 543 702 597 meretur
723 538 846 616 venias,
869 540 981 619 quiex
1003 558 1055 601 ne·

131 619 273 683 senariis
300 618 375 691 fauit
401 639 493 701 quam
515 618 685 701 superfluis.
728 619 818 691 Unde
840 620 963 702 moene,
994 622 1055 683 hoc

130 699 224 769 modo
243 752 249 760 .
266 703 414 766 merendo
447 703 582 784 aliquem
614 721 764 785 peccare,
807 711 856 767 est
893 704 1056 786 dupliciter

130 803 242 847 errare.

211 869 273 946 79)
298 867 446 944 Quamvis
468 869 626 932 veniarum
647 868 820 950 redemptio
840 887 903 931 uon
915 869 1054 951 sitprae·

131 956 236 1031 cepta,
273 958 322 1013 est
357 959 461 1014 tamen
497 951 657 1034 egentibus
690 951 729 1021 de
759 954 876 1034 optimo
912 952 1054 1019 consilio.

131 1031 278 1113 Quisquis
300 1054 376 1116 ergo
398 1055 494 1104 unum
515 1035 606 1114 dicit,
628 1043 659 1097 et
680 1034 763 1097 aliud
786 1042 883 1114 tacet,
904 1034 1054 1117 populum

130 1115 251 1179 seducit
271 1124 305 1181 et
327 1125 417 1187 errat.

212 1201 273 1277 80)
299 1199 389 1276 Quod
411 1201 474 1263 Leo
503 1221 559 1282 pro
581 1220 717 1282 persona
735 1201 806 1282 plus
829 1207 921 1284 egeat
942 1203 1053 1265 oratio·
1076 1246 1079 1250 ⁴

129 1283 192 1362 uis,
222 1301 317 1363 quem
337 1285 410 1363 alii,
438 1290 487 1349 est
509 1284 667 1362 divinare,
689 1283 745 1345 sed
766 1304 823 1365 pro
844 1305 928 1367 papa
948 1284 1054 1346 Leone

130 1372 271 1426 tenemur
302 1387 342 1428 ex
371 1366 476 1431 debito
504 1367 581 1449 legis
599 1374 727 1431 naturae
750 1367 903 1439 humanae
926 1375 958 1431 et
978 1368 1053 1430 divi-

130 1467 188 1511 nae
210 1468 311 1514 orare.

211 1529 272 1614 81)
298 1531 435 1613 Cumque
456 1532 487 1593 id
509 1535 548 1595 sit
570 1534 775 1613 necessitatis,
798 1535 849 1614 qui
872 1533 946 1596 dicit
960 1553 1052 1616 prop·

130 1620 175 1676 ter
195 1615 261 1679 hoc
283 1614 357 1677 dare
376 1622 522 1697 oportere
544 1635 656 1696 papam
677 1615 897 1698 indulgentias,
921 1624 1010 1679 errat.

199 1695 273 1783 82)
296 1699 361 1761 Nisi
383 1697 475 1780 lidos,
497 1699 642 1774 devotio,
665 1700 728 1761 imo
750 1697 863 1761 fiducia
882 1699 923 1763 ad
945 1701 1052 1763 venias

129 1779 317 1860 habeantur,
339 1781 416 1843 nihil
438 1788 583 1862 prosunt,
605 1790 637 1843 et
657 1788 728 1843 sunt
748 1781 870 1845 inutiles
893 1782 1052 1865 indulgen-

130 1863 202 1927 tiae.
247 1863 392 1945 Quisquis
415 1867 600 1927 contrarium
623 1864 712 1945 dicit,
733 1866 868 1946 pessime
889 1873 979 1929 errat.

212 1943 272 2028 83)
296 1946 390 2027 Oum,
423 1967 502 2027 quae
523 1967 579 2029 pro
602 1949 700 2009 veniis
723 1947 778 2011 sub
799 1948 905 2009 Leone
927 1951 1051 2031 exigun-

129 2031 271 2107 tur,*sint
293 2031 419 2095 minima
439 2037 582 2113 respectu
598 2030 888 2111 praedecessorum:
912 2033 963 2176 gui
976 2051 1050 2115 ergo

129 2131 199 2173 eum
222 2131 334 2192 carne,
356 2120 426 2174 cute
448 2119 480 2175 et
501 2113 621 2175 ossibus
643 2115 747 2175 ovium
770 2132 892 2174 suarum
937 2161 945 2178 .
968 2114 1050 2179 Petri

128 2195 294 2259 Basilicam
315 2195 480 2258 aedificare
501 2196 606 2277 fingit,
628 2198 722 2277 impie
744 2203 834 2260 errat.

210 2278 270 2358 84)
294 2279 432 2341 Facienti
454 2280 537 2359 quod
558 2280 588 2339 in
604 2299 648 2344 ‚se
670 2286 727 2358 est,
750 2286 781 2340 et
801 2280 887 2340 iuxta
909 2285 1049 2341 tenorem

127 2361 295 2440 Bullarum,
317 2362 407 2422 utiles
429 2368 500 2423 sunt
519 2362 748 2443 indulgentiae,
770 2364 963 2441 quantumvis
977 2383 1048 2425 con-

127 2446 228 2526 tingat
251 2444 457 2526 oblatrantes,
479 2465 591 2507 errare.
634 2445 744 2506 Dicere
767 2465 851 2527 ergo,

210 2528 269 2604 85)
295 2528 415 2589 Vanam
443 2547 519 2596 ,esse
547 2528 653 2590 salutis
675 2527 835 2609 fiduciam,
867 2548 923 2609 per
944 2527 1048 2593 literas

126 2611 304 2689 veniarum,
327 2612 445 2672 etiamsi
468 2631 550 2692 papa
571 2613 704 2671 animam
727 2630 813 2672 suam
835 2630 891 2693 pro
913 2612 973 2672 illis
995 2615 1049 2674 im-

126 2694 317 2774 pignoraret,
340 2700 387 2754 est
408 2695 586 2764 foedissime
603 2713 714 2757 errare.

209 2777 270 2854 86)
296 2776 328 2838 Si
349 2783 453 2857 potest
474 2778 617 2839 minimus
637 2779 815 2858 episcopus,
839 2776 910 2837 dmm
932 2777 983 2841 vel
1004 2780 1047 2860 ip-

125 2865 227 2921 semet
258 2859 436 2939 praedicare
464 2861 545 2939 vult,
581 2859 631 2921 vel
660 2864 732 2923 ante
753 2879 788 2920 se
808 2859 910 2921 facere
930 2861 1049 2943 praedi-

127 2943 200 3020 cari,
224 2941 292 3002 aliis
315 2943 470 3003 silentium
491 2945 661 3024 imperare,

208 3024 268 3099 87)
291 3025 404 3086 Dicere
432 3045 546 3107 papam
575 3045 645 3088 esse
666 3026 787 3087 hostem
809 3027 923 3106 crucis,
962 3029 987 3086 si
1010 3029 1047 3089 si-

123 3106 191 3171 mili
224 3106 320 3169 modo
355 3108 430 3170 velit
451 3109 600 3172 lubileum
634 3108 806 3190 publicare,
840 3115 888 3170 est
912 3111 1047 3190 pessime

124 3208 238 3253 errare.
934 3200 947 3219 ²

209 3272 268 3351 88)
293 3272 325 3335 Si
347 3273 529 3336 Sanctorum
540 3274 746 3356 Legendaein
758 3293 864 3335 eorum
881 3275 1047 3357 festispos-

124 3361 198 3416 sunt
219 3355 342 3436 longius
365 3357 529 3439 evangelio
553 3358 670 3436 absque
690 3359 801 3419 iniuria
822 3359 960 3438 recitari,
993 3379 1046 3441 po·

127 3445 191 3501 test
212 3439 341 3505 recitato
371 3460 448 3501 evan
472 3440 533 3502 elio
557 3441 688 3521 aequale
709 3441 760 3503 vel
781 3440 903 3522 longius
926 3449 1047 3523 tempus

122 3521 156 3581 in
179 3522 279 3583 veniis
299 3460 493 3601 publicanlis
515 3525 695 3586 continuari.
729 3523 921 3586 Contrarium
933 3524 1046 3606 dicere,

125 3611 174 3665 est
195 3603 359 3684 dupliciter
381 3625 491 3672 errare.

209 3688 269 3765 89)
295 3688 429 3749 Mentem
464 3708 565 3770 papae
598 3708 683 3769 esse,
716 3689 797 3768 quod
827 3690 853 3750 si
881 3709 943 3750 una
965 3710 1045 3752 cam-

123 3788 222 3850 pana,
257 3772 325 3832 unis
353 3773 530 3856 pompiset
551 3773 733 3835 ceremoniis
756 3773 865 3834 veniae
887 3773 1044 3838 celebren-
