2356 4200
9 3314 19 3331 .
132 3271 232 3350 sapiat
255 3271 498 3331 ecclesiasticum

137 279 202 352 h2h
377 343 380 346 ,
531 282 664 341 Astemsei

136 455 237 531 tatis,
252 459 294 532 ut,
317 473 386 515 eum
407 472 463 533 pro
487 473 520 514 se
542 452 692 534 loquitur,
725 455 809 514 Deus
832 453 911 530 sit²)
934 452 1067 514 inferior

136 555 218 617 papa
248 542 279 597 et
305 536 481 616 sacerdote,
516 538 582 597 sine
609 537 745 598 haeresis
776 535 839 597 ulla
867 536 1062 616 suspicione,
1087 583 1105 593 ..

138 639 206 680 oum
228 625 330 680 sutem
352 626 459 684 eontra
481 639 531 680 me
552 619 704 699 loquitur,
738 625 801 678 tum
823 620 954 700 primum
974 619 1061 680 Deus

137 709 191 762 est.
210 704 363 783 superior,
397 709 434 763 et<
456 703 696 764 declarationem
724 722 797 762 suae
827 702 999 763 sententiae
1020 701 1061 766 ab

135 785 272 846 inferiori
292 805 356 846 nou
372 788 501 865 patitur,
525 805 562 846 oe
584 787 629 846 sio
650 787 794 865 iniquitas
806 786 970 846 mentiatur
992 783 1060 863 sihi,

137 887 210 928 vera
231 875 333 928 autem
356 868 499 948 loquatur
521 869 603 929 milri.

85 1024 86 1028 Ἰ
219 951 335 1012 Omitto
357 951 416 1029 hia,
441 952 522 1031 quod
546 953 682 1013 omnium
705 952 859 1013 sententia
879 949 1060 1030 apostoliin

137 1041 275 1095 extremo
305 1035 396 1094 etiam
424 1035 537 1096 iudicio
560 1035 699 1095 dieantur
720 1033 893 1114 approbare
914 1032 1060 1093 iudicium

136 1115 265 1196 Christi,
289 1117 347 1176 nisi
370 1115 523 1177 Christum
545 1118 657 1178 Eeeius
679 1123 773 1199 neget
794 1118 837 1177 eis
860 1117 1061 1196 superiorem,

135 1206 188 1259 aut
211 1218 264 1260 eos
287 1199 370 1259 dieat
391 1199 519 1261 frivolos
540 1220 617 1264 esse.

217 1283 352 1342 Primum
383 1289 485 1343 autem
515 1302 630 1362 quaero
662 1284 752 1362 (quia
773 1282 849 1342 nihil
871 1280 1061 1343 scholastica

134 1365 298 1445 loquitur),
321 1385 361 1426 ex
383 1365 563 1444 quibusnam
586 1366 813 1427 Ecclesiastiois
833 1363 988 1445 probetur,
1011 1383 1059 1424 sa·

135 1449 291 1509 serdotem
314 1467 407 1528 posse
431 1449 587 1509 declarare
611 1468 729 1528 poenas
752 1449 901 1509 reservari
930 1448 962 1506 in
989 1466 1061 1526 pur-

131 1529 312 1612 gatorium?
354 1530 465 1592 Nonne
487 1532 517 1592 id
540 1538 596 1610 est,
620 1531 703 1611 quod
728 1551 787 1612 ego
808 1530 1005 1610 impugnavi,
1027 1537 1062 1590 et

135 1613 208 1673 mihi
228 1616 323 1694 plane
345 1613 482 1674 redditur
502 1633 558 1694 per
580 1616 761 1695 petitionem
784 1613 925 1694 principii
938 1632 957 1671 a
970 1618 1060 1674 tauto

62 1712 66 1722 ·
134 1695 306 1775 dialectieo,
314 1703 346 1757 et
356 1697 576 1776 quodamplius
588 1697 775 1776 nonStoieo,
785 1695 840 1757 sed
855 1695 1061 1776 peripatetico

134 1777 318 1840 dialectieo?
349 1779 413 1839 lam
426 1798 518 1859 supra
536 1779 608 1857 dixi,
630 1780 730 1840 nullas
753 1799 821 1840 esse
843 1797 962 1858 poenas
983 1777 1061 1838 divi-
1123 1788 1125 1794 '

134 1880 192 1921 nae
206 1863 387 1940 sententiae,
405 1863 500 1923 multo
519 1864 617 1922 minus
632 1883 660 1923 er
652 1864 855 1924 conformes.
889 1860 960 1921 Non
975 1861 1060 1921 euim

134 1943 224 2004 dixit:
198 1943 474 2024 tQuodeunque
490 1945 540 2006 vel
558 1953 652 2025 quant
654 1965 705 2005 um
719 1964 778 2027 ego
795 1945 952 2024 ligavero
944 1963 976 2003 ru
987 1962 1059 2005 eoe-

132 2025 179 2106 lis,
201 2028 278 2108 ligat
279 2048 328 2088 um
353 2030 410 2087 erit
431 2029 491 2088 et
483 2048 515 2088 in
537 2034 626 2106 terra,
650 2029 703 2088 sed
727 2036 868 2091 econtra:
892 2025 1059 2101 Quodcun-

132 2128 192 2188 que
207 2118 238 2171 tu
247 2111 391 2190 ligaveris
400 2118 458 2172 ete.
469 2128 548 2207 quae
557 2113 718 2174 verbat
661 2119 718 2192 pot
717 2114 764 2172 ius
776 2109 1058 2192 significantDeum

132 2194 303 2273 approhare
314 2194 449 2255 faslsiuf
446 2195 563 2273 erioris,
576 2202 607 2255 et
617 2194 688 2255 ideo
703 2195 765 2255 dixi
778 2214 827 2254 me
840 2197 868 2258 6.
884 2192 1058 2254 conclusio-

132 2295 202 2336 nem
214 2295 278 2336 nou
291 2278 446 2337 exanimo
463 2279 614 2357 posuisse,
631 2277 685 2338 sed
703 2286 737 2338 ut
753 2276 890 2338 audirem
903 2275 993 2336 alios.

215 2358 357 2420 Secundo
381 2377 511 2438 quaero,
542 2361 699 2437 quomodo
730 2380 834 2421 verum
863 2360 902 2419 sit
930 2377 1056 2419 omnem

134 2440 327 2502 sacerdotem
351 2461 419 2503 esse
441 2462 553 2522 papam
575 2445 605 2502 in
628 2443 756 2505 artieulo
779 2444 906 2519 mortis,
940 2442 965 2501 si
993 2460 1059 2502 non

132 2526 257 2585 remittit
278 2531 331 2584 out
351 2527 506 2585 remittere
528 2532 632 2604 potest
653 2546 776 2588 omnem
794 2523 948 2607 poenam?
982 2523 1055 2600 Si²)

132 2615 235 2686 potest
258 2617 289 2667 et
310 2626 373 2668 non
397 2608 478 2703 sopit,
502 2609 660 2704 quomodo
684 2615 787 2670 manet
808 2610 919 2669 caritas
940 2608 973 2666 in
996 2608 1079 2667 00,

131 2690 253 2751 lustitia
281 2690 437 2769 divins,
429 2693 544 2771 mquis,
577 2712 640 2752 non
669 2695 749 2753 sinit.
794 2692 854 2752 Cur
876 2708 951 2770 ergo
975 2690 1058 2751 sinet

131 2774 163 2832 iu
187 2792 282 2869 papa,
301 2774 423 2852 quoties
446 2774 577 2834 voluerit
598 2794 690 2855 papa,
711 2777 796 2835 ouius
818 2783 891 2835 tune
908 2772 1057 2833 sacerdos

132 2857 232 2915 omnis
254 2858 338 2916 vices
360 2857 541 2935 plenissime
562 2858 660 2937 gerit?

213 2932 282 2999 dam
305 2937 381 2998 illud
403 2939 639 3019 pulcherrimum
666 2941 756 3020 (quia
771 2940 970 3081 scotistioum,
993 2955 1056 2998 ιιοιι

131 3026 234 3081 tamen
257 3021 495 3099 scholastieum)
519 3022 602 3102 quod
624 3025 746 3084 animae
758 3041 819 3083 non
833 3041 867 3082 sa
869 3023 907 3081 tis
920 3019 1056 3164 agendo,

132 3103 186 3163 sed
214 3107 288 3164 satis
318 3105 465 3184 patiendo
495 3107 619 3166 solvunt
647 3125 764 3187 poenas
801 3106 832 3165 in
864 3104 1056 3185 purgatorio.

132 3184 216 3247 Grat
196 3193 253 3246 tras
276 3187 381 3266 Seot0,
404 3188 456 3267 qui
479 3187 621 3348 etsi}
602 3189 897 3265 seholastioissimus,
919 3185 1057 3265 nihilque

577 3274 676 3332 ouium
703 3280 806 3333 tamen
832 3270 905 3331 feeit
929 3269 1055 3350 (mirum

130 3351 230 3427 dietu)
264 3353 604 3414 ecclesiasticissimum.
655 3354 749 3429 Quasi
779 3353 858 3413 ullus
887 3359 949 3413 tam
971 3351 1055 3412 rudis

131 3454 201 3495 esse
222 3438 321 3515 possit
341 3438 484 3515 rusticus,
507 3439 559 3515 qui
582 3457 645 3499 non
668 3439 745 3498 sciat
764 3455 882 3516 poenas
900 3454 965 3496 uon
980 3434 1050 3495 ferri

131 3518 189 3577 nisi
212 3537 231 3577 a
252 3519 377 3579 volente
409 3519 520 3601 (modo
544 3517 606 3580 sint
625 3539 688 3581 non
700 3518 873 3581 infernales
897 3525 928 3578 et
947 3517 1056 3597 impio·

183 3737 216 3798 1)
236 3734 269 3789 In
287 3735 330 3788 ed.
349 3737 480 3792 Wittenb
499 3704 527 3788 et
546 3734 618 3804 apud
637 3734 751 3791 Loeseh
770 3739 819 3787 est
848 3731 982 3801 2)1bid.:
1003 3734 1055 3784 sin.

121 3805 249 3877 3)1n·d
272 3807 399 3862 additum
420 3807 543 3880 legltur
569 3811 620 3862 est
