2356 4200
435 284 536 340 Contra
557 283 634 338 Obal.
654 277 736 338 Ecciil
983 274 1045 344 42'1

124 458 227 534 rum),
249 472 286 515 ac
309 455 353 515 sic
374 473 436 516 non
459 461 576 515 lantum
600 454 674 514 satis
695 451 860 534 patiendo,
879 451 942 512 'sed
973 452 1047 513 sads

124 537 261 600 volendo
284 537 406 599 solvere
428 537 487 598 dici
508 542 638 618 possent
658 555 786 617 poenas.
842 558 845 567 ·

210 618 326 682 Verum
362 639 422 701 ego
456 622 548 681 tutius
584 620 760 680 astinuerlm
799 612 818 678 a
862 617 1047 698 disputando

126 723 196 764 cum
219 702 435 765 subtilitatibus
458 703 581 764 scoticis
604 721 737 782 vereque
760 701 897 779 sentinis,
920 698 1047 762 ucmrbi

125 787 230 867 aliqua
257 786 442 847 formalitatc
470 805 552 847 nove
574 783 707 846 conficta
728 783 897 845 elabantur.
940 783 1048 845 Gloria

124 869 269 953 tamem)
294 875 341 929 est
363 870 579 949 episcoporum
606 870 667 937 (ait
687 868 840 929 obeliscus
860 866 942 943 ille),
965 866 1048 946 quod

124 953 266 1034 episcopi
294 952 372 1012 haec
401 971 462 1012 non
492 947 711 1033 ignorarint.²)
755 949 829 1011 ldeo
852 968 913 1010 non
936 948 1048 1010 dorici

33 1053 41 1064 ‘
123 1042 225 1113 tasse,
254 1034 309 1095 sed
337 1034 417 1095 ultra
445 1034 608 1094 Lutberum
640 1033 789 1115 vigilasse
819 1031 940 1092 dicendi
970 1039 1047 1092 sunt.

123 1117 257 1179 Felicem
280 1117 443 1178 ecclesiam
468 1125 560 1195 certe,
583 1118 668 1177 cuius
691 1117 830 1196 episcopi
853 1122 923 1174 sunt
940 1118 1048 1176 omnet

124 1200 289 1278 scoticae,
311 1205 364 1260 aut
378 1198 478 1280 (quod
494 1201 592 1281 magis
608 1199 723 1259 adrem
737 1199 826 1274 facit)
845 1197 1048 1275 Eccianistaa,

123 1303 180 1364 per
193 1284 278 1343 ouius
286 1282 411 1344 Scotum
423 1282 466 1360 fit,
479 1289 512 1343 ut
524 1301 678 1362 uunquam
689 1281 872 1343 dormitasse
883 1279 1047 1342 defendan-

125 1374 182 1445 tur,
193 1366 272 1427 forte
285 1365 367 1445 quod
379 1365 489 1425 Eccius
505 1383 627 1444 semper
638 1384 694 1445 pro
707 1367 751 1425 eis
763 1364 927 1425 dormitare
941 1363 1048 1424 voluit.

209 1448 264 1509 Ec.
287 1447 389 1527 Addo,
413 1447 495 1527 quod
518 1455 654 1508 mortuus
677 1447 715 1509 ab
730 1447 1049 1508 excommunicatione

127 1531 249 1593 absolvi
271 1550 334 1592 non
356 1536 473 1611 posset,
495 1530 534 1591 de
556 1548 616 1610 quo
640 1538 711 1591 sunt
730 1530 855 1610 vulgata
876 1530 950 1592 iura.

211 1613 298 1676 Lntlr.
326 1613 386 1674 Hui
409 1633 500 1694 quam
524 1612 638 1690 sobrie,
669 1618 700 1673 et
727 1618 850 1673 strenue
872 1612 979 1693 vigilat
1000 1611 1050 1671 bic

126 1697 251 1760 Eccius.
274 1696 396 1775 Fateor,
419 1702 489 1756 sunt
510 1696 636 1777 vulgata
655 1697 730 1756 iura.
774 1694 836 1757 Sed
859 1693 971 1754 desunt
992 1693 1049 1754 Ec·

126 1781 207 1841 ciani
227 1780 299 1840 novi
311 1785 485 1860 apparatus,
508 1778 579 1840 ideo
596 1777 919 1856 credimusinteriffl)
944 1794 1049 1858 recap-

128 1865 168 1924 tis
193 1869 225 1924 et
254 1864 389 1940 usitatis,
422 1863 523 1924 donec
553 1861 607 1922 ille
643 1860 757 1922 conflet
793 1860 947 1921 meliores.
994 1858 1051 1920 llst

129 1945 182 2016 lib.
204 1949 233 2011 5.
258 1945 297 2006 de
317 1965 382 2006 sen.
405 1963 525 2007 excom.
549 1943 635 2005 cad
657 1943 756 2022 uobis,
778 1942 829 2004 ubi
849 1961 932 2024 papa
945 1941 1048 2004 decer·

127 2029 174 2090 uit
209 2029 492 2090 excommunicatos
527 2028 619 2087 etiam
655 2033 793 2087 mortuos
830 2024 1048 2088 absolvendos.

126 2110 218 2187 Quod
240 2110 475 2172 Panormitunus
499 2115 530 2170 et
552 2109 619 2184 alii„
636 2109 827 2190 intelligunt,
858 2107 960 2187 quoad
990 2126 1048 2169 uos

126 2213 183 2254 seu
205 2195 237 2253 in
258 2193 337 2254 facis
359 2193 518 2270 ecclesiae,
543 2211 611 2252 cum
629 2191 691 2267 ille,
715 2191 818 2271 quoad
841 2209 884 2279 ss¹
907 2189 947 2261 de
966 2189 1048 2251 iacto

127 2295 184 2357 per
205 2281 334 2336 mortem
358 2277 397 2336 sit
418 2275 587 2352 absolutus,
610 2276 686 2335 citra
707 2273 859 2335 ecclesiae
882 2273 1049 2335 absolutio-

129 2379 218 2438 uem,
250 2378 310 2419 neo
342 2359 456 2439 aliquid
484 2359 513 2419 ei
542 2358 632 2419 obest
667 2357 947 2418 excommunicatio
980 2363 1053 2437 post

130 2449 260 2504 mortem
282 2442 405 2519 relicta,
430 2442 487 2501 nisi
510 2440 593 2520 quod
615 2459 678 2501 non
700 2440 822 2521 publice
845 2458 901 2520 pro
925 2457 963 2500 ao
987 2457 1056 2505 ora.

130 2527 229 2585 turin
253 2524 395 2603 ecclesia,
417 2525 558 2603 privatim
580 2530 683 2584 autem
705 2529 794 2584 orent
815 2523 866 2602 qui
883 2520 999 2600 volent,
1021 2527 1054 2581 ut

131 2627 172 2668 ax
193 2607 241 2666 his
267 2607 454 2687 intelligatur
477 2625 600 2667 omnem
622 2605 801 2687 ligationem
822 2605 973 2665 ecclesiae
989 2622 1053 2665 ces-

130 2709 200 2750 sare
213 2691 245 2749 in
263 2695 372 2767 morte,
386 2689 547 2768 solumque
565 2690 595 2749 iu
615 2688 673 2749 hac
691 2689 754 2748 vita
771 2688 885 2765 valere,
907 2705 1002 2767 quare
1023 2695 1054 2748 et

130 2791 250 2852 poenas
262 2790 415 2833 canonum
430 2789 552 2851 quoque
563 2771 652 2831 buius
665 2773 746 2831 vitae
763 2789 880 2850 poenas
900 2789 969 2830 esse
979 2769 1052 2830 dixi.

216 2855 329 2914 Verum
354 2853 507 2914 dialectici
531 2854 628 2914 nostri
651 2853 863 2933 syllogismum
875 2851 956 2912 vide.
988 2851 1054 2913 Nisi

134 2936 281 2998 sacerdos
309 2943 415 3017 posset
443 2955 562 3016 poenas
591 2939 621 2995 in
651 2937 862 3017 purgatorium
897 2935 1054 2995 declarare

130 3026 304 3081 reservatas
327 3021 492 3094 morituro,
518 3039 580 3079 non
603 3026 710 3099 posset
731 3020 823 3078 etiam
846 3019 1054 3078 excommuni-

131 3108 218 3164 catus
241 3101 361 3163 absolvi
384 3108 530 3162 mortuus.
575 3100 649 3177 Quis
672 3121 733 3162 non
757 3101 827 3161 dico
857 3100 1054 3162 scholastico·

130 3204 198 3246 rum
219 3184 398 3266 doctorum,
424 3184 478 3244 sed
499 3186 589 3264 primi
611 3186 684 3245 anui
707 3183 874 3264 discipulus
896 3183 1054 3244 scholasti·

133 3285 250 3346 corum,
272 3267 354 3328 hanc
378 3286 441 3328 uon
452 3266 552 3327 rideat
563 3265 834 3347 consequentiam?
869 3264 963 3340 Quasi
974 3265 1056 3326 idem

132 3353 173 3412 sit
194 3349 315 3411 absolvi
337 3349 375 3410 ab
399 3351 547 3430 opinione
568 3350 727 3411 hominum
748 3352 780 3411 in
799 3349 941 3424 ecclesia,
966 3355 997 3408 et
1011 3366 1055 3409 rc·
1166 3344 1171 3352 ’

133 3434 239 3514 lagare
259 3451 379 3513 poenas
401 3434 432 3492 in
455 3434 679 3512 purgatorium,
710 3453 779 3494 cum
808 3433 872 3493 illic
895 3431 1004 3513 culpae
1025 3438 1057 3493 et

133 3534 256 3596 poenae
282 3515 423 3576 remissio
455 3515 627 3576 declaretur
657 3513 825 3595 ecclesiae,
865 3534 926 3576 uon
955 3522 1056 3576 autem

136 3786 141 3796 .
164 3714 220 3840 tel)
239 3713 309 3769 Ibid.
329 3714 456 3768 additur:
475 3716 552 3768 haec.
578 3715 608 3780 2)
624 3712 707 3768 lbid.:
723 3714 897 3782 ignorarunt.
929 3712 1057 3780 3)1bid.:

134 3799 163 3838 m
206 3800 247 3839 aa.
778 3817 780 3822 .
