<?xml version="1.0" encoding="UTF-8"?>
<!DOCTYPE html PUBLIC "-//W3C//DTD XHTML 1.0 Transitional//EN"
    "http://www.w3.org/TR/xhtml1/DTD/xhtml1-transitional.dtd">
<html xmlns="http://www.w3.org/1999/xhtml" xml:lang="en" lang="en">
 <head>
  <title>
</title>
<meta http-equiv="Content-Type" content="text/html;charset=utf-8" />
  <meta name='ocr-system' content='tesseract 3.04.00' />
  <meta name='ocr-capabilities' content='ocr_page ocr_carea ocr_par ocr_line ocrx_word'/>
</head>
<body>
  <div class='ocr_page' id='page_1' title='image "./dmartinilutheri01luthgoog_0363.png"; bbox 0 0 2356 4200; ppageno 0'>
   <div class='ocr_carea' id='block_1_1' title="bbox 122 288 654 364">
    <p class='ocr_par' dir='ltr' id='par_1_1' title="bbox 122 288 654 364">
     <span class='ocr_line' id='line_1_1' title="bbox 122 288 654 364; baseline -0.004 -16"><span class='ocrx_word' id='word_1_1' title='bbox 122 289 186 360; x_wconf 77' lang='grc'>360</span> <span class='ocrx_word' id='word_1_2' title='bbox 295 333 298 338; x_wconf 81' lang='lat'><em>-</em></span> <span class='ocrx_word' id='word_1_3' title='bbox 453 324 457 329; x_wconf 96' lang='lat'><em>-</em></span> <span class='ocrx_word' id='word_1_4' title='bbox 516 288 654 364; x_wconf 76' lang='lat' dir='ltr'>Dialogus</span> 
     </span>
    </p>
   </div>
   <div class='ocr_carea' id='block_1_2' title="bbox 126 423 1047 544">
    <p class='ocr_par' dir='ltr' id='par_1_2' title="bbox 126 423 1047 544">
     <span class='ocr_line' id='line_1_2' title="bbox 126 423 1047 544; baseline -0.004 -19"><span class='ocrx_word' id='word_1_5' title='bbox 126 463 218 525; x_wconf 85' lang='lat' dir='ltr'>stulte</span> <span class='ocrx_word' id='word_1_6' title='bbox 239 461 387 541; x_wconf 84' lang='lat' dir='ltr'>docuerit,</span> <span class='ocrx_word' id='word_1_7' title='bbox 409 481 470 543; x_wconf 91' lang='lat' dir='ltr'>qua</span> <span class='ocrx_word' id='word_1_8' title='bbox 491 481 565 524; x_wconf 86' lang='lat' dir='ltr'>vero</span> <span class='ocrx_word' id='word_1_9' title='bbox 587 461 760 524; x_wconf 91' lang='lat' dir='ltr'>intentione</span> <span class='ocrx_word' id='word_1_10' title='bbox 777 423 860 524; x_wconf 23' lang='lat' dir='ltr'>tales:</span> <span class='ocrx_word' id='word_1_11' title='bbox 876 459 1047 544; x_wconf 80' lang='lat' dir='ltr'><strong>positiones</strong></span> 
     </span>
    </p>
   </div>
   <div class='ocr_carea' id='block_1_3' title="bbox 79 543 1100 3864">
    <p class='ocr_par' dir='ltr' id='par_1_3' title="bbox 79 543 1100 2535">
     <span class='ocr_line' id='line_1_3' title="bbox 125 543 1048 627; baseline -0.003 -19"><span class='ocrx_word' id='word_1_12' title='bbox 125 547 157 608; x_wconf 89' lang='lat' dir='ltr'>in</span> <span class='ocrx_word' id='word_1_13' title='bbox 179 546 313 608; x_wconf 90' lang='lat' dir='ltr'>medium</span> <span class='ocrx_word' id='word_1_14' title='bbox 335 545 463 625; x_wconf 79' lang='lat' dir='ltr'>afferas,</span> <span class='ocrx_word' id='word_1_15' title='bbox 490 547 557 627; x_wconf 90' lang='lat' dir='ltr'>ipsc</span> <span class='ocrx_word' id='word_1_16' title='bbox 577 545 701 609; x_wconf 87' lang='lat' dir='ltr'>videris.</span> <span class='ocrx_word' id='word_1_17' title='bbox 745 545 777 608; x_wconf 84' lang='lat' dir='ltr'>si</span> <span class='ocrx_word' id='word_1_18' title='bbox 799 545 849 626; x_wconf 87' lang='lat' dir='ltr'>qui</span> <span class='ocrx_word' id='word_1_19' title='bbox 871 550 975 606; x_wconf 88' lang='lat' dir='ltr'>tamen</span> <span class='ocrx_word' id='word_1_20' title='bbox 997 543 1048 606; x_wconf 90' lang='lat' dir='ltr'>do·</span> 
     </span>
     <span class='ocr_line' id='line_1_4' title="bbox 90 628 1048 713; baseline -0.001 -23"><span class='ocrx_word' id='word_1_21' title='bbox 90 642 94 651; x_wconf 87' lang='lat'><strong><em>‘</em></strong></span> <span class='ocrx_word' id='word_1_22' title='bbox 127 631 247 709; x_wconf 79' lang='lat' dir='ltr'>carent,</span> <span class='ocrx_word' id='word_1_23' title='bbox 282 628 365 713; x_wconf 90' lang='lat' dir='ltr'>quod</span> <span class='ocrx_word' id='word_1_24' title='bbox 395 647 458 690; x_wconf 94' lang='lat' dir='ltr'>non</span> <span class='ocrx_word' id='word_1_25' title='bbox 489 629 612 690; x_wconf 85' lang='lat' dir='ltr'>contriti</span> <span class='ocrx_word' id='word_1_26' title='bbox 640 648 704 690; x_wconf 91' lang='lat' dir='ltr'>non</span> <span class='ocrx_word' id='word_1_27' title='bbox 731 648 812 691; x_wconf 91' lang='lat' dir='ltr'>vane</span> <span class='ocrx_word' id='word_1_28' title='bbox 843 628 1048 709; x_wconf 78' lang='lat' dir='ltr'>indulgentias</span> 
     </span>
     <span class='ocr_line' id='line_1_5' title="bbox 105 710 1049 856; baseline 0.001 -85"><span class='ocrx_word' id='word_1_29' title='bbox 105 710 372 856; x_wconf 45' lang='lat' dir='ltr'>prosequnsr,</span> <span class='ocrx_word' id='word_1_30' title='bbox 396 713 468 792; x_wconf 89' lang='lat' dir='ltr'>quia</span> <span class='ocrx_word' id='word_1_31' title='bbox 488 712 659 793; x_wconf 89' lang='lat' dir='ltr'>proderunt</span> <span class='ocrx_word' id='word_1_32' title='bbox 681 713 881 788; x_wconf 79' lang='lat' dir='ltr'>contritione,</span> <span class='ocrx_word' id='word_1_33' title='bbox 909 730 950 772; x_wconf 88' lang='lat' dir='ltr'>ex</span> <span class='ocrx_word' id='word_1_34' title='bbox 979 717 1049 792; x_wconf 86' lang='lat' dir='ltr'>post</span> 
     </span>
     <span class='ocr_line' id='line_1_6' title="bbox 125 794 1048 876; baseline -0.002 -19"><span class='ocrx_word' id='word_1_35' title='bbox 125 797 208 858; x_wconf 80' lang='lat' dir='ltr'>iacto</span> <span class='ocrx_word' id='word_1_36' title='bbox 231 814 287 857; x_wconf 91' lang='lat' dir='ltr'>acc</span> <span class='ocrx_word' id='word_1_37' title='bbox 328 801 418 873; x_wconf 88' lang='lat' dir='ltr'>ente,</span> <span class='ocrx_word' id='word_1_38' title='bbox 450 814 512 856; x_wconf 90' lang='lat' dir='ltr'>non</span> <span class='ocrx_word' id='word_1_39' title='bbox 536 795 617 856; x_wconf 89' lang='lat' dir='ltr'>male</span> <span class='ocrx_word' id='word_1_40' title='bbox 640 794 754 856; x_wconf 79' lang='lat' dir='ltr'>docent</span> <span class='ocrx_word' id='word_1_41' title='bbox 774 795 856 876; x_wconf 89' lang='lat' dir='ltr'>apud</span> <span class='ocrx_word' id='word_1_42' title='bbox 875 794 1048 874; x_wconf 89' lang='lat' dir='ltr'>complures</span> 
     </span>
     <span class='ocr_line' id='line_1_7' title="bbox 126 877 1049 961; baseline -0.005 -19"><span class='ocrx_word' id='word_1_43' title='bbox 126 881 253 961; x_wconf 83' lang='lat' dir='ltr'>peritos,</span> <span class='ocrx_word' id='word_1_44' title='bbox 276 879 348 960; x_wconf 91' lang='lat' dir='ltr'>quia</span> <span class='ocrx_word' id='word_1_45' title='bbox 371 879 451 938; x_wconf 92' lang='lat' dir='ltr'>sicut</span> <span class='ocrx_word' id='word_1_46' title='bbox 471 898 555 959; x_wconf 93' lang='lat' dir='ltr'>papa</span> <span class='ocrx_word' id='word_1_47' title='bbox 565 884 670 960; x_wconf 91' lang='lat' dir='ltr'>potest</span> <span class='ocrx_word' id='word_1_48' title='bbox 682 879 933 940; x_wconf 88' lang='lat' dir='ltr'>constitutionem</span> <span class='ocrx_word' id='word_1_49' title='bbox 947 877 1049 938; x_wconf 81' lang='lat' dir='ltr'>facere</span> 
     </span>
     <span class='ocr_line' id='line_1_8' title="bbox 127 959 1049 1042; baseline -0.003 -18"><span class='ocrx_word' id='word_1_50' title='bbox 127 968 180 1024; x_wconf 89' lang='lat' dir='ltr'>aut</span> <span class='ocrx_word' id='word_1_51' title='bbox 201 961 327 1023; x_wconf 85' lang='lat' dir='ltr'>inlicere</span> <span class='ocrx_word' id='word_1_52' title='bbox 348 969 383 1021; x_wconf 92' lang='lat' dir='ltr'>ut</span> <span class='ocrx_word' id='word_1_53' title='bbox 403 981 442 1022; x_wconf 87' lang='lat' dir='ltr'>ex</span> <span class='ocrx_word' id='word_1_54' title='bbox 464 969 555 1041; x_wconf 90' lang='lat' dir='ltr'>tuno,</span> <span class='ocrx_word' id='word_1_55' title='bbox 582 964 626 1022; x_wconf 91' lang='lat' dir='ltr'>ita</span> <span class='ocrx_word' id='word_1_56' title='bbox 649 962 741 1022; x_wconf 92' lang='lat' dir='ltr'>etiam</span> <span class='ocrx_word' id='word_1_57' title='bbox 764 967 872 1042; x_wconf 90' lang='lat' dir='ltr'>posset</span> <span class='ocrx_word' id='word_1_58' title='bbox 890 959 1049 1042; x_wconf 85' lang='lat' dir='ltr'>indulgen·</span> 
     </span>
     <span class='ocr_line' id='line_1_9' title="bbox 129 1044 962 1126; baseline -0.001 -20"><span class='ocrx_word' id='word_1_59' title='bbox 129 1048 186 1107; x_wconf 88' lang='lat' dir='ltr'>tias</span> <span class='ocrx_word' id='word_1_60' title='bbox 208 1045 323 1126; x_wconf 87' lang='lat' dir='ltr'>largiri,</span> <span class='ocrx_word' id='word_1_61' title='bbox 345 1052 379 1105; x_wconf 88' lang='lat' dir='ltr'>ut</span> <span class='ocrx_word' id='word_1_62' title='bbox 401 1064 440 1104; x_wconf 87' lang='lat' dir='ltr'>ex</span> <span class='ocrx_word' id='word_1_63' title='bbox 462 1064 544 1105; x_wconf 92' lang='lat' dir='ltr'>nuno</span> <span class='ocrx_word' id='word_1_64' title='bbox 567 1064 622 1106; x_wconf 94' lang='lat' dir='ltr'>suo</span> <span class='ocrx_word' id='word_1_65' title='bbox 645 1051 786 1125; x_wconf 90' lang='lat' dir='ltr'>tempore</span> <span class='ocrx_word' id='word_1_66' title='bbox 805 1044 962 1105; x_wconf 82' lang='lat' dir='ltr'>valituras.</span> 
     </span>
     <span class='ocr_line' id='line_1_10' title="bbox 211 1126 1049 1208; baseline -0.007 -16"><span class='ocrx_word' id='word_1_67' title='bbox 211 1131 273 1208; x_wconf 67' lang='lat'>36)</span> <span class='ocrx_word' id='word_1_68' title='bbox 293 1127 380 1192; x_wconf 83' lang='lat' dir='ltr'>Mart.</span> <span class='ocrx_word' id='word_1_69' title='bbox 405 1126 540 1202; x_wconf 76' lang='lat' dir='ltr'>Quilibet</span> <span class='ocrx_word' id='word_1_70' title='bbox 560 1127 749 1188; x_wconf 84' lang='lat' dir='ltr'>Christianus</span> <span class='ocrx_word' id='word_1_71' title='bbox 761 1145 834 1188; x_wconf 88' lang='lat' dir='ltr'>vere</span> <span class='ocrx_word' id='word_1_72' title='bbox 848 1131 1049 1208; x_wconf 84' lang='lat' dir='ltr'>compunctus</span> 
     </span>
     <span class='ocr_line' id='line_1_11' title="bbox 128 1209 1050 1291; baseline -0.002 -19"><span class='ocrx_word' id='word_1_73' title='bbox 128 1211 223 1273; x_wconf 87' lang='lat' dir='ltr'>babet</span> <span class='ocrx_word' id='word_1_74' title='bbox 243 1212 458 1271; x_wconf 86' lang='lat' dir='ltr'>remissionem</span> <span class='ocrx_word' id='word_1_75' title='bbox 486 1211 654 1291; x_wconf 81' lang='lat' dir='ltr'>plenariam</span> <span class='ocrx_word' id='word_1_76' title='bbox 684 1230 703 1270; x_wconf 93' lang='lat' dir='ltr'>a</span> <span class='ocrx_word' id='word_1_77' title='bbox 731 1212 835 1291; x_wconf 84' lang='lat' dir='ltr'>pdena</span> <span class='ocrx_word' id='word_1_78' title='bbox 857 1216 889 1270; x_wconf 87' lang='lat' dir='ltr'>et</span> <span class='ocrx_word' id='word_1_79' title='bbox 909 1229 929 1270; x_wconf 91' lang='lat' dir='ltr'>a</span> <span class='ocrx_word' id='word_1_80' title='bbox 951 1209 1050 1290; x_wconf 86' lang='lat' dir='ltr'>culpo,</span> 
     </span>
     <span class='ocr_line' id='line_1_12' title="bbox 131 1293 861 1356; baseline 0 -2"><span class='ocrx_word' id='word_1_81' title='bbox 131 1296 224 1355; x_wconf 90' lang='lat' dir='ltr'>etiam</span> <span class='ocrx_word' id='word_1_82' title='bbox 248 1294 315 1354; x_wconf 86' lang='lat' dir='ltr'>sine</span> <span class='ocrx_word' id='word_1_83' title='bbox 336 1293 433 1354; x_wconf 89' lang='lat' dir='ltr'>literis</span> <span class='ocrx_word' id='word_1_84' title='bbox 456 1295 613 1354; x_wconf 91' lang='lat' dir='ltr'>veniarum</span> <span class='ocrx_word' id='word_1_85' title='bbox 638 1293 694 1354; x_wconf 92' lang='lat' dir='ltr'>sibi</span> <span class='ocrx_word' id='word_1_86' title='bbox 717 1293 861 1356; x_wconf 81' lang='lat' dir='ltr'>debitam.</span> 
     </span>
     <span class='ocr_line' id='line_1_13' title="bbox 211 1375 1048 1457; baseline -0.002 -19"><span class='ocrx_word' id='word_1_87' title='bbox 211 1376 265 1439; x_wconf 81' lang='lat' dir='ltr'>sil.</span> <span class='ocrx_word' id='word_1_88' title='bbox 310 1376 342 1438; x_wconf 82' lang='lat' dir='ltr'>Si</span> <span class='ocrx_word' id='word_1_89' title='bbox 364 1377 468 1456; x_wconf 88' lang='lat' dir='ltr'>sentis,</span> <span class='ocrx_word' id='word_1_90' title='bbox 491 1377 575 1456; x_wconf 90' lang='lat' dir='ltr'>quod</span> <span class='ocrx_word' id='word_1_91' title='bbox 597 1378 707 1457; x_wconf 85' lang='lat' dir='ltr'>omnis,</span> <span class='ocrx_word' id='word_1_92' title='bbox 730 1378 779 1436; x_wconf 93' lang='lat' dir='ltr'>cui</span> <span class='ocrx_word' id='word_1_93' title='bbox 800 1377 893 1457; x_wconf 91' lang='lat' dir='ltr'>plena</span> <span class='ocrx_word' id='word_1_94' title='bbox 908 1375 1048 1437; x_wconf 88' lang='lat' dir='ltr'>remissio</span> 
     </span>
     <span class='ocr_line' id='line_1_14' title="bbox 79 1456 1049 1540; baseline -0.002 -20"><span class='ocrx_word' id='word_1_95' title='bbox 79 1474 83 1479; x_wconf 88' lang='grc'><strong><em>·</em></strong></span> <span class='ocrx_word' id='word_1_96' title='bbox 127 1476 251 1540; x_wconf 84' lang='lat' dir='ltr'>poenae</span> <span class='ocrx_word' id='word_1_97' title='bbox 272 1458 410 1539; x_wconf 90' lang='lat' dir='ltr'>debetur,</span> <span class='ocrx_word' id='word_1_98' title='bbox 432 1479 501 1520; x_wconf 92' lang='lat' dir='ltr'>eam</span> <span class='ocrx_word' id='word_1_99' title='bbox 516 1460 697 1539; x_wconf 79' lang='lat' dir='ltr'>assequitur,</span> <span class='ocrx_word' id='word_1_100' title='bbox 710 1479 774 1521; x_wconf 93' lang='lat' dir='ltr'>non</span> <span class='ocrx_word' id='word_1_101' title='bbox 792 1459 945 1537; x_wconf 87' lang='lat' dir='ltr'>obstante,</span> <span class='ocrx_word' id='word_1_102' title='bbox 968 1456 1049 1540; x_wconf 89' lang='lat' dir='ltr'>quod</span> 
     </span>
     <span class='ocr_line' id='line_1_15' title="bbox 129 1541 1050 1624; baseline -0.002 -21"><span class='ocrx_word' id='word_1_103' title='bbox 129 1543 286 1603; x_wconf 85' lang='lat' dir='ltr'>veniarum</span> <span class='ocrx_word' id='word_1_104' title='bbox 308 1543 404 1604; x_wconf 91' lang='lat' dir='ltr'>literis</span> <span class='ocrx_word' id='word_1_105' title='bbox 427 1550 547 1624; x_wconf 87' lang='lat' dir='ltr'>careat,</span> <span class='ocrx_word' id='word_1_106' title='bbox 578 1550 663 1623; x_wconf 85' lang='lat' dir='ltr'>esto,</span> <span class='ocrx_word' id='word_1_107' title='bbox 693 1542 774 1623; x_wconf 90' lang='lat' dir='ltr'>quod</span> <span class='ocrx_word' id='word_1_108' title='bbox 797 1562 902 1603; x_wconf 85' lang='lat' dir='ltr'>verum</span> <span class='ocrx_word' id='word_1_109' title='bbox 927 1541 1050 1621; x_wconf 85' lang='lat' dir='ltr'>doceas,</span> 
     </span>
     <span class='ocr_line' id='line_1_16' title="bbox 129 1625 1050 1706; baseline -0.002 -20"><span class='ocrx_word' id='word_1_110' title='bbox 129 1634 232 1686; x_wconf 82' lang='lat' dir='ltr'>temen</span> <span class='ocrx_word' id='word_1_111' title='bbox 254 1625 329 1685; x_wconf 90' lang='lat' dir='ltr'>nihil</span> <span class='ocrx_word' id='word_1_112' title='bbox 354 1625 440 1704; x_wconf 89' lang='lat' dir='ltr'>dicis,</span> <span class='ocrx_word' id='word_1_113' title='bbox 463 1627 535 1706; x_wconf 91' lang='lat' dir='ltr'>quia</span> <span class='ocrx_word' id='word_1_114' title='bbox 557 1627 655 1686; x_wconf 88' lang='lat' dir='ltr'>Deum</span> <span class='ocrx_word' id='word_1_115' title='bbox 680 1625 754 1687; x_wconf 89' lang='lat' dir='ltr'>dare</span> <span class='ocrx_word' id='word_1_116' title='bbox 775 1625 937 1705; x_wconf 89' lang='lat' dir='ltr'>omnibns,</span> <span class='ocrx_word' id='word_1_117' title='bbox 974 1642 1050 1705; x_wconf 79' lang='lat' dir='ltr'>qnae</span> 
     </span>
     <span class='ocr_line' id='line_1_17' title="bbox 129 1706 1050 1790; baseline -0.001 -21"><span class='ocrx_word' id='word_1_118' title='bbox 129 1709 173 1769; x_wconf 87' lang='lat' dir='ltr'>eis</span> <span class='ocrx_word' id='word_1_119' title='bbox 196 1707 276 1788; x_wconf 87' lang='lat' dir='ltr'>apud</span> <span class='ocrx_word' id='word_1_120' title='bbox 297 1709 398 1788; x_wconf 87' lang='lat' dir='ltr'>ipsum</span> <span class='ocrx_word' id='word_1_121' title='bbox 420 1709 569 1769; x_wconf 86' lang='lat' dir='ltr'>debentur</span> <span class='ocrx_word' id='word_1_122' title='bbox 591 1729 630 1769; x_wconf 85' lang='lat' dir='ltr'>ex</span> <span class='ocrx_word' id='word_1_123' title='bbox 650 1727 798 1790; x_wconf 84' lang='lat' dir='ltr'>congruo,</span> <span class='ocrx_word' id='word_1_124' title='bbox 819 1708 871 1769; x_wconf 88' lang='lat' dir='ltr'>vel</span> <span class='ocrx_word' id='word_1_125' title='bbox 884 1706 1050 1788; x_wconf 80' lang='lat' dir='ltr'>condigno,</span> 
     </span>
     <span class='ocr_line' id='line_1_18' title="bbox 127 1790 1100 1871; baseline 0 -21"><span class='ocrx_word' id='word_1_126' title='bbox 127 1790 279 1852; x_wconf 73' lang='lat' dir='ltr'>dubitavit</span> <span class='ocrx_word' id='word_1_127' title='bbox 299 1790 410 1852; x_wconf 89' lang='lat' dir='ltr'>nullus.</span> <span class='ocrx_word' id='word_1_128' title='bbox 454 1791 486 1853; x_wconf 82' lang='lat' dir='ltr'>Si</span> <span class='ocrx_word' id='word_1_129' title='bbox 508 1809 585 1854; x_wconf 89' lang='lat' dir='ltr'>vero</span> <span class='ocrx_word' id='word_1_130' title='bbox 609 1793 704 1852; x_wconf 90' lang='lat' dir='ltr'>sentis</span> <span class='ocrx_word' id='word_1_131' title='bbox 729 1797 780 1866; x_wconf 89' lang='lat' dir='ltr'>(ut</span> <span class='ocrx_word' id='word_1_132' title='bbox 800 1790 896 1852; x_wconf 85' lang='lat' dir='ltr'>verba</span> <span class='ocrx_word' id='word_1_133' title='bbox 913 1797 1050 1871; x_wconf 85' lang='lat' dir='ltr'>tuaproc</span> <span class='ocrx_word' id='word_1_134' title='bbox 1092 1806 1100 1821; x_wconf 83' lang='lat'><strong><em>‘</em></strong></span> 
     </span>
     <span class='ocr_line' id='line_1_19' title="bbox 79 1873 1050 1953; baseline -0.001 -19"><span class='ocrx_word' id='word_1_135' title='bbox 79 1895 90 1909; x_wconf 63' lang='lat'>=</span> <span class='ocrx_word' id='word_1_136' title='bbox 129 1888 164 1934; x_wconf 79' lang='lat' dir='ltr'>se</span> <span class='ocrx_word' id='word_1_137' title='bbox 186 1873 305 1951; x_wconf 79' lang='lat' dir='ltr'>ierunt)</span> <span class='ocrx_word' id='word_1_138' title='bbox 339 1874 421 1953; x_wconf 92' lang='lat' dir='ltr'>quod</span> <span class='ocrx_word' id='word_1_139' title='bbox 454 1876 521 1935; x_wconf 90' lang='lat' dir='ltr'>sine</span> <span class='ocrx_word' id='word_1_140' title='bbox 551 1874 639 1935; x_wconf 88' lang='lat' dir='ltr'>dictis</span> <span class='ocrx_word' id='word_1_141' title='bbox 674 1875 770 1935; x_wconf 91' lang='lat' dir='ltr'>literis</span> <span class='ocrx_word' id='word_1_142' title='bbox 803 1873 947 1936; x_wconf 91' lang='lat' dir='ltr'>omnibus</span> <span class='ocrx_word' id='word_1_143' title='bbox 979 1890 1050 1934; x_wconf 83' lang='lat' dir='ltr'>vers</span> 
     </span>
     <span class='ocr_line' id='line_1_20' title="bbox 130 1955 1050 2038; baseline -0.002 -20"><span class='ocrx_word' id='word_1_144' title='bbox 130 1958 269 2023; x_wconf 91' lang='lat' dir='ltr'>contritis</span> <span class='ocrx_word' id='word_1_145' title='bbox 292 1955 396 2018; x_wconf 91' lang='lat' dir='ltr'>debita</span> <span class='ocrx_word' id='word_1_146' title='bbox 418 1959 456 2018; x_wconf 92' lang='lat' dir='ltr'>sit</span> <span class='ocrx_word' id='word_1_147' title='bbox 478 1958 571 2037; x_wconf 89' lang='lat' dir='ltr'>plena</span> <span class='ocrx_word' id='word_1_148' title='bbox 593 1959 733 2018; x_wconf 90' lang='lat' dir='ltr'>remissio</span> <span class='ocrx_word' id='word_1_149' title='bbox 745 1976 927 2038; x_wconf 87' lang='lat' dir='ltr'>poenarum,</span> <span class='ocrx_word' id='word_1_150' title='bbox 947 1956 1050 2017; x_wconf 86' lang='lat' dir='ltr'>haere·</span> 
     </span>
     <span class='ocr_line' id='line_1_21' title="bbox 129 2039 1050 2123; baseline -0.001 -23"><span class='ocrx_word' id='word_1_151' title='bbox 129 2041 303 2123; x_wconf 66' lang='lat' dir='ltr'>ticum&#39;est,</span> <span class='ocrx_word' id='word_1_152' title='bbox 325 2046 356 2100; x_wconf 90' lang='lat' dir='ltr'>et</span> <span class='ocrx_word' id='word_1_153' title='bbox 379 2059 514 2102; x_wconf 88' lang='lat' dir='ltr'>canones</span> <span class='ocrx_word' id='word_1_154' title='bbox 537 2061 646 2109; x_wconf 89' lang='lat' dir='ltr'>omnes</span> <span class='ocrx_word' id='word_1_155' title='bbox 667 2039 905 2122; x_wconf 88' lang='lat' dir='ltr'>poenitentiales</span> <span class='ocrx_word' id='word_1_156' title='bbox 919 2057 1050 2100; x_wconf 83' lang='lat' dir='ltr'>evacuas</span> 
     </span>
     <span class='ocr_line' id='line_1_22' title="bbox 130 2123 1050 2205; baseline -0.001 -21"><span class='ocrx_word' id='word_1_157' title='bbox 130 2130 162 2184; x_wconf 91' lang='lat' dir='ltr'>et</span> <span class='ocrx_word' id='word_1_158' title='bbox 181 2125 307 2201; x_wconf 87' lang='lat' dir='ltr'>evertis,</span> <span class='ocrx_word' id='word_1_159' title='bbox 325 2130 357 2183; x_wconf 92' lang='lat' dir='ltr'>et</span> <span class='ocrx_word' id='word_1_160' title='bbox 368 2125 487 2184; x_wconf 88' lang='lat' dir='ltr'>tertiam</span> <span class='ocrx_word' id='word_1_161' title='bbox 506 2131 622 2205; x_wconf 89' lang='lat' dir='ltr'>partem</span> <span class='ocrx_word' id='word_1_162' title='bbox 637 2125 820 2184; x_wconf 90' lang='lat' dir='ltr'>sacramenti</span> <span class='ocrx_word' id='word_1_163' title='bbox 831 2123 1050 2203; x_wconf 86' lang='lat' dir='ltr'>poenitentiae,</span> 
     </span>
     <span class='ocr_line' id='line_1_23' title="bbox 129 2203 1051 2287; baseline 0 -22"><span class='ocrx_word' id='word_1_164' title='bbox 129 2205 161 2267; x_wconf 93' lang='lat' dir='ltr'>id</span> <span class='ocrx_word' id='word_1_165' title='bbox 184 2212 240 2285; x_wconf 74' lang='lat' dir='ltr'>est,</span> <span class='ocrx_word' id='word_1_166' title='bbox 264 2207 527 2286; x_wconf 80' lang='lat' dir='ltr'>satisfactionem,</span> <span class='ocrx_word' id='word_1_167' title='bbox 562 2215 593 2268; x_wconf 88' lang='lat' dir='ltr'>et</span> <span class='ocrx_word' id='word_1_168' title='bbox 620 2208 725 2268; x_wconf 89' lang='lat' dir='ltr'>omnia</span> <span class='ocrx_word' id='word_1_169' title='bbox 746 2207 812 2266; x_wconf 91' lang='lat' dir='ltr'>iura</span> <span class='ocrx_word' id='word_1_170' title='bbox 832 2205 995 2287; x_wconf 86' lang='lat' dir='ltr'>loquentia</span> <span class='ocrx_word' id='word_1_171' title='bbox 1016 2203 1051 2265; x_wconf 88' lang='lat' dir='ltr'>de</span> 
     </span>
     <span class='ocr_line' id='line_1_24' title="bbox 129 2287 1050 2370; baseline -0.002 -21"><span class='ocrx_word' id='word_1_172' title='bbox 129 2290 324 2369; x_wconf 88' lang='lat' dir='ltr'>poenitentia</span> <span class='ocrx_word' id='word_1_173' title='bbox 345 2289 470 2350; x_wconf 91' lang='lat' dir='ltr'>salutari</span> <span class='ocrx_word' id='word_1_174' title='bbox 490 2290 688 2370; x_wconf 85' lang='lat' dir='ltr'>imponenda,</span> <span class='ocrx_word' id='word_1_175' title='bbox 711 2296 741 2350; x_wconf 90' lang='lat' dir='ltr'>et</span> <span class='ocrx_word' id='word_1_176' title='bbox 751 2290 972 2370; x_wconf 84' lang='lat' dir='ltr'>purgatorium,</span> <span class='ocrx_word' id='word_1_177' title='bbox 995 2287 1050 2348; x_wconf 88' lang='lat' dir='ltr'>nisi</span> 
     </span>
     <span class='ocr_line' id='line_1_25' title="bbox 127 2370 1050 2453; baseline 0 -22"><span class='ocrx_word' id='word_1_178' title='bbox 127 2372 207 2432; x_wconf 78' lang='lat' dir='ltr'>torte</span> <span class='ocrx_word' id='word_1_179' title='bbox 231 2370 334 2451; x_wconf 90' lang='lat' dir='ltr'>dicas,</span> <span class='ocrx_word' id='word_1_180' title='bbox 368 2372 451 2451; x_wconf 90' lang='lat' dir='ltr'>quod</span> <span class='ocrx_word' id='word_1_181' title='bbox 472 2392 605 2453; x_wconf 88' lang='lat' dir='ltr'>poenam</span> <span class='ocrx_word' id='word_1_182' title='bbox 629 2392 752 2434; x_wconf 89' lang='lat' dir='ltr'>omnem</span> <span class='ocrx_word' id='word_1_183' title='bbox 774 2373 903 2450; x_wconf 79' lang='lat' dir='ltr'>remitti,</span> <span class='ocrx_word' id='word_1_184' title='bbox 927 2377 958 2432; x_wconf 87' lang='lat' dir='ltr'>et</span> <span class='ocrx_word' id='word_1_185' title='bbox 979 2389 1050 2452; x_wconf 83' lang='lat' dir='ltr'>poe</span> 
     </span>
     <span class='ocr_line' id='line_1_26' title="bbox 129 2454 1050 2535; baseline 0 -22"><span class='ocrx_word' id='word_1_186' title='bbox 129 2472 200 2514; x_wconf 89' lang='lat' dir='ltr'>nam</span> <span class='ocrx_word' id='word_1_187' title='bbox 224 2473 349 2514; x_wconf 92' lang='lat' dir='ltr'>omnem</span> <span class='ocrx_word' id='word_1_188' title='bbox 377 2455 540 2516; x_wconf 83' lang='lat' dir='ltr'>exsolvere</span> <span class='ocrx_word' id='word_1_189' title='bbox 552 2455 633 2516; x_wconf 89' lang='lat' dir='ltr'>idem</span> <span class='ocrx_word' id='word_1_190' title='bbox 652 2457 700 2531; x_wconf 89' lang='lat' dir='ltr'>sit,</span> <span class='ocrx_word' id='word_1_191' title='bbox 720 2455 801 2535; x_wconf 92' lang='lat' dir='ltr'>quod</span> <span class='ocrx_word' id='word_1_192' title='bbox 815 2454 982 2516; x_wconf 89' lang='lat' dir='ltr'>absurdum</span> <span class='ocrx_word' id='word_1_193' title='bbox 997 2459 1050 2514; x_wconf 88' lang='lat' dir='ltr'>est</span> 
     </span>
    </p>

    <p class='ocr_par' dir='ltr' id='par_1_4' title="bbox 129 2534 1051 2848">
     <span class='ocr_line' id='line_1_27' title="bbox 211 2534 1051 2622; baseline -0.007 -20"><span class='ocrx_word' id='word_1_194' title='bbox 211 2534 270 2622; x_wconf 81' lang='lat'>37)</span> <span class='ocrx_word' id='word_1_195' title='bbox 295 2537 384 2599; x_wconf 85' lang='lat' dir='ltr'>Mart.</span> <span class='ocrx_word' id='word_1_196' title='bbox 400 2538 536 2614; x_wconf 75' lang='lat' dir='ltr'>Quilibet</span> <span class='ocrx_word' id='word_1_197' title='bbox 554 2557 644 2599; x_wconf 88' lang='lat' dir='ltr'>verus</span> <span class='ocrx_word' id='word_1_198' title='bbox 656 2538 856 2617; x_wconf 83' lang='lat' dir='ltr'>Christianus,</span> <span class='ocrx_word' id='word_1_199' title='bbox 877 2539 943 2598; x_wconf 87' lang='lat' dir='ltr'>sive</span> <span class='ocrx_word' id='word_1_200' title='bbox 955 2538 1051 2614; x_wconf 86' lang='lat' dir='ltr'>vivus,</span> 
     </span>
     <span class='ocr_line' id='line_1_28' title="bbox 130 2620 1050 2702; baseline 0 -22"><span class='ocrx_word' id='word_1_201' title='bbox 130 2621 196 2680; x_wconf 87' lang='lat' dir='ltr'>sive</span> <span class='ocrx_word' id='word_1_202' title='bbox 218 2627 366 2700; x_wconf 87' lang='lat' dir='ltr'>mortuus,</span> <span class='ocrx_word' id='word_1_203' title='bbox 390 2621 484 2700; x_wconf 82' lang='lat' dir='ltr'>habet</span> <span class='ocrx_word' id='word_1_204' title='bbox 504 2623 774 2702; x_wconf 88' lang='lat' dir='ltr'>participationem</span> <span class='ocrx_word' id='word_1_205' title='bbox 797 2622 934 2682; x_wconf 91' lang='lat' dir='ltr'>omnium</span> <span class='ocrx_word' id='word_1_206' title='bbox 956 2620 1050 2683; x_wconf 77' lang='lat' dir='ltr'>bono</span> 
     </span>
     <span class='ocr_line' id='line_1_29' title="bbox 129 2703 1050 2785; baseline 0 -22"><span class='ocrx_word' id='word_1_207' title='bbox 129 2723 195 2763; x_wconf 87' lang='lat' dir='ltr'>rum</span> <span class='ocrx_word' id='word_1_208' title='bbox 219 2703 331 2764; x_wconf 79' lang='lat' dir='ltr'>Christi</span> <span class='ocrx_word' id='word_1_209' title='bbox 354 2710 385 2764; x_wconf 91' lang='lat' dir='ltr'>et</span> <span class='ocrx_word' id='word_1_210' title='bbox 407 2705 568 2785; x_wconf 88' lang='lat' dir='ltr'>ecclesiae,</span> <span class='ocrx_word' id='word_1_211' title='bbox 587 2706 678 2766; x_wconf 91' lang='lat' dir='ltr'>etiam</span> <span class='ocrx_word' id='word_1_212' title='bbox 697 2706 763 2765; x_wconf 89' lang='lat' dir='ltr'>sine</span> <span class='ocrx_word' id='word_1_213' title='bbox 775 2704 870 2765; x_wconf 83' lang='lat' dir='ltr'>literis</span> <span class='ocrx_word' id='word_1_214' title='bbox 883 2704 1050 2781; x_wconf 87' lang='lat' dir='ltr'>veniarum,</span> 
     </span>
     <span class='ocr_line' id='line_1_30' title="bbox 129 2786 455 2848; baseline 0.006 -2"><span class='ocrx_word' id='word_1_215' title='bbox 129 2786 237 2848; x_wconf 87' lang='lat' dir='ltr'>aDeo</span> <span class='ocrx_word' id='word_1_216' title='bbox 261 2787 319 2848; x_wconf 89' lang='lat' dir='ltr'>sibi</span> <span class='ocrx_word' id='word_1_217' title='bbox 343 2786 455 2848; x_wconf 86' lang='lat' dir='ltr'>datam.</span> 
     </span>
    </p>

    <p class='ocr_par' dir='ltr' id='par_1_5' title="bbox 103 2869 1051 3864">
     <span class='ocr_line' id='line_1_31' title="bbox 213 2869 1050 2951; baseline -0.002 -21"><span class='ocrx_word' id='word_1_218' title='bbox 213 2869 266 2930; x_wconf 82' lang='lat' dir='ltr'>sil.</span> <span class='ocrx_word' id='word_1_219' title='bbox 289 2870 323 2931; x_wconf 88' lang='lat' dir='ltr'>la</span> <span class='ocrx_word' id='word_1_220' title='bbox 346 2889 442 2951; x_wconf 89' lang='lat' dir='ltr'>opere</span> <span class='ocrx_word' id='word_1_221' title='bbox 464 2871 558 2950; x_wconf 92' lang='lat' dir='ltr'>bono,</span> <span class='ocrx_word' id='word_1_222' title='bbox 582 2889 642 2950; x_wconf 88' lang='lat' dir='ltr'>quo</span> <span class='ocrx_word' id='word_1_223' title='bbox 665 2877 768 2931; x_wconf 90' lang='lat' dir='ltr'>reatus</span> <span class='ocrx_word' id='word_1_224' title='bbox 789 2869 1050 2950; x_wconf 88' lang='lat' dir='ltr'>poenaedeletur,</span> 
     </span>
     <span class='ocr_line' id='line_1_32' title="bbox 130 2952 1050 3033; baseline 0.001 -22"><span class='ocrx_word' id='word_1_225' title='bbox 130 2959 205 3032; x_wconf 93' lang='lat' dir='ltr'>puta</span> <span class='ocrx_word' id='word_1_226' title='bbox 226 2952 351 3032; x_wconf 92' lang='lat' dir='ltr'>ieiunio,</span> <span class='ocrx_word' id='word_1_227' title='bbox 375 2955 516 3014; x_wconf 87' lang='lat' dir='ltr'>oratioue</span> <span class='ocrx_word' id='word_1_228' title='bbox 539 2961 570 3015; x_wconf 86' lang='lat' dir='ltr'>et</span> <span class='ocrx_word' id='word_1_229' title='bbox 592 2954 807 3033; x_wconf 90' lang='lat' dir='ltr'>eleemosyna,</span> <span class='ocrx_word' id='word_1_230' title='bbox 831 2953 891 3013; x_wconf 91' lang='lat' dir='ltr'>duo</span> <span class='ocrx_word' id='word_1_231' title='bbox 914 2957 987 3012; x_wconf 91' lang='lat' dir='ltr'>sunt</span> <span class='ocrx_word' id='word_1_232' title='bbox 1008 2969 1050 3012; x_wconf 89' lang='lat' dir='ltr'>se·</span> 
     </span>
     <span class='ocr_line' id='line_1_33' title="bbox 130 3034 1050 3110; baseline -0.002 -16"><span class='ocrx_word' id='word_1_233' title='bbox 130 3034 262 3095; x_wconf 85' lang='lat' dir='ltr'>cundum</span> <span class='ocrx_word' id='word_1_234' title='bbox 284 3035 454 3096; x_wconf 85' lang='lat' dir='ltr'>doctrinam</span> <span class='ocrx_word' id='word_1_235' title='bbox 473 3037 662 3098; x_wconf 81' lang='lat' dir='ltr'>Sanctorum.</span> <span class='ocrx_word' id='word_1_236' title='bbox 707 3035 807 3097; x_wconf 90' lang='lat' dir='ltr'>Unum</span> <span class='ocrx_word' id='word_1_237' title='bbox 832 3042 879 3096; x_wconf 88' lang='lat' dir='ltr'>est</span> <span class='ocrx_word' id='word_1_238' title='bbox 900 3035 1050 3110; x_wconf 88' lang='lat' dir='ltr'>meritum,</span> 
     </span>
     <span class='ocr_line' id='line_1_34' title="bbox 128 3116 1050 3201; baseline -0.001 -24"><span class='ocrx_word' id='word_1_239' title='bbox 128 3117 212 3197; x_wconf 86' lang='lat' dir='ltr'>quod</span> <span class='ocrx_word' id='word_1_240' title='bbox 233 3119 348 3179; x_wconf 90' lang='lat' dir='ltr'>nullius</span> <span class='ocrx_word' id='word_1_241' title='bbox 370 3139 440 3180; x_wconf 89' lang='lat' dir='ltr'>esse</span> <span class='ocrx_word' id='word_1_242' title='bbox 460 3126 580 3201; x_wconf 90' lang='lat' dir='ltr'>potest,</span> <span class='ocrx_word' id='word_1_243' title='bbox 609 3121 668 3180; x_wconf 91' lang='lat' dir='ltr'>nisi</span> <span class='ocrx_word' id='word_1_244' title='bbox 691 3118 865 3199; x_wconf 86' lang='lat' dir='ltr'>operantis,</span> <span class='ocrx_word' id='word_1_245' title='bbox 893 3119 945 3198; x_wconf 92' lang='lat' dir='ltr'>qui</span> <span class='ocrx_word' id='word_1_246' title='bbox 966 3116 1050 3178; x_wconf 83' lang='lat' dir='ltr'>aolus</span> 
     </span>
     <span class='ocr_line' id='line_1_35' title="bbox 128 3200 1051 3283; baseline -0.002 -23"><span class='ocrx_word' id='word_1_247' title='bbox 128 3219 186 3280; x_wconf 90' lang='lat' dir='ltr'>pro</span> <span class='ocrx_word' id='word_1_248' title='bbox 218 3219 314 3281; x_wconf 90' lang='lat' dir='ltr'>opere</span> <span class='ocrx_word' id='word_1_249' title='bbox 343 3204 469 3282; x_wconf 91' lang='lat' dir='ltr'>proprio</span> <span class='ocrx_word' id='word_1_250' title='bbox 496 3204 635 3283; x_wconf 90' lang='lat' dir='ltr'>praemio</span> <span class='ocrx_word' id='word_1_251' title='bbox 658 3202 799 3263; x_wconf 88' lang='lat' dir='ltr'>donatur.</span> <span class='ocrx_word' id='word_1_252' title='bbox 842 3200 982 3261; x_wconf 88' lang='lat' dir='ltr'>Alterum</span> <span class='ocrx_word' id='word_1_253' title='bbox 1006 3204 1051 3260; x_wconf 88' lang='lat' dir='ltr'>est</span> 
     </span>
     <span class='ocr_line' id='line_1_36' title="bbox 103 3282 1051 3370; baseline -0.003 -27"><span class='ocrx_word' id='word_1_254' title='bbox 103 3283 314 3370; x_wconf 59' lang='lat' dir='ltr'>,satisfactim</span> <span class='ocrx_word' id='word_1_255' title='bbox 343 3303 423 3364; x_wconf 88' lang='lat' dir='ltr'>quae</span> <span class='ocrx_word' id='word_1_256' title='bbox 451 3285 533 3346; x_wconf 90' lang='lat' dir='ltr'>aliud</span> <span class='ocrx_word' id='word_1_257' title='bbox 556 3286 705 3346; x_wconf 85' lang='lat' dir='ltr'>emerito</span> <span class='ocrx_word' id='word_1_258' title='bbox 730 3288 793 3362; x_wconf 88' lang='lat' dir='ltr'>est,</span> <span class='ocrx_word' id='word_1_259' title='bbox 826 3283 908 3343; x_wconf 87' lang='lat' dir='ltr'>unda</span> <span class='ocrx_word' id='word_1_260' title='bbox 927 3285 971 3358; x_wconf 91' lang='lat' dir='ltr'>is,</span> <span class='ocrx_word' id='word_1_261' title='bbox 1001 3282 1051 3361; x_wconf 90' lang='lat' dir='ltr'>qni</span> 
     </span>
     <span class='ocr_line' id='line_1_37' title="bbox 130 3363 1051 3450; baseline -0.003 -24"><span class='ocrx_word' id='word_1_262' title='bbox 130 3366 361 3447; x_wconf 87' lang='lat' dir='ltr'>eleemosynam</span> <span class='ocrx_word' id='word_1_263' title='bbox 396 3368 523 3450; x_wconf 84' lang='lat' dir='ltr'>largitur</span> <span class='ocrx_word' id='word_1_264' title='bbox 559 3387 617 3450; x_wconf 89' lang='lat' dir='ltr'>pro</span> <span class='ocrx_word' id='word_1_265' title='bbox 657 3368 762 3428; x_wconf 89' lang='lat' dir='ltr'>anima</span> <span class='ocrx_word' id='word_1_266' title='bbox 800 3366 954 3446; x_wconf 88' lang='lat' dir='ltr'>parentis,</span> <span class='ocrx_word' id='word_1_267' title='bbox 995 3363 1051 3424; x_wconf 90' lang='lat' dir='ltr'>sibi</span> 
     </span>
     <span class='ocr_line' id='line_1_38' title="bbox 129 3447 1050 3531; baseline -0.001 -23"><span class='ocrx_word' id='word_1_268' title='bbox 129 3447 252 3527; x_wconf 89' lang='lat' dir='ltr'>quidem</span> <span class='ocrx_word' id='word_1_269' title='bbox 276 3457 418 3530; x_wconf 88' lang='lat' dir='ltr'>meretur,</span> <span class='ocrx_word' id='word_1_270' title='bbox 440 3470 496 3531; x_wconf 91' lang='lat' dir='ltr'>pro</span> <span class='ocrx_word' id='word_1_271' title='bbox 509 3453 609 3511; x_wconf 92' lang='lat' dir='ltr'>amico</span> <span class='ocrx_word' id='word_1_272' title='bbox 627 3457 727 3510; x_wconf 89' lang='lat' dir='ltr'>autem</span> <span class='ocrx_word' id='word_1_273' title='bbox 744 3449 901 3525; x_wconf 75' lang='lat' dir='ltr'>satisfacit,</span> <span class='ocrx_word' id='word_1_274' title='bbox 924 3448 962 3508; x_wconf 93' lang='lat' dir='ltr'>ad</span> <span class='ocrx_word' id='word_1_275' title='bbox 978 3447 1050 3508; x_wconf 90' lang='lat' dir='ltr'>abo-</span> 
     </span>
     <span class='ocr_line' id='line_1_39' title="bbox 130 3530 1051 3613; baseline -0.003 -21"><span class='ocrx_word' id='word_1_276' title='bbox 130 3530 252 3592; x_wconf 93' lang='lat' dir='ltr'>lendum</span> <span class='ocrx_word' id='word_1_277' title='bbox 281 3552 404 3613; x_wconf 83' lang='lat' dir='ltr'>poenas</span> <span class='ocrx_word' id='word_1_278' title='bbox 432 3540 560 3595; x_wconf 89' lang='lat' dir='ltr'>reatum.</span> <span class='ocrx_word' id='word_1_279' title='bbox 612 3532 688 3608; x_wconf 78' lang='lat' dir='ltr'>Quis</span> <span class='ocrx_word' id='word_1_280' title='bbox 716 3534 796 3594; x_wconf 86' lang='lat' dir='ltr'>enim</span> <span class='ocrx_word' id='word_1_281' title='bbox 826 3533 906 3592; x_wconf 90' lang='lat' dir='ltr'>ausit</span> <span class='ocrx_word' id='word_1_282' title='bbox 927 3548 1051 3611; x_wconf 84' lang='lat' dir='ltr'>negare,</span> 
     </span>
     <span class='ocr_line' id='line_1_40' title="bbox 129 3612 1050 3696; baseline -0.005 -19"><span class='ocrx_word' id='word_1_283' title='bbox 129 3614 358 3695; x_wconf 85' lang='lat' dir='ltr'>eleemosynam</span> <span class='ocrx_word' id='word_1_284' title='bbox 393 3617 501 3678; x_wconf 89' lang='lat' dir='ltr'>horum</span> <span class='ocrx_word' id='word_1_285' title='bbox 535 3618 655 3696; x_wconf 90' lang='lat' dir='ltr'>utrique</span> <span class='ocrx_word' id='word_1_286' title='bbox 681 3615 808 3676; x_wconf 80' lang='lat' dir='ltr'>valere?</span> <span class='ocrx_word' id='word_1_287' title='bbox 858 3614 889 3676; x_wconf 85' lang='lat' dir='ltr'>si</span> <span class='ocrx_word' id='word_1_288' title='bbox 914 3633 989 3695; x_wconf 87' lang='lat' dir='ltr'>ergo</span> <span class='ocrx_word' id='word_1_289' title='bbox 1012 3612 1050 3672; x_wconf 92' lang='lat' dir='ltr'>de</span> 
     </span>
     <span class='ocr_line' id='line_1_41' title="bbox 128 3696 1049 3778; baseline -0.003 -21"><span class='ocrx_word' id='word_1_290' title='bbox 128 3696 219 3758; x_wconf 90' lang='lat' dir='ltr'>bonis</span> <span class='ocrx_word' id='word_1_291' title='bbox 243 3697 386 3778; x_wconf 91' lang='lat' dir='ltr'>operibus</span> <span class='ocrx_word' id='word_1_292' title='bbox 404 3699 515 3761; x_wconf 81' lang='lat' dir='ltr'>Christi</span> <span class='ocrx_word' id='word_1_293' title='bbox 538 3707 569 3760; x_wconf 91' lang='lat' dir='ltr'>et</span> <span class='ocrx_word' id='word_1_294' title='bbox 591 3699 741 3760; x_wconf 87' lang='lat' dir='ltr'>ecclesiae</span> <span class='ocrx_word' id='word_1_295' title='bbox 755 3699 890 3778; x_wconf 90' lang='lat' dir='ltr'>loquaris</span> <span class='ocrx_word' id='word_1_296' title='bbox 902 3702 1049 3777; x_wconf 85' lang='lat' dir='ltr'>quantum</span> 
     </span>
     <span class='ocr_line' id='line_1_42' title="bbox 127 3779 1049 3864; baseline 0 -24"><span class='ocrx_word' id='word_1_297' title='bbox 127 3780 166 3840; x_wconf 90' lang='lat' dir='ltr'>ad</span> <span class='ocrx_word' id='word_1_298' title='bbox 189 3782 345 3862; x_wconf 88' lang='lat' dir='ltr'>meritum,</span> <span class='ocrx_word' id='word_1_299' title='bbox 373 3782 446 3845; x_wconf 90' lang='lat' dir='ltr'>licet</span> <span class='ocrx_word' id='word_1_300' title='bbox 465 3802 521 3864; x_wconf 89' lang='lat' dir='ltr'>pro</span> <span class='ocrx_word' id='word_1_301' title='bbox 543 3783 677 3844; x_wconf 57' lang='lat' dir='ltr'>alterius&lt;</span> <span class='ocrx_word' id='word_1_302' title='bbox 690 3783 800 3844; x_wconf 89' lang='lat' dir='ltr'>merito</span> <span class='ocrx_word' id='word_1_303' title='bbox 821 3779 924 3843; x_wconf 87' lang='lat' dir='ltr'>nullus</span> <span class='ocrx_word' id='word_1_304' title='bbox 946 3797 1049 3841; x_wconf 89' lang='lat' dir='ltr'>mune·</span> 
     </span>
    </p>
   </div>
   <div class='ocr_carea' id='block_1_4' title="bbox 0 0 1187 4200">
    <p class='ocr_par' dir='ltr' id='par_1_6' title="bbox 0 0 1187 4200">
     <span class='ocr_line' id='line_1_43' title="bbox 0 0 1187 4200; baseline 0 0"><span class='ocrx_word' id='word_1_305' title='bbox 0 0 1187 4200; x_wconf 95' lang='lat' dir='ltr'> </span> 
     </span>
    </p>
   </div>
  </div>
 </body>
</html>
