2356 4200
124 222 187 327 md
283 274 288 279 ·
378 259 573 317 nanuum
592 259 703 329 Disnnt.
720 259 800 314 Lntb.

126 430 213 511 pleri,
234 445 297 492 non
320 428 502 510 opernndo,
530 427 586 490 sed
614 426 785 504 eredendo,
813 445 878 489 nou
908 427 979 491 Deo
1000 427 1052 491 nli·

126 512 200 594 qnid
223 511 393 588 offerendo,
416 510 471 573 sed
493 531 532 572 ex
547 510 669 572 Christo
688 511 792 572 omnis
813 509 1002 591 snoipiendo
1023 520 1052 577 nt

125 595 350 677 participando,
374 593 414 654 de
435 594 525 656 ouius
540 592 966 677 plenitudinepsrtioipsmus
990 613 1051 657 orn

124 698 181 750 nes
202 687 235 740 et
255 679 431 759 sonipimns.
460 677 509 738 De
531 694 592 756 quo
612 676 690 737 olins
703 675 813 747 letius.

396 842 613 905 Conclusio
644 841 768 904 LXlll.
832 880 835 885 -

208 970 270 1032 Hie
290 977 391 1032 nutem
414 976 462 1031 est
482 971 591 1034 merito
604 968 826 1049 odiosissimus,
850 970 978 1050 quisex
994 971 1050 1053 pri-

126 1056 183 1115 mis
205 1055 278 1115 feeit
299 1053 496 1115 novissimos.
992 1117 994 1121 ¹

209 1135 412 1218 Evangelium
444 1136 524 1196 enim
555 1134 683 1197 destruit
713 1153 749 1195 es
771 1152 852 1214 quse
874 1140 958 1216 sunt,
983 1150 1051 1197 eon-

128 1218 227 1280 fnndit
248 1219 356 1298 fortis,
386 1215 545 1278 confundit
567 1218 737 1300 snpientia,
759 1224 791 1277 et
811 1214 926 1299 redigit
944 1220 1050 1281 eos'ln

127 1299 264 1380 nihilum,
290 1299 550 1380 ininflrmitstem,
570 1302 603 1362 in
617 1300 785 1380 stultitiam,
801 1300 873 1380 quis
894 1298 1050 1363 dooetlrn·

128 1383 288 1445 militstem
320 1392 352 1444 et
376 1402 512 1445 erucem.
556 1383 608 1445 Sio
629 1383 710 1444 Pssl.
731 1385 765 1447 9:
790 1384 959 1481 lnorepssti
980 1402 1050 1467 gen·

127 1474 174 1528 tes
197 1473 229 1527 et
249 1467 339 1549 periit
360 1467 482 1548 impius,
504 1486 619 1529 nomen
643 1484 749 1528 eornm
772 1464 891 1528 delestr.
928 1464 1051 1545 UVerurn

126 1549 207 1610 hene
227 1549 364 1631 regulum
389 1551 487 1611 erneis
509 1550 636 1611 horrent
659 1567 777 1629 omnes,
792 1547 906 1629 ¹quibus
926 1549 1053 1631 pleseni

4 1674 6 1678 ι
125 1632 249 1693 terrens
271 1637 303 1692 et
323 1652 388 1708 sus,
411 1631 566 1694 dieentes:
587 1631 688 1694 Durus
711 1638 758 1692 est
777 1631 828 1693 hio
843 1649 960 1709 sermo,
981 1630 1050 1703 ldoo

33 1748 38 1769 r
126 1722 260 1775 nonest
289 1716 419 1793 mirum,
448 1715 474 1775 si
502 1716 542 1776 sit
570 1715 783 1777 odiosissimus
814 1731 917 1776 sermo
940 1714 1052 1777 Christi

126 1797 187 1877 his,
223 1798 274 1877 qui
302 1796 433 1879 diligunt
455 1796 487 1881 ¹)
517 1797 632 1878 aliquid
660 1812 745 1879 esse,
773 1799 976 1881 sapientiem,
998 1810 1050 1881 po·

126 1881 275 2024 ddditdll’
297 1898 400 1942 eornm
424 1899 458 1941 se
476 1888 512 1965 ,et
532 1880 729 1957 hominibus,
764 1888 796 1942 et
815 1880 907 1996 primi
930 1880 995 1942 sibi
1013 1880 1051 1943 sl-

320 2109 325 2116 '
407 2127 622 2190 conclusio
651 2127 770 2189 nxrv.

211 2254 386 2316 Thesaurus
422 2264 526 2317 sutem
560 2256 818 2337 indulgentiarum
853 2257 968 2318 merito
1010 2261 1053 2329 ent

130 2339 335 2418 gratissimus,
358 2340 430 2417 quis
453 2359 493 2413 ex
515 2340 691 2401 novissimis
712 2339 787 2400 feeit
807 2336 936 2419 primos.

213 2419 291 2496 Quis
313 2420 406 2482 donet
426 2422 552 2483 horrere
573 2441 703 2502 poenes,
723 2423 786 2483 imo
807 2421 881 2483 feeit
902 2421 1052 2485 liberos·

129 2521 242 2584 poene,
260 2503 342 2583 quod
365 2511 413 2564 est
434 2503 630 2566 solummodo
652 2506 811 2568 iustorum.
838 2504 951 2565 Nullus
974 2507 1052 2567 eninr

129 2585 247 2666 indiget
267 2585 481 2668 indulgentiis,
511 2588 569 2650 nisi
601 2606 707 2648 servus
729 2606 920 2668 poenarum,
942 2587 976 2648 id
999 2595 1052 2665 est,

130 2669 265 2747 quinon
288 2669 478 2750 enlosteas,
513 2677 692 2750 contemptu
719 2670 853 2751 superbo
887 2672 934 2730 sis
959 2670 1052 2733 domiss

130 2770 218 2826 unns,
240 2750 295 2812 sed
318 2754 466 2832 premitur
486 2752 546 2813 illis
569 2759 601 2814 et
621 2750 699 2834 fugit
719 2773 793 2832 ens,
815 2754 895 2814 siout
917 2773 998 2834 puer
1016 2752 1052 2815 sb

130 2833 244 2895 umbris
266 2835 367 2905 noetis
388 2842 420 2896 et
441 2836 656 2914 tenebrarum,
685 2843 718 2897 et
739 2843 841 2897 temen
874 2839 1052 2910 permittun-

129 2915 314 3013 wroolihori,
348 2937 417 2980 oum
452 2920 523 2981 insti
559 2920 652 2981 etism
692 2917 821 2981 subienti
850 2920 913 2981 siut
944 2920 1052 3002 poenis

130 3016 232 3061 vsnrs.
287 3060 290 3065 .

423 3166 652 3229 Conclusio·
674 3168 779 3230 LXV.

211 3301 306 3382 Igitur
337 3303 472 3365 thesauri
507 3307 678 3389 evangelici
710 3308 788 3368 retis
815 3316 902 3388 sunt,
946 3309 1051 3391 quibus

130 3384 202 3446 olim
213 3384 422 3529 spiscabuntur
442 3388 525 3449 viros
547 3388 734 3456 divitiarum.

235 3487 244 3526 r

156 3526 159 3531 .
215 3544 218 3555 Ι
247 3485 264 3526 o
293 3469 375 3530 enim
409 3470 586 3550 spostolus:
616 3472 688 3533 Non
717 3491 832 3553 quaero
855 3479 981 3557 vestre,
1003 3472 1051 3539 sed

137 3567 204 3609 vos.
243 3548 288 3621 ‚Et
308 3549 463 3613 Christus:
496 3552 617 3616 Fnoism
641 3575 698 3618 vos
722 3554 788 3618 fleri
812 3558 987 3637 piscatores
1009 3559 1053 3621 ho·

130 3688 546 3711 ———-——...——-

185 3760 211 3825 l)
231 3757 261 3817 ln
279 3759 323 3817 od.
340 3760 418 3815 lem:
437 3760 570 3832 deligunt
