<?xml version="1.0" encoding="UTF-8"?>
<!DOCTYPE html PUBLIC "-//W3C//DTD XHTML 1.0 Transitional//EN"
    "http://www.w3.org/TR/xhtml1/DTD/xhtml1-transitional.dtd">
<html xmlns="http://www.w3.org/1999/xhtml" xml:lang="en" lang="en">
 <head>
  <title>
</title>
<meta http-equiv="Content-Type" content="text/html;charset=utf-8" />
  <meta name='ocr-system' content='tesseract 3.04.00' />
  <meta name='ocr-capabilities' content='ocr_page ocr_carea ocr_par ocr_line ocrx_word'/>
</head>
<body>
  <div class='ocr_page' id='page_1' title='image "./dmartinilutheri01luthgoog_0883.png"; bbox 0 0 2356 4200; ppageno 0'>
   <div class='ocr_carea' id='block_1_1' title="bbox 130 249 972 372">
    <p class='ocr_par' dir='ltr' id='par_1_1' title="bbox 130 249 972 372">
     <span class='ocr_line' id='line_1_1' title="bbox 130 249 972 372; baseline -0.011 -8"><span class='ocrx_word' id='word_1_1' title='bbox 130 294 193 366; x_wconf 78' lang='grc'>420</span> <span class='ocrx_word' id='word_1_2' title='bbox 421 301 547 372; x_wconf 72' lang='lat' dir='ltr'>Epistola</span> <span class='ocrx_word' id='word_1_3' title='bbox 565 302 599 356; x_wconf 89' lang='lat' dir='ltr'>D.</span> <span class='ocrx_word' id='word_1_4' title='bbox 618 288 727 357; x_wconf 79' lang='lat' dir='ltr'>liertinl</span> <span class='ocrx_word' id='word_1_5' title='bbox 747 285 860 358; x_wconf 67' lang='lat' dir='ltr'>lutheri</span> <span class='ocrx_word' id='word_1_6' title='bbox 960 249 972 275; x_wconf 36' lang='grc' dir='ltr'>ἱ</span> 
     </span>
    </p>
   </div>
   <div class='ocr_carea' id='block_1_2' title="bbox 68 467 1053 3795">
    <p class='ocr_par' dir='ltr' id='par_1_2' title="bbox 129 467 1053 718">
     <span class='ocr_line' id='line_1_2' title="bbox 134 467 1052 554; baseline 0.001 -23"><span class='ocrx_word' id='word_1_7' title='bbox 134 492 137 497; x_wconf 68' lang='grc'>’</span> <span class='ocrx_word' id='word_1_8' title='bbox 213 467 333 531; x_wconf 86' lang='lat' dir='ltr'>Deinde</span> <span class='ocrx_word' id='word_1_9' title='bbox 355 471 435 551; x_wconf 85' lang='lat' dir='ltr'>vide,</span> <span class='ocrx_word' id='word_1_10' title='bbox 457 472 753 554; x_wconf 55' lang='lat' dir='ltr'>optime&#39;Prinoeps,</span> <span class='ocrx_word' id='word_1_11' title='bbox 776 473 861 552; x_wconf 90' lang='lat' dir='ltr'>quod</span> <span class='ocrx_word' id='word_1_12' title='bbox 883 484 960 534; x_wconf 80' lang='lat' dir='ltr'>vere</span> <span class='ocrx_word' id='word_1_13' title='bbox 974 473 1052 533; x_wconf 87' lang='lat' dir='ltr'>Dens</span> 
     </span>
     <span class='ocr_line' id='line_1_3' title="bbox 129 552 1053 638; baseline 0.001 -23"><span class='ocrx_word' id='word_1_14' title='bbox 129 555 161 615; x_wconf 92' lang='lat' dir='ltr'>in</span> <span class='ocrx_word' id='word_1_15' title='bbox 183 553 253 614; x_wconf 87' lang='lat' dir='ltr'>altis</span> <span class='ocrx_word' id='word_1_16' title='bbox 275 552 409 635; x_wconf 84' lang='lat' dir='ltr'>habitet,</span> <span class='ocrx_word' id='word_1_17' title='bbox 432 562 463 616; x_wconf 90' lang='lat' dir='ltr'>et</span> <span class='ocrx_word' id='word_1_18' title='bbox 485 554 727 638; x_wconf 87' lang='lat' dir='ltr'>comprehendat</span> <span class='ocrx_word' id='word_1_19' title='bbox 748 560 870 618; x_wconf 84' lang='lat' dir='ltr'>astutos</span> <span class='ocrx_word' id='word_1_20' title='bbox 893 558 924 617; x_wconf 91' lang='lat' dir='ltr'>in</span> <span class='ocrx_word' id='word_1_21' title='bbox 946 556 1053 617; x_wconf 83' lang='lat' dir='ltr'>astutia</span> 
     </span>
     <span class='ocr_line' id='line_1_4' title="bbox 131 636 997 718; baseline 0.002 -20"><span class='ocrx_word' id='word_1_22' title='bbox 131 656 196 698; x_wconf 86' lang='lat' dir='ltr'>sua.</span> <span class='ocrx_word' id='word_1_23' title='bbox 218 636 301 697; x_wconf 89' lang='lat' dir='ltr'>Dicit</span> <span class='ocrx_word' id='word_1_24' title='bbox 323 639 415 718; x_wconf 88' lang='lat' dir='ltr'>enim,</span> <span class='ocrx_word' id='word_1_25' title='bbox 437 639 495 699; x_wconf 86' lang='lat' dir='ltr'>tric</span> <span class='ocrx_word' id='word_1_26' title='bbox 515 639 732 701; x_wconf 83' lang='lat' dir='ltr'>affirmaverim</span> <span class='ocrx_word' id='word_1_27' title='bbox 755 639 787 698; x_wconf 91' lang='lat' dir='ltr'>in</span> <span class='ocrx_word' id='word_1_28' title='bbox 809 640 871 701; x_wconf 84' lang='lat' dir='ltr'>hcc</span> <span class='ocrx_word' id='word_1_29' title='bbox 893 657 997 700; x_wconf 83' lang='lat' dir='ltr'>cause.</span> 
     </span>
    </p>

    <p class='ocr_par' dir='ltr' id='par_1_3' title="bbox 130 719 1053 970">
     <span class='ocr_line' id='line_1_5' title="bbox 155 719 1052 800; baseline 0.003 -20"><span class='ocrx_word' id='word_1_30' title='bbox 155 726 158 731; x_wconf 85' lang='lat'>&#39;</span> <span class='ocrx_word' id='word_1_31' title='bbox 212 719 336 800; x_wconf 91' lang='lat' dir='ltr'>Primo,</span> <span class='ocrx_word' id='word_1_32' title='bbox 371 721 453 782; x_wconf 82' lang='lat' dir='ltr'>dicte</span> <span class='ocrx_word' id='word_1_33' title='bbox 473 722 572 784; x_wconf 87' lang='lat' dir='ltr'>fratris</span> <span class='ocrx_word' id='word_1_34' title='bbox 595 723 718 783; x_wconf 85' lang='lat' dir='ltr'>Martini</span> <span class='ocrx_word' id='word_1_35' title='bbox 739 723 772 782; x_wconf 92' lang='lat' dir='ltr'>in</span> <span class='ocrx_word' id='word_1_36' title='bbox 796 720 1052 784; x_wconf 77' lang='lat' dir='ltr'>conclusionibus</span> 
     </span>
     <span class='ocr_line' id='line_1_6' title="bbox 130 803 1053 889; baseline 0.001 -24"><span class='ocrx_word' id='word_1_37' title='bbox 130 804 192 865; x_wconf 86' lang='lat' dir='ltr'>suis</span> <span class='ocrx_word' id='word_1_38' title='bbox 214 803 410 884; x_wconf 86' lang='lat' dir='ltr'>disputative,</span> <span class='ocrx_word' id='word_1_39' title='bbox 432 806 462 864; x_wconf 93' lang='lat' dir='ltr'>in</span> <span class='ocrx_word' id='word_1_40' title='bbox 477 804 675 879; x_wconf 77' lang='lat' dir='ltr'>Sermouibus</span> <span class='ocrx_word' id='word_1_41' title='bbox 697 807 854 868; x_wconf 86' lang='lat' dir='ltr'>tamenab</span> <span class='ocrx_word' id='word_1_42' title='bbox 873 825 912 868; x_wconf 92' lang='lat' dir='ltr'>eo</span> <span class='ocrx_word' id='word_1_43' title='bbox 936 805 1053 889; x_wconf 76' lang='lat' dir='ltr'>scriptia</span> 
     </span>
     <span class='ocr_line' id='line_1_7' title="bbox 130 885 760 970; baseline 0.003 -23"><span class='ocrx_word' id='word_1_44' title='bbox 130 885 312 948; x_wconf 83' lang='lat' dir='ltr'>affirmative</span> <span class='ocrx_word' id='word_1_45' title='bbox 335 895 366 949; x_wconf 92' lang='lat' dir='ltr'>et</span> <span class='ocrx_word' id='word_1_46' title='bbox 386 889 535 949; x_wconf 81' lang='lat' dir='ltr'>assertive</span> <span class='ocrx_word' id='word_1_47' title='bbox 557 907 626 950; x_wconf 88' lang='lat' dir='ltr'>esse</span> <span class='ocrx_word' id='word_1_48' title='bbox 648 890 760 970; x_wconf 90' lang='lat' dir='ltr'>posita.</span> 
     </span>
    </p>

    <p class='ocr_par' dir='ltr' id='par_1_4' title="bbox 128 969 1053 1716">
     <span class='ocr_line' id='line_1_8' title="bbox 212 969 1053 1054; baseline 0 -22"><span class='ocrx_word' id='word_1_49' title='bbox 212 971 419 1051; x_wconf 75' lang='lat' dir='ltr'>Respondent</span> <span class='ocrx_word' id='word_1_50' title='bbox 442 971 475 1033; x_wconf 86' lang='lat' dir='ltr'>Si</span> <span class='ocrx_word' id='word_1_51' title='bbox 485 969 671 1054; x_wconf 86' lang='lat' dir='ltr'>disputative</span> <span class='ocrx_word' id='word_1_52' title='bbox 692 973 795 1053; x_wconf 88' lang='lat' dir='ltr'>posita</span> <span class='ocrx_word' id='word_1_53' title='bbox 805 971 964 1053; x_wconf 87' lang='lat' dir='ltr'>intelligit,</span> <span class='ocrx_word' id='word_1_54' title='bbox 987 970 1053 1052; x_wconf 88' lang='lat' dir='ltr'>quid</span> 
     </span>
     <span class='ocr_line' id='line_1_9' title="bbox 131 1053 1053 1136; baseline 0.001 -23"><span class='ocrx_word' id='word_1_55' title='bbox 131 1072 205 1134; x_wconf 84' lang='lat' dir='ltr'>ergo</span> <span class='ocrx_word' id='word_1_56' title='bbox 228 1073 279 1116; x_wconf 94' lang='lat' dir='ltr'>me</span> <span class='ocrx_word' id='word_1_57' title='bbox 301 1054 445 1114; x_wconf 90' lang='lat' dir='ltr'>miserum</span> <span class='ocrx_word' id='word_1_58' title='bbox 468 1061 499 1115; x_wconf 90' lang='lat' dir='ltr'>et</span> <span class='ocrx_word' id='word_1_59' title='bbox 520 1073 686 1136; x_wconf 83' lang='lat' dir='ltr'><strong>pauperem</strong></span> <span class='ocrx_word' id='word_1_60' title='bbox 712 1055 869 1116; x_wconf 89' lang='lat' dir='ltr'>hominem</span> <span class='ocrx_word' id='word_1_61' title='bbox 892 1061 942 1116; x_wconf 92' lang='lat' dir='ltr'>tot</span> <span class='ocrx_word' id='word_1_62' title='bbox 963 1053 1053 1116; x_wconf 82' lang='lat' dir='ltr'>mole</span> 
     </span>
     <span class='ocr_line' id='line_1_10' title="bbox 130 1138 1053 1218; baseline 0.001 -22"><span class='ocrx_word' id='word_1_63' title='bbox 130 1138 197 1197; x_wconf 86' lang='lat' dir='ltr'>stiis</span> <span class='ocrx_word' id='word_1_64' title='bbox 218 1142 348 1215; x_wconf 76' lang='lat' dir='ltr'>vexant,</span> <span class='ocrx_word' id='word_1_65' title='bbox 376 1143 423 1197; x_wconf 91' lang='lat' dir='ltr'>tot</span> <span class='ocrx_word' id='word_1_66' title='bbox 449 1139 620 1218; x_wconf 82' lang='lat' dir='ltr'><strong>sumptibus</strong></span> <span class='ocrx_word' id='word_1_67' title='bbox 643 1145 831 1216; x_wconf 74' lang='lat' dir='ltr'>extenuant,</span> <span class='ocrx_word' id='word_1_68' title='bbox 855 1143 903 1200; x_wconf 90' lang='lat' dir='ltr'>tot</span> <span class='ocrx_word' id='word_1_69' title='bbox 925 1138 1053 1198; x_wconf 84' lang='lat' dir='ltr'>crimini·</span> 
     </span>
     <span class='ocr_line' id='line_1_11' title="bbox 130 1218 1053 1303; baseline -0.002 -21"><span class='ocrx_word' id='word_1_70' title='bbox 130 1219 186 1282; x_wconf 84' lang='lat' dir='ltr'>bus</span> <span class='ocrx_word' id='word_1_71' title='bbox 215 1229 247 1281; x_wconf 88' lang='lat' dir='ltr'>et</span> <span class='ocrx_word' id='word_1_72' title='bbox 266 1220 442 1302; x_wconf 83' lang='lat' dir='ltr'>ignominiis</span> <span class='ocrx_word' id='word_1_73' title='bbox 464 1218 619 1301; x_wconf 85' lang='lat' dir='ltr'>afliciunt,</span> <span class='ocrx_word' id='word_1_74' title='bbox 647 1228 695 1282; x_wconf 90' lang='lat' dir='ltr'>tot</span> <span class='ocrx_word' id='word_1_75' title='bbox 714 1220 871 1303; x_wconf 42' lang='lat' dir='ltr'>,scandala</span> <span class='ocrx_word' id='word_1_76' title='bbox 898 1227 932 1281; x_wconf 86' lang='lat' dir='ltr'>et</span> <span class='ocrx_word' id='word_1_77' title='bbox 959 1239 1053 1302; x_wconf 87' lang='lat' dir='ltr'>prope</span> 
     </span>
     <span class='ocr_line' id='line_1_12' title="bbox 130 1303 1052 1385; baseline 0 -23"><span class='ocrx_word' id='word_1_78' title='bbox 130 1303 296 1365; x_wconf 87' lang='lat' dir='ltr'>schismata</span> <span class='ocrx_word' id='word_1_79' title='bbox 322 1303 482 1364; x_wconf 83' lang='lat' dir='ltr'>excitant?</span> <span class='ocrx_word' id='word_1_80' title='bbox 515 1303 592 1365; x_wconf 83' lang='lat' dir='ltr'>Sunt</span> <span class='ocrx_word' id='word_1_81' title='bbox 617 1305 852 1385; x_wconf 79' lang='lat' dir='ltr'>Disputationes</span> <span class='ocrx_word' id='word_1_82' title='bbox 894 1305 1052 1384; x_wconf 84' lang='lat' dir='ltr'>(inquit):</span> 
     </span>
     <span class='ocr_line' id='line_1_13' title="bbox 129 1385 1053 1471; baseline -0.001 -24"><span class='ocrx_word' id='word_1_83' title='bbox 129 1388 242 1467; x_wconf 78' lang='lat' dir='ltr'>gratias</span> <span class='ocrx_word' id='word_1_84' title='bbox 271 1402 348 1469; x_wconf 89' lang='lat' dir='ltr'>ago,</span> <span class='ocrx_word' id='word_1_85' title='bbox 376 1385 535 1471; x_wconf 83' lang='lat' dir='ltr'>absolutus</span> <span class='ocrx_word' id='word_1_86' title='bbox 563 1408 647 1466; x_wconf 86' lang='lat' dir='ltr'>sum,</span> <span class='ocrx_word' id='word_1_87' title='bbox 676 1390 739 1449; x_wconf 90' lang='lat' dir='ltr'>imo</span> <span class='ocrx_word' id='word_1_88' title='bbox 773 1394 804 1450; x_wconf 90' lang='lat' dir='ltr'>et</span> <span class='ocrx_word' id='word_1_89' title='bbox 824 1386 965 1448; x_wconf 86' lang='lat' dir='ltr'>damnati</span> <span class='ocrx_word' id='word_1_90' title='bbox 987 1392 1053 1446; x_wconf 86' lang='lat' dir='ltr'>eunt</span> 
     </span>
     <span class='ocr_line' id='line_1_14' title="bbox 130 1470 1052 1552; baseline 0 -23"><span class='ocrx_word' id='word_1_91' title='bbox 130 1484 253 1551; x_wconf 86' lang='lat' dir='ltr'>omnes,</span> <span class='ocrx_word' id='word_1_92' title='bbox 276 1470 327 1550; x_wconf 90' lang='lat' dir='ltr'>qui</span> <span class='ocrx_word' id='word_1_93' title='bbox 350 1487 399 1529; x_wconf 88' lang='lat' dir='ltr'>me</span> <span class='ocrx_word' id='word_1_94' title='bbox 421 1470 453 1530; x_wconf 90' lang='lat' dir='ltr'>in</span> <span class='ocrx_word' id='word_1_95' title='bbox 474 1472 521 1530; x_wconf 91' lang='lat' dir='ltr'>ins</span> <span class='ocrx_word' id='word_1_96' title='bbox 546 1477 743 1532; x_wconf 80' lang='lat' dir='ltr'>rocaverunt.</span> <span class='ocrx_word' id='word_1_97' title='bbox 770 1470 843 1552; x_wconf 85' lang='lat' dir='ltr'>lpse</span> <span class='ocrx_word' id='word_1_98' title='bbox 866 1471 950 1531; x_wconf 87' lang='lat' dir='ltr'>enim</span> <span class='ocrx_word' id='word_1_99' title='bbox 971 1484 1052 1532; x_wconf 82' lang='lat' dir='ltr'>reva-</span> 
     </span>
     <span class='ocr_line' id='line_1_15' title="bbox 128 1549 1052 1634; baseline 0.001 -22"><span class='ocrx_word' id='word_1_100' title='bbox 128 1549 327 1613; x_wconf 83' lang='lat' dir='ltr'>reirdissimus</span> <span class='ocrx_word' id='word_1_101' title='bbox 350 1551 493 1614; x_wconf 91' lang='lat' dir='ltr'>dominus</span> <span class='ocrx_word' id='word_1_102' title='bbox 506 1553 638 1634; x_wconf 83' lang='lat' dir='ltr'>Legatos</span> <span class='ocrx_word' id='word_1_103' title='bbox 660 1554 707 1615; x_wconf 89' lang='lat' dir='ltr'>his</span> <span class='ocrx_word' id='word_1_104' title='bbox 728 1554 829 1615; x_wconf 85' lang='lat' dir='ltr'>verbis</span> <span class='ocrx_word' id='word_1_105' title='bbox 851 1555 941 1614; x_wconf 83' lang='lat' dir='ltr'>testis</span> <span class='ocrx_word' id='word_1_106' title='bbox 963 1551 1052 1615; x_wconf 82' lang='lat' dir='ltr'>nobis</span> 
     </span>
     <span class='ocr_line' id='line_1_16' title="bbox 129 1635 1053 1716; baseline 0.001 -22"><span class='ocrx_word' id='word_1_107' title='bbox 129 1635 182 1715; x_wconf 78' lang='lat' dir='ltr'>sn,</span> <span class='ocrx_word' id='word_1_108' title='bbox 220 1654 255 1698; x_wconf 88' lang='lat' dir='ltr'>sc</span> <span class='ocrx_word' id='word_1_109' title='bbox 283 1637 393 1697; x_wconf 82' lang='lat' dir='ltr'>frustra</span> <span class='ocrx_word' id='word_1_110' title='bbox 428 1644 460 1697; x_wconf 91' lang='lat' dir='ltr'>et</span> <span class='ocrx_word' id='word_1_111' title='bbox 479 1638 584 1716; x_wconf 89' lang='lat' dir='ltr'>iniqua</span> <span class='ocrx_word' id='word_1_112' title='bbox 604 1639 724 1699; x_wconf 87' lang='lat' dir='ltr'>ratione</span> <span class='ocrx_word' id='word_1_113' title='bbox 746 1638 851 1698; x_wconf 88' lang='lat' dir='ltr'>omnia</span> <span class='ocrx_word' id='word_1_114' title='bbox 871 1643 983 1698; x_wconf 83' lang='lat' dir='ltr'>contra</span> <span class='ocrx_word' id='word_1_115' title='bbox 1005 1654 1053 1696; x_wconf 88' lang='lat' dir='ltr'>me</span> 
     </span>
    </p>

    <p class='ocr_par' dir='ltr' id='par_1_5' title="bbox 68 1716 1052 3048">
     <span class='ocr_line' id='line_1_17' title="bbox 68 1716 1051 1800; baseline 0.002 -23"><span class='ocrx_word' id='word_1_116' title='bbox 68 1716 71 1721; x_wconf 76' lang='grc'>’</span> <span class='ocrx_word' id='word_1_117' title='bbox 128 1718 249 1799; x_wconf 78' lang='lat' dir='ltr'>egisse,</span> <span class='ocrx_word' id='word_1_118' title='bbox 288 1727 319 1782; x_wconf 89' lang='lat' dir='ltr'>et</span> <span class='ocrx_word' id='word_1_119' title='bbox 346 1721 406 1781; x_wconf 89' lang='lat' dir='ltr'>ista</span> <span class='ocrx_word' id='word_1_120' title='bbox 431 1728 554 1800; x_wconf 87' lang='lat' dir='ltr'>quoqne</span> <span class='ocrx_word' id='word_1_121' title='bbox 575 1739 637 1782; x_wconf 93' lang='lat' dir='ltr'>non</span> <span class='ocrx_word' id='word_1_122' title='bbox 663 1722 781 1781; x_wconf 88' lang='lat' dir='ltr'>sincere</span> <span class='ocrx_word' id='word_1_123' title='bbox 802 1719 975 1800; x_wconf 79' lang='lat' dir='ltr'>scripsisse.</span> <span class='ocrx_word' id='word_1_124' title='bbox 1005 1719 1051 1780; x_wconf 72' lang='lat' dir='ltr'>dn</span> 
     </span>
     <span class='ocr_line' id='line_1_18' title="bbox 128 1802 1052 1885; baseline 0.002 -24"><span class='ocrx_word' id='word_1_125' title='bbox 128 1802 265 1863; x_wconf 86' lang='lat' dir='ltr'>nondum</span> <span class='ocrx_word' id='word_1_126' title='bbox 285 1802 382 1884; x_wconf 88' lang='lat' dir='ltr'>pudet</span> <span class='ocrx_word' id='word_1_127' title='bbox 403 1822 458 1864; x_wconf 87' lang='lat' dir='ltr'>eos</span> <span class='ocrx_word' id='word_1_128' title='bbox 479 1822 555 1864; x_wconf 88' lang='lat' dir='ltr'>suae</span> <span class='ocrx_word' id='word_1_129' title='bbox 576 1803 766 1885; x_wconf 78' lang='lat' dir='ltr'>tyrannidis,</span> <span class='ocrx_word' id='word_1_130' title='bbox 806 1820 898 1883; x_wconf 87' lang='lat' dir='ltr'>quam</span> <span class='ocrx_word' id='word_1_131' title='bbox 927 1803 1052 1884; x_wconf 88' lang='lat' dir='ltr'>proprio</span> 
     </span>
     <span class='ocr_line' id='line_1_19' title="bbox 129 1883 1051 1966; baseline 0.003 -23"><span class='ocrx_word' id='word_1_132' title='bbox 129 1887 306 1960; x_wconf 84' lang='lat' dir='ltr'>testimonio</span> <span class='ocrx_word' id='word_1_133' title='bbox 329 1893 391 1947; x_wconf 86' lang='lat' dir='ltr'>tam</span> <span class='ocrx_word' id='word_1_134' title='bbox 413 1885 496 1947; x_wconf 82' lang='lat' dir='ltr'>clare</span> <span class='ocrx_word' id='word_1_135' title='bbox 519 1886 724 1948; x_wconf 82' lang='lat' dir='ltr'>confitentur?</span> <span class='ocrx_word' id='word_1_136' title='bbox 746 1884 826 1961; x_wconf 84' lang='lat' dir='ltr'>Quid</span> <span class='ocrx_word' id='word_1_137' title='bbox 847 1886 931 1947; x_wconf 87' lang='lat' dir='ltr'>enim</span> <span class='ocrx_word' id='word_1_138' title='bbox 953 1883 1051 1966; x_wconf 90' lang='lat' dir='ltr'>dispu-</span> 
     </span>
     <span class='ocr_line' id='line_1_20' title="bbox 128 1967 1051 2051; baseline 0 -24"><span class='ocrx_word' id='word_1_139' title='bbox 128 1969 236 2030; x_wconf 83' lang='lat' dir='ltr'>tationi</span> <span class='ocrx_word' id='word_1_140' title='bbox 257 1976 363 2051; x_wconf 86' lang='lat' dir='ltr'>potest</span> <span class='ocrx_word' id='word_1_141' title='bbox 384 1968 476 2030; x_wconf 90' lang='lat' dir='ltr'>obiici</span> <span class='ocrx_word' id='word_1_142' title='bbox 489 1969 647 2030; x_wconf 80' lang='lat' dir='ltr'>criminis?</span> <span class='ocrx_word' id='word_1_143' title='bbox 670 1967 750 2044; x_wconf 83' lang='lat' dir='ltr'>Quid</span> <span class='ocrx_word' id='word_1_144' title='bbox 763 1968 965 2050; x_wconf 78' lang='lat' dir='ltr'>disputatori„</span> <span class='ocrx_word' id='word_1_145' title='bbox 982 1986 1051 2048; x_wconf 90' lang='lat' dir='ltr'>qua·</span> 
     </span>
     <span class='ocr_line' id='line_1_21' title="bbox 128 2048 1052 2127; baseline 0 -17"><span class='ocrx_word' id='word_1_146' title='bbox 128 2048 190 2111; x_wconf 92' lang='lat' dir='ltr'>lem</span> <span class='ocrx_word' id='word_1_147' title='bbox 221 2052 272 2113; x_wconf 92' lang='lat' dir='ltr'>hic</span> <span class='ocrx_word' id='word_1_148' title='bbox 300 2071 350 2114; x_wconf 93' lang='lat' dir='ltr'>me</span> <span class='ocrx_word' id='word_1_149' title='bbox 377 2051 568 2112; x_wconf 63' lang='lat' dir='ltr'>confitetur?</span> <span class='ocrx_word' id='word_1_150' title='bbox 601 2050 682 2127; x_wconf 78' lang='lat' dir='ltr'>Quid</span> <span class='ocrx_word' id='word_1_151' title='bbox 710 2053 777 2114; x_wconf 93' lang='lat' dir='ltr'>istis</span> <span class='ocrx_word' id='word_1_152' title='bbox 809 2052 906 2113; x_wconf 86' lang='lat' dir='ltr'>literis</span> <span class='ocrx_word' id='word_1_153' title='bbox 936 2049 1052 2114; x_wconf 78' lang='lat' dir='ltr'>voluit?</span> 
     </span>
     <span class='ocr_line' id='line_1_22' title="bbox 128 2134 1050 2216; baseline 0.001 -23"><span class='ocrx_word' id='word_1_154' title='bbox 128 2134 177 2195; x_wconf 85' lang='lat' dir='ltr'>An</span> <span class='ocrx_word' id='word_1_155' title='bbox 199 2143 233 2196; x_wconf 91' lang='lat' dir='ltr'>nt</span> <span class='ocrx_word' id='word_1_156' title='bbox 253 2153 451 2197; x_wconf 75' lang='lat' dir='ltr'>nosceremus</span> <span class='ocrx_word' id='word_1_157' title='bbox 479 2135 616 2197; x_wconf 83' lang='lat' dir='ltr'>Fratrem</span> <span class='ocrx_word' id='word_1_158' title='bbox 637 2135 800 2196; x_wconf 81' lang='lat' dir='ltr'>Martinum</span> <span class='ocrx_word' id='word_1_159' title='bbox 829 2135 906 2195; x_wconf 91' lang='lat' dir='ltr'>nihil</span> <span class='ocrx_word' id='word_1_160' title='bbox 942 2135 1050 2216; x_wconf 88' lang='lat' dir='ltr'>egisse,</span> 
     </span>
     <span class='ocr_line' id='line_1_23' title="bbox 128 2217 1051 2299; baseline -0.001 -22"><span class='ocrx_word' id='word_1_161' title='bbox 128 2217 186 2278; x_wconf 89' lang='lat' dir='ltr'>nisi</span> <span class='ocrx_word' id='word_1_162' title='bbox 208 2217 405 2299; x_wconf 85' lang='lat' dir='ltr'>disputasse?</span> <span class='ocrx_word' id='word_1_163' title='bbox 439 2218 575 2299; x_wconf 85' lang='lat' dir='ltr'>ideoque</span> <span class='ocrx_word' id='word_1_164' title='bbox 603 2224 711 2280; x_wconf 84' lang='lat' dir='ltr'>contra</span> <span class='ocrx_word' id='word_1_165' title='bbox 741 2236 811 2280; x_wconf 90' lang='lat' dir='ltr'>enm</span> <span class='ocrx_word' id='word_1_166' title='bbox 833 2224 939 2279; x_wconf 86' lang='lat' dir='ltr'>motos</span> <span class='ocrx_word' id='word_1_167' title='bbox 958 2217 1051 2279; x_wconf 78' lang='lat' dir='ltr'>finisse</span> 
     </span>
     <span class='ocr_line' id='line_1_24' title="bbox 128 2300 1048 2382; baseline 0.003 -22"><span class='ocrx_word' id='word_1_168' title='bbox 128 2301 193 2369; x_wconf 90' lang='lat' dir='ltr'>eius</span> <span class='ocrx_word' id='word_1_169' title='bbox 215 2302 419 2381; x_wconf 83' lang='lat' dir='ltr'>adversarios,</span> <span class='ocrx_word' id='word_1_170' title='bbox 440 2303 666 2382; x_wconf 89' lang='lat' dir='ltr'>ipsumquemet</span> <span class='ocrx_word' id='word_1_171' title='bbox 685 2301 977 2363; x_wconf 84' lang='lat' dir='ltr'>reverendissimum</span> <span class='ocrx_word' id='word_1_172' title='bbox 990 2300 1048 2363; x_wconf 87' lang='lat' dir='ltr'>Do·</span> 
     </span>
     <span class='ocr_line' id='line_1_25' title="bbox 128 2384 1048 2466; baseline 0.001 -24"><span class='ocrx_word' id='word_1_173' title='bbox 128 2385 242 2445; x_wconf 91' lang='lat' dir='ltr'>minum</span> <span class='ocrx_word' id='word_1_174' title='bbox 264 2385 427 2466; x_wconf 86' lang='lat' dir='ltr'>Legatum,</span> <span class='ocrx_word' id='word_1_175' title='bbox 463 2393 495 2446; x_wconf 89' lang='lat' dir='ltr'>et</span> <span class='ocrx_word' id='word_1_176' title='bbox 522 2405 584 2445; x_wconf 89' lang='lat' dir='ltr'>non</span> <span class='ocrx_word' id='word_1_177' title='bbox 612 2386 672 2445; x_wconf 87' lang='lat' dir='ltr'>nisi</span> <span class='ocrx_word' id='word_1_178' title='bbox 693 2384 841 2446; x_wconf 88' lang='lat' dir='ltr'>insidiose</span> <span class='ocrx_word' id='word_1_179' title='bbox 864 2384 1048 2444; x_wconf 85' lang='lat' dir='ltr'>calumniam</span> 
     </span>
     <span class='ocr_line' id='line_1_26' title="bbox 126 2466 1050 2548; baseline 0 -22"><span class='ocrx_word' id='word_1_180' title='bbox 126 2472 157 2527; x_wconf 90' lang='lat' dir='ltr'>et</span> <span class='ocrx_word' id='word_1_181' title='bbox 177 2469 318 2529; x_wconf 86' lang='lat' dir='ltr'>iniuriam</span> <span class='ocrx_word' id='word_1_182' title='bbox 341 2469 369 2527; x_wconf 90' lang='lat' dir='ltr'>ei</span> <span class='ocrx_word' id='word_1_183' title='bbox 390 2466 515 2530; x_wconf 90' lang='lat' dir='ltr'>molitos</span> <span class='ocrx_word' id='word_1_184' title='bbox 537 2468 652 2528; x_wconf 83' lang='lat' dir='ltr'>fuisse?</span> <span class='ocrx_word' id='word_1_185' title='bbox 686 2468 764 2528; x_wconf 89' lang='lat' dir='ltr'>Nam</span> <span class='ocrx_word' id='word_1_186' title='bbox 794 2487 886 2548; x_wconf 88' lang='lat' dir='ltr'>super</span> <span class='ocrx_word' id='word_1_187' title='bbox 917 2466 1050 2548; x_wconf 76' lang='lat' dir='ltr'>disputa·</span> 
     </span>
     <span class='ocr_line' id='line_1_27' title="bbox 125 2546 1050 2632; baseline 0 -22"><span class='ocrx_word' id='word_1_188' title='bbox 125 2552 209 2612; x_wconf 92' lang='lat' dir='ltr'>tione</span> <span class='ocrx_word' id='word_1_189' title='bbox 230 2552 285 2612; x_wconf 81' lang='lat' dir='ltr'>fuit</span> <span class='ocrx_word' id='word_1_190' title='bbox 306 2551 426 2628; x_wconf 89' lang='lat' dir='ltr'>citatus,</span> <span class='ocrx_word' id='word_1_191' title='bbox 449 2571 513 2612; x_wconf 92' lang='lat' dir='ltr'>non</span> <span class='ocrx_word' id='word_1_192' title='bbox 535 2551 850 2632; x_wconf 71' lang='lat' dir='ltr'>supersermonibus:</span> <span class='ocrx_word' id='word_1_193' title='bbox 873 2546 969 2631; x_wconf 79' lang='lat' dir='ltr'>sdper</span> <span class='ocrx_word' id='word_1_194' title='bbox 985 2548 1050 2611; x_wconf 79' lang='lat' dir='ltr'>Ser·</span> 
     </span>
     <span class='ocr_line' id='line_1_28' title="bbox 125 2634 1051 2715; baseline -0.004 -19"><span class='ocrx_word' id='word_1_195' title='bbox 125 2653 233 2697; x_wconf 85' lang='lat' dir='ltr'>mones</span> <span class='ocrx_word' id='word_1_196' title='bbox 247 2636 338 2713; x_wconf 90' lang='lat' dir='ltr'>enim,</span> <span class='ocrx_word' id='word_1_197' title='bbox 361 2641 524 2715; x_wconf 88' lang='lat' dir='ltr'>postquam</span> <span class='ocrx_word' id='word_1_198' title='bbox 548 2635 647 2695; x_wconf 88' lang='lat' dir='ltr'>fuerat</span> <span class='ocrx_word' id='word_1_199' title='bbox 667 2637 787 2714; x_wconf 89' lang='lat' dir='ltr'>citatus,</span> <span class='ocrx_word' id='word_1_200' title='bbox 809 2634 882 2694; x_wconf 82' lang='lat' dir='ltr'>iacti</span> <span class='ocrx_word' id='word_1_201' title='bbox 896 2640 968 2693; x_wconf 90' lang='lat' dir='ltr'>sunt</span> <span class='ocrx_word' id='word_1_202' title='bbox 990 2651 1051 2693; x_wconf 80' lang='lat' dir='ltr'>cer</span> 
     </span>
     <span class='ocr_line' id='line_1_29' title="bbox 125 2715 1048 2797; baseline -0.004 -17"><span class='ocrx_word' id='word_1_203' title='bbox 125 2720 228 2780; x_wconf 85' lang='lat' dir='ltr'>tiores.</span> <span class='ocrx_word' id='word_1_204' title='bbox 259 2718 344 2794; x_wconf 77' lang='lat' dir='ltr'>Quos</span> <span class='ocrx_word' id='word_1_205' title='bbox 376 2735 434 2797; x_wconf 91' lang='lat' dir='ltr'>ego</span> <span class='ocrx_word' id='word_1_206' title='bbox 457 2717 575 2778; x_wconf 83' lang='lat' dir='ltr'>facilius</span> <span class='ocrx_word' id='word_1_207' title='bbox 598 2717 760 2778; x_wconf 82' lang='lat' dir='ltr'>defendam</span> <span class='ocrx_word' id='word_1_208' title='bbox 787 2717 872 2793; x_wconf 83' lang='lat' dir='ltr'>(Deo</span> <span class='ocrx_word' id='word_1_209' title='bbox 893 2735 952 2797; x_wconf 89' lang='lat' dir='ltr'>pro</span> <span class='ocrx_word' id='word_1_210' title='bbox 978 2715 1048 2796; x_wconf 88' lang='lat' dir='ltr'>itio)</span> 
     </span>
     <span class='ocr_line' id='line_1_30' title="bbox 126 2735 1050 2882; baseline -0.001 -22"><span class='ocrx_word' id='word_1_211' title='bbox 126 2819 217 2880; x_wconf 89' lang='lat' dir='ltr'>quam</span> <span class='ocrx_word' id='word_1_212' title='bbox 238 2803 322 2882; x_wconf 89' lang='lat' dir='ltr'>ipsas</span> <span class='ocrx_word' id='word_1_213' title='bbox 345 2801 579 2880; x_wconf 85' lang='lat' dir='ltr'>disputationes.</span> <span class='ocrx_word' id='word_1_214' title='bbox 621 2800 699 2862; x_wconf 82' lang='lat' dir='ltr'>Nam</span> <span class='ocrx_word' id='word_1_215' title='bbox 728 2800 779 2861; x_wconf 90' lang='lat' dir='ltr'>hio</span> <span class='ocrx_word' id='word_1_216' title='bbox 801 2798 897 2860; x_wconf 84' lang='lat' dir='ltr'>multa</span> <span class='ocrx_word' id='word_1_217' title='bbox 916 2735 1050 2860; x_wconf 64' lang='lat' dir='ltr'>dniitnvi</span> 
     </span>
     <span class='ocr_line' id='line_1_31' title="bbox 125 2882 1052 2964; baseline -0.002 -21"><span class='ocrx_word' id='word_1_218' title='bbox 125 2890 157 2943; x_wconf 90' lang='lat' dir='ltr'>et</span> <span class='ocrx_word' id='word_1_219' title='bbox 178 2886 328 2964; x_wconf 85' lang='lat' dir='ltr'>ignoravi,</span> <span class='ocrx_word' id='word_1_220' title='bbox 350 2884 414 2945; x_wconf 89' lang='lat' dir='ltr'>illic</span> <span class='ocrx_word' id='word_1_221' title='bbox 435 2882 579 2963; x_wconf 90' lang='lat' dir='ltr'>loquutus</span> <span class='ocrx_word' id='word_1_222' title='bbox 601 2903 668 2945; x_wconf 91' lang='lat' dir='ltr'>sum</span> <span class='ocrx_word' id='word_1_223' title='bbox 691 2904 730 2945; x_wconf 86' lang='lat' dir='ltr'>ex</span> <span class='ocrx_word' id='word_1_224' title='bbox 753 2889 837 2944; x_wconf 85' lang='lat' dir='ltr'>certa</span> <span class='ocrx_word' id='word_1_225' title='bbox 857 2883 1000 2961; x_wconf 89' lang='lat' dir='ltr'>scientia,</span> <span class='ocrx_word' id='word_1_226' title='bbox 1022 2887 1052 2942; x_wconf 88' lang='lat' dir='ltr'>et</span> 
     </span>
     <span class='ocr_line' id='line_1_32' title="bbox 125 2966 772 3048; baseline 0.005 -24"><span class='ocrx_word' id='word_1_227' title='bbox 125 2984 188 3026; x_wconf 91' lang='lat' dir='ltr'>non</span> <span class='ocrx_word' id='word_1_228' title='bbox 211 2985 250 3026; x_wconf 86' lang='lat' dir='ltr'>ex</span> <span class='ocrx_word' id='word_1_229' title='bbox 272 2966 479 3048; x_wconf 86' lang='lat' dir='ltr'>opinionibus.</span> <span class='ocrx_word' id='word_1_230' title='bbox 769 2987 772 2994; x_wconf 93' lang='lat'>·</span> 
     </span>
    </p>

    <p class='ocr_par' dir='ltr' id='par_1_6' title="bbox 122 3046 1052 3795">
     <span class='ocr_line' id='line_1_33' title="bbox 207 3046 1051 3131; baseline -0.002 -22"><span class='ocrx_word' id='word_1_231' title='bbox 207 3048 368 3112; x_wconf 88' lang='lat' dir='ltr'>Nunchoc</span> <span class='ocrx_word' id='word_1_232' title='bbox 390 3049 558 3127; x_wconf 82' lang='lat' dir='ltr'>videamus,</span> <span class='ocrx_word' id='word_1_233' title='bbox 581 3050 663 3131; x_wconf 91' lang='lat' dir='ltr'>quod</span> <span class='ocrx_word' id='word_1_234' title='bbox 689 3070 736 3130; x_wconf 87' lang='lat' dir='ltr'>ea,</span> <span class='ocrx_word' id='word_1_235' title='bbox 758 3067 838 3130; x_wconf 89' lang='lat' dir='ltr'>quae</span> <span class='ocrx_word' id='word_1_236' title='bbox 849 3050 881 3108; x_wconf 91' lang='lat' dir='ltr'>in</span> <span class='ocrx_word' id='word_1_237' title='bbox 897 3046 1051 3110; x_wconf 83' lang='lat' dir='ltr'>Sermoni·</span> 
     </span>
     <span class='ocr_line' id='line_1_34' title="bbox 125 3129 1051 3214; baseline -0.001 -22"><span class='ocrx_word' id='word_1_238' title='bbox 125 3130 180 3192; x_wconf 91' lang='lat' dir='ltr'>bus</span> <span class='ocrx_word' id='word_1_239' title='bbox 203 3131 275 3212; x_wconf 83' lang='lat' dir='ltr'>dixi,</span> <span class='ocrx_word' id='word_1_240' title='bbox 299 3135 409 3214; x_wconf 87' lang='lat' dir='ltr'>partim</span> <span class='ocrx_word' id='word_1_241' title='bbox 434 3133 637 3210; x_wconf 81' lang='lat' dir='ltr'>damnabilia,</span> <span class='ocrx_word' id='word_1_242' title='bbox 672 3134 783 3214; x_wconf 87' lang='lat' dir='ltr'>partim</span> <span class='ocrx_word' id='word_1_243' title='bbox 807 3138 918 3192; x_wconf 86' lang='lat' dir='ltr'>contra</span> <span class='ocrx_word' id='word_1_244' title='bbox 940 3129 1051 3192; x_wconf 88' lang='lat' dir='ltr'>doctri·</span> 
     </span>
     <span class='ocr_line' id='line_1_35' title="bbox 124 3212 1051 3296; baseline 0 -23"><span class='ocrx_word' id='word_1_245' title='bbox 124 3232 196 3275; x_wconf 89' lang='lat' dir='ltr'>nam</span> <span class='ocrx_word' id='word_1_246' title='bbox 217 3216 409 3296; x_wconf 87' lang='lat' dir='ltr'>apostolicae</span> <span class='ocrx_word' id='word_1_247' title='bbox 431 3215 518 3278; x_wconf 81' lang='lat' dir='ltr'>Sedis</span> <span class='ocrx_word' id='word_1_248' title='bbox 540 3218 659 3278; x_wconf 85' lang='lat' dir='ltr'>asserit.</span> <span class='ocrx_word' id='word_1_249' title='bbox 682 3215 762 3292; x_wconf 84' lang='lat' dir='ltr'>Quia</span> <span class='ocrx_word' id='word_1_250' title='bbox 783 3214 902 3275; x_wconf 88' lang='lat' dir='ltr'>scilicet</span> <span class='ocrx_word' id='word_1_251' title='bbox 925 3215 954 3274; x_wconf 90' lang='lat' dir='ltr'>ei</span> <span class='ocrx_word' id='word_1_252' title='bbox 970 3212 1051 3274; x_wconf 91' lang='lat' dir='ltr'>aliud</span> 
     </span>
     <span class='ocr_line' id='line_1_36' title="bbox 124 3296 1050 3376; baseline -0.001 -19"><span class='ocrx_word' id='word_1_253' title='bbox 124 3304 181 3376; x_wconf 87' lang='lat' dir='ltr'>est,</span> <span class='ocrx_word' id='word_1_254' title='bbox 204 3317 274 3359; x_wconf 86' lang='lat' dir='ltr'>esse</span> <span class='ocrx_word' id='word_1_255' title='bbox 297 3298 481 3372; x_wconf 81' lang='lat' dir='ltr'>damnabile,</span> <span class='ocrx_word' id='word_1_256' title='bbox 505 3306 536 3360; x_wconf 90' lang='lat' dir='ltr'>et</span> <span class='ocrx_word' id='word_1_257' title='bbox 558 3298 732 3359; x_wconf 89' lang='lat' dir='ltr'>aliudesse</span> <span class='ocrx_word' id='word_1_258' title='bbox 754 3304 863 3359; x_wconf 85' lang='lat' dir='ltr'>contra</span> <span class='ocrx_word' id='word_1_259' title='bbox 877 3296 1050 3358; x_wconf 85' lang='lat' dir='ltr'>doctrinam</span> 
     </span>
     <span class='ocr_line' id='line_1_37' title="bbox 123 3379 1051 3464; baseline -0.002 -23"><span class='ocrx_word' id='word_1_260' title='bbox 123 3381 434 3461; x_wconf 72' lang='lat' dir='ltr'>apostolicaesedis.</span> <span class='ocrx_word' id='word_1_261' title='bbox 463 3383 556 3443; x_wconf 84' lang='lat' dir='ltr'>Forte</span> <span class='ocrx_word' id='word_1_262' title='bbox 588 3382 671 3464; x_wconf 91' lang='lat' dir='ltr'>qnod</span> <span class='ocrx_word' id='word_1_263' title='bbox 702 3379 884 3442; x_wconf 86' lang='lat' dir='ltr'>damnabilis</span> <span class='ocrx_word' id='word_1_264' title='bbox 909 3386 1051 3456; x_wconf 86' lang='lat' dir='ltr'>nonest,</span> 
     </span>
     <span class='ocr_line' id='line_1_38' title="bbox 124 3462 1052 3546; baseline -0.002 -23"><span class='ocrx_word' id='word_1_265' title='bbox 124 3466 175 3543; x_wconf 89' lang='lat' dir='ltr'>qui</span> <span class='ocrx_word' id='word_1_266' title='bbox 197 3472 305 3526; x_wconf 85' lang='lat' dir='ltr'>contra</span> <span class='ocrx_word' id='word_1_267' title='bbox 326 3465 497 3526; x_wconf 80' lang='lat' dir='ltr'>doctrinam</span> <span class='ocrx_word' id='word_1_268' title='bbox 510 3464 599 3527; x_wconf 77' lang='lat' dir='ltr'>Sedis</span> <span class='ocrx_word' id='word_1_269' title='bbox 623 3464 815 3546; x_wconf 86' lang='lat' dir='ltr'>apostolicae</span> <span class='ocrx_word' id='word_1_270' title='bbox 835 3462 982 3543; x_wconf 86' lang='lat' dir='ltr'>loquitur.</span> <span class='ocrx_word' id='word_1_271' title='bbox 1007 3462 1052 3522; x_wconf 82' lang='lat' dir='ltr'>Ac</span> 
     </span>
     <span class='ocr_line' id='line_1_39' title="bbox 122 3546 1051 3628; baseline -0.001 -23"><span class='ocrx_word' id='word_1_272' title='bbox 122 3547 168 3606; x_wconf 87' lang='lat' dir='ltr'>sio</span> <span class='ocrx_word' id='word_1_273' title='bbox 188 3548 297 3608; x_wconf 88' lang='lat' dir='ltr'>iterum</span> <span class='ocrx_word' id='word_1_274' title='bbox 320 3548 467 3610; x_wconf 87' lang='lat' dir='ltr'>absolvor</span> <span class='ocrx_word' id='word_1_275' title='bbox 490 3558 521 3609; x_wconf 89' lang='lat' dir='ltr'>et</span> <span class='ocrx_word' id='word_1_276' title='bbox 541 3547 698 3625; x_wconf 88' lang='lat' dir='ltr'>iustificor,</span> <span class='ocrx_word' id='word_1_277' title='bbox 721 3548 814 3628; x_wconf 89' lang='lat' dir='ltr'>quiin</span> <span class='ocrx_word' id='word_1_278' title='bbox 832 3546 894 3607; x_wconf 90' lang='lat' dir='ltr'>hoc</span> <span class='ocrx_word' id='word_1_279' title='bbox 916 3547 1051 3606; x_wconf 84' lang='lat' dir='ltr'>maxime</span> 
     </span>
     <span class='ocr_line' id='line_1_40' title="bbox 124 3628 1052 3710; baseline 0.001 -22"><span class='ocrx_word' id='word_1_280' title='bbox 124 3635 154 3689; x_wconf 89' lang='lat' dir='ltr'>et</span> <span class='ocrx_word' id='word_1_281' title='bbox 182 3629 282 3692; x_wconf 90' lang='lat' dir='ltr'>solum</span> <span class='ocrx_word' id='word_1_282' title='bbox 311 3640 472 3693; x_wconf 83' lang='lat' dir='ltr'>accusatus</span> <span class='ocrx_word' id='word_1_283' title='bbox 504 3650 571 3691; x_wconf 88' lang='lat' dir='ltr'>snm</span> <span class='ocrx_word' id='word_1_284' title='bbox 608 3638 640 3692; x_wconf 90' lang='lat' dir='ltr'>et</span> <span class='ocrx_word' id='word_1_285' title='bbox 667 3633 794 3709; x_wconf 85' lang='lat' dir='ltr'>citatus,</span> <span class='ocrx_word' id='word_1_286' title='bbox 825 3628 908 3710; x_wconf 91' lang='lat' dir='ltr'>quod</span> <span class='ocrx_word' id='word_1_287' title='bbox 944 3636 1052 3689; x_wconf 80' lang='lat' dir='ltr'>contra</span> 
     </span>
     <span class='ocr_line' id='line_1_41' title="bbox 122 3710 1051 3795; baseline 0.001 -25"><span class='ocrx_word' id='word_1_288' title='bbox 122 3710 293 3775; x_wconf 79' lang='lat' dir='ltr'>doctrinam</span> <span class='ocrx_word' id='word_1_289' title='bbox 317 3714 404 3776; x_wconf 79' lang='lat' dir='ltr'>Sedis</span> <span class='ocrx_word' id='word_1_290' title='bbox 427 3714 619 3795; x_wconf 85' lang='lat' dir='ltr'>apostolicae</span> <span class='ocrx_word' id='word_1_291' title='bbox 640 3715 749 3775; x_wconf 83' lang='lat' dir='ltr'>fuerim</span> <span class='ocrx_word' id='word_1_292' title='bbox 771 3714 911 3791; x_wconf 85' lang='lat' dir='ltr'>locutus,</span> <span class='ocrx_word' id='word_1_293' title='bbox 940 3711 972 3771; x_wconf 93' lang='lat' dir='ltr'>id</span> <span class='ocrx_word' id='word_1_294' title='bbox 996 3722 1051 3789; x_wconf 81' lang='lat' dir='ltr'>est,</span> 
     </span>
    </p>
   </div>
   <div class='ocr_carea' id='block_1_3' title="bbox 10 3788 787 3944">
    <p class='ocr_par' dir='ltr' id='par_1_7' title="bbox 10 3788 787 3944">
     <span class='ocr_line' id='line_1_42' title="bbox 10 3788 787 3944; baseline -0.01 -79"><span class='ocrx_word' id='word_1_295' title='bbox 10 3792 44 3944; x_wconf 46' lang='grc' dir='ltr'>ἱ</span> <span class='ocrx_word' id='word_1_296' title='bbox 117 3817 183 3863; x_wconf 82' lang='lat' dir='ltr'>non</span> <span class='ocrx_word' id='word_1_297' title='bbox 207 3796 442 3878; x_wconf 76' lang='lat' dir='ltr'>damnabiliter,</span> <span class='ocrx_word' id='word_1_298' title='bbox 459 3788 564 3859; x_wconf 71' lang='lat' dir='ltr'>utino</span> <span class='ocrx_word' id='word_1_299' title='bbox 583 3796 787 3877; x_wconf 78' lang='lat' dir='ltr'>distinguitur.</span> 
     </span>
    </p>
   </div>
   <div class='ocr_carea' id='block_1_4' title="bbox 0 0 1182 4200">
    <p class='ocr_par' dir='ltr' id='par_1_8' title="bbox 0 0 1182 4200">
     <span class='ocr_line' id='line_1_43' title="bbox 0 0 1182 4200; baseline 0 1"><span class='ocrx_word' id='word_1_300' title='bbox 0 0 1182 4200; x_wconf 95' lang='lat' dir='ltr'> </span> 
     </span>
    </p>
   </div>
  </div>
 </body>
</html>
