2356 4200
132 269 194 339 183
377 277 572 334 minores
591 279 703 348 Disput.
721 279 800 335 Lotis.

130 444 186 523 iis,
217 445 269 523 qui
301 445 376 506 dont
403 464 467 508 nou
489 445 529 507 de
563 446 672 526 eorde,
705 447 760 510 sed
783 446 1056 525 dens1)‚quse

130 526 335 608 superfluunt,
369 529 601 610 eleemosynas,
634 536 667 591 et
687 550 778 593 servo
800 531 900 594 solum
920 527 1056 610 roganti,

131 615 162 669 et
191 609 265 670 nihil
300 611 438 690 facienti,
470 613 529 673 nisi
562 614 751 692 promittenti
785 632 877 675 omne
914 610 1055 673 debitum

129 690 252 772 dimisit,
275 695 368 754 etiem
390 695 596 775 promissione
617 695 690 757 dete
706 696 812 765 libere.
854 695 921 757 Neo
943 693 1053 754 saltem

99 842 109 848 ,
127 775 263 836 intuetur
276 777 359 838 Deus
380 778 411 836 in
433 777 492 838 heo
512 797 555 856 re,
578 779 660 857 quod
683 784 744 840 tem
766 778 864 840 fsoilis
886 784 934 839 est
949 777 1054 837 vivers

124 857 208 921 tibus
231 859 359 938 sineque
382 861 489 920 mortis
510 861 648 940 periculo
671 862 745 922 telio
758 860 940 940 consedere
962 859 1055 920 mori·

128 941 203 1003 turis
223 961 297 1004 vero
321 950 352 1002 et
373 961 493 1004 summo
516 945 576 1004 iem
599 944 736 1025 perieulo
758 946 871 1025 pressis
888 951 950 1005 tom
975 939 1055 1003 diut-

128 1023 194 1084 oilie
222 1030 269 1085 est
296 1024 335 1085 sd
362 1024 578 1087 remittendum
608 1035 671 1088 tem
698 1046 794 1107 parvo
825 1033 887 1088 tom
921 1043 1055 1105 magnes

129 1106 269 1169 ueritati?
292 1106 367 1182 Quis
389 1107 514 1169 erodet?
536 1109 599 1170 Aut
612 1109 721 1189 quibus
739 1109 770 1170 id
784 1110 841 1171 viis
855 1106 1053 1170 suadebunt?

128 1188 192 1250 Aut
213 1207 287 1270 ergo
311 1189 454 1253 desinent
473 1210 530 1252 sua
551 1198 612 1253 tom
643 1191 834 1253 oonfidenter
860 1190 1052 1271 prominere,

128 1278 182 1335 sut
201 1271 311 1333 melius
332 1271 488 1356 roborent,
512 1281 543 1335 et
563 1276 624 1335 isto
644 1273 828 1337 dissolvent.

208 1355 274 1417 Nos
295 1356 416 1417 interim
444 1359 632 1436 sentiemus,
660 1358 779 1419 enimes
810 1359 841 1417 in
870 1355 1052 1437 purgatorio

127 1456 191 1500 non
212 1444 338 1518 propter
358 1439 457 1500 solem
479 1458 629 1521 poenum,
658 1442 720 1501 imo
747 1445 875 1520 propter
895 1437 1051 1500 defectum

126 1521 262 1583 ouritstis
285 1520 425 1583 laborare
445 1523 477 1582 in
499 1541 618 1602 poene,
651 1523 724 1602 quie
749 1523 800 1583 hio
820 1522 986 1583 noluerunt
1008 1520 1052 1582 lo·

125 1602 245 1682 horare,
269 1603 308 1664 od
330 1604 561 1684 perfectionem,
583 1611 636 1666 aut
657 1607 682 1669 si
706 1605 859 1685 perfeotee
883 1610 964 1682 sunt,
985 1602 1051 1666 om·

127 1685 215 1746 nibus
236 1687 346 1766 poenis
368 1706 474 1749 amore
497 1687 705 1768 triumphetis,
728 1689 840 1750 liberes
862 1705 941 1748 esse.
984 1686 1052 1748 Neo

126 1770 207 1831 euim
229 1770 274 1830 sie
295 1769 334 1830 de
355 1770 412 1831 Dei
439 1770 579 1832 bonitate
600 1773 705 1852 sopio,
736 1769 820 1851 quod
845 1771 954 1831 iutuitu
983 1788 1051 1850 per·

125 1852 226 1915 teotne
247 1858 279 1913 et
301 1858 448 1914 aeternae
470 1855 605 1914 osritstis
627 1866 691 1915 non
712 1854 846 1915 remittet
867 1851 1051 1932 quibusdem

124 1953 262 2017 poenam
286 1937 433 2016 temporis
455 1936 642 2016 brevissimi,
678 1939 730 2015 qui
751 1942 878 2018 propter
898 1933 1052 1998 modicam

48 2089 56 2101 ,
128 2019 289 2080 nemmem
312 2018 453 2082 omnibus
473 2020 588 2100 passim
609 2021 738 2080 remittit
758 2016 981 2105 aeternam,‘et
1002 2019 1053 2098 qui

125 2102 249 2182 snepius
272 2103 304 2162 in
325 2103 389 2162 vito
408 2104 529 2183 ignovit
550 2121 658 2164 omnes
671 2121 789 2182 poenas
804 2121 860 2183 pro
878 2120 940 2162 uno
957 2119 1053 2181 opere

125 2186 269 2266 inoeptee
292 2185 443 2264 osritstis,
478 2204 539 2246 non
573 2187 708 2246 remittet
741 2204 875 2264 unquam
897 2186 928 2244 iu
952 2190 1052 2246 morte

121 2268 247 2347 'sliquos
277 2285 395 2348 poenos
418 2287 475 2349 pro
499 2269 581 2328 omni
603 2287 707 2347 opere
737 2273 971 2330 consummatae
1003 2284 1051 2327 oo

124 2351 233 2412 nitetis.

30 2441 33 2446 ’
208 2434 418 2494 Veruntamen
438 2433 516 2494 heeo
538 2439 607 2493 sunt
630 2433 795 2514 disputato,
818 2433 890 2512 quis
905 2430 1052 2493 mirabilis

129 2525 177 2579 est
197 2516 281 2578 Deus
304 2518 335 2576 in
358 2517 473 2577 sanetis
495 2518 572 2595 suis,
596 2516 705 2576 melius
729 2516 918 2592 faceremus,
939 2515 967 2575 si
990 2522 1050 2574 tem

129 2599 506 2679 dubiorelinquerenrus,
534 2606 565 2659 et
598 2600 628 2658 in
657 2599 803 2679 populum
833 2598 893 2658 olis
921 2598 1054 2658 nertiore

127 2682 319 2761 doceremus,
351 2687 463 2762 potens
486 2689 534 2742 est
555 2681 641 2742 Deus
664 2681 831 2758 cumillis,
862 2699 923 2740 neo
944 2698 1051 2741 seeun-

126 2765 196 2827 dum
224 2766 305 2827 hene
332 2784 391 2825 neo
419 2765 587 2825 seeundum
619 2764 706 2824 illam
734 2765 917 2825 sententiam
947 2781 1050 2843 egere.

124 2848 196 2910 Non
224 2849 304 2909 enim
334 2854 456 2925 nostro,
496 2847 551 2909 sed
580 2866 636 2907 suo
670 2849 731 2907 iem
766 2844 879 2909 iudioio
911 2845 1051 2921 subiecti,

125 2932 197 3010 quia
217 2937 322 3011 potest
343 2936 375 2992 et
395 2930 438 2991 ibi
459 2932 567 3011 punire
579 2931 684 3010 gratis,
706 2937 740 2989 ut
761 2929 906 2990 ostendet
918 2929 1050 3009 gloriam

125 3014 242 3094 gratim
264 3032 354 3086 suae,
384 3015 462 3073 siout
488 3014 561 3073 feeit
587 3013 619 3071 in
640 3012 701 3072 Job
731 3018 763 3072 et
782 3012 890 3073 Paulo.
933 3011 1050 3072 Temen

126 3095 235 3156 ultimo
259 3101 290 3157 et

209 3176 323 3252 Quinto
353 3177 469 3238 suadeo
502 3177 752 3238 oonolusionem:
787 3175 818 3237 si
839 3176 1050 3256 purgatorium

125 3259 339 3323 tautummodo
362 3268 410 3321 est
431 3279 599 3339 poenorum
622 3260 760 3339 otiioiuo,
792 3279 845 3319 our
867 3257 974 3328 non2)
1000 3277 1051 3318 vo-

125 3351 212 3405 oetur·
231 3344 416 3424 punitorium
444 3345 547 3423 potius
575 3363 665 3423 quem
695 3341 926 3424 purgatorium?
958 3341 1049 3402 Retio

126 3428 207 3488 eninr
230 3433 261 3488 et
282 3429 327 3486 vis
349 3426 490 3487 vocabuli
514 3428 728 3508 purgationem
742 3426 875 3505 aliquem
893 3425 1049 3504 importet,

126 3529 206 3591 quoe
228 3509 356 3590 intelligi
378 3527 440 3569 non
464 3516 581 3588 potest,
614 3511 671 3569 nisi
694 3508 855 3570 vetustatis
877 3513 908 3567 et
930 3507 1048 3588 peooeti

130 3681 337 3695 Μ

197 3789 230 3860 1)
251 3787 283 3840 In
302 3786 346 3841 sd.
365 3786 440 3842 Jen.:
460 3788 504 3840 iis.
542 3785 571 3852 2)
591 3785 658 3839 loto.
679 3782 821 3837 additum:
840 3784 943 3852 potius.
