2356 4200
369 286 405 342 ad
423 288 490 342 illel.
509 286 538 342 F.
559 285 624 343 sur.
643 287 792 342 Prteilstis.
1003 280 1045 351 25

124 478 193 520 cam
215 478 234 520 a
255 460 318 520 suis
350 459 475 541 poenis,
507 475 577 521 uon·
600 460 727 521 remittit
758 459 795 521 ad
824 459 1045 541 purgatorium,

123 539 197 603 facit
218 542 300 622 quod
322 548 434 623 potest.
478 543 510 603 Si
531 543 592 604 hoc
614 563 676 604 non
694 542 816 621 suffieit,
838 543 976 604 defectus
998 548 1047 603 est

124 626 246 686 animae
267 626 442 706 migrantis,
473 645 536 686 non
564 627 713 687 ecclesiae
741 626 945 704 absolventis,
981 644 1045 686 non

125 711 205 768 enim
229 716 368 788 potestas
391 709 557 789 eeclesiae,
580 710 634 770 sed
658 709 734 770 fides
756 708 912 792 purificat,
936 707 1045 786 salvat,

124 790 234 852 liberat
255 791 387 852 animam
420 791 458 853 ab
492 792 632 857 omnibus
665 792 771 870 malis,
804 811 884 874 quae
907 789 984 851 iides
1007 791 1045 854 eb

124 872 258 935 ecelesia
280 874 345 935 dari
368 893 430 935 non
452 881 565 954 potest.
862 939 868 946 ,

162 1020 166 1027 ,
207 957 351 1035 Decimo,
379 958 424 1017 illi
445 956 646 1019 demnifleent
667 959 799 1035 animas,
827 957 878 1036 qni
903 957 1047 1017 emittunt

125 1040 169 1101 eis
191 1040 378 1120 persuadere
399 1041 522 1120 plenam
545 1041 688 1101 fiduciam
717 1042 749 1100 in
772 1041 892 1101 Christo
923 1046 954 1099 et
974 1057 1046 1099 een·

123 1129 272 1203 temptum
296 1141 481 1204 poenarum,
514 1129 545 1184 et
571 1143 634 1184 non
664 1122 720 1183 uisi
743 1122 952 1205 magnitudine
973 1138 1047 1201 poe-

124 1224 231 1266 narum
254 1211 369 1266 terrent
391 1213 421 1266 et
439 1206 649 1285 pusillanimes
669 1208 794 1285 faciunt,
817 1215 966 1286 quatenus
989 1205 1047 1264 vir-

122 1293 219 1348 tutem
233 1289 395 1368 potestatis
409 1288 621 1369 magnificent,⁴
639 1308 718 1369 quae
741 1295 827 1350 tauta
842 1289 929 1349 male
949 1287 1048 1367 possit

123 1370 243 1432 tollere.
286 1371 337 1432 Da
359 1372 490 1431 animam
513 1372 660 1432 imbutam
682 1373 818 1450 caritate,
840 1380 872 1432 et
894 1372 950 1432 erit
973 1370 1048 1430 dura

126 1455 207 1514 sicut
228 1454 363 1514 infernus
387 1455 552 1515 aemulatio
575 1456 649 1515 eius.

206 1537 324 1597 Contra
346 1537 576 1599 conclusionem
598 1557 698 1598 meam
733 1544 868 1614 sextam,
901 1536 952 1598 ubi
975 1536 1048 1613 dixi,

126 1619 248 1698 culpam
271 1638 334 1680 uon
357 1639 450 1700 posse
472 1622 584 1680 remitti
605 1627 760 1700 potestate
783 1621 894 1698 clavis,
917 1620 975 1679 nisi
998 1619 1048 1678 de·

127 1701 274 1762 elenando
297 1703 348 1762 vel
369 1702 570 1782 approbando
595 1710 664 1784 stc,
688 1686 836 1766 latisffime
864 1701 977 1764 resolvi
1000 1719 1049 1761 me

123 1786 225 1866 ipsum
247 1785 277 1844 in
300 1785 359 1845 hae
381 1786 518 1864 materie,
540 1795 573 1846 ut
594 1786 714 1847 videbis
735 1788 767 1846 in
781 1784 1048 1862 declarationibus,

126 1867 199 1946 qnia
220 1869 338 1948 etipse
359 1869 439 1928 hane
467 1869 698 1930 conclusionem
726 1870 857 1930 aliorum
887 1868 1049 1942 sententie,

125 1968 189 2009 non
214 1968 282 2010 mea
304 1952 348 2010 sie
368 1952 468 2031 posui.
511 1950 577 2011 Tua
608 1959 710 2012 autem
734 1952 902 2012 confutatio
924 1968 1048 2030 prorsus

126 2025 199 2092 nihil
225 2040 287 2106 est,
323 2033 398 2093 dicis
420 2035 518 2114 enim,
549 2034 630 2113 quod
659 2036 753 2094 attriti
777 2037 888 2094 virtute
917 2031 1049 2092 clavium

128 2116 233 2189 (iuxta
271 2122 445 2176 sanctorum
480 2117 791 2198 interpretationem,
826 2117 905 2177 sorte
950 2115 1049 2174 sancti

124 2197 281 2280 Thomee)
307 2197 384 2259 liunt
405 2200 536 2259 contriti.
585 2201 625 2260 Et
652 2200 725 2288 ideo
756 2220 818 2261 nou
840 2198 934 2259 modo
957 2216 1049 2277 papa,

125 2280 180 2340 sed
211 2281 340 2359 quisque
369 2282 514 2343 sacerdos
543 2282 665 2343 dimittit
700 2282 872 2363 depositiva
904 2289 935 2341 et
962 2281 1049 2338 mini-

124 2364 297 2427 sterieliter.

206 2445 394 2526 Respondes
419 2448 649 2527 primum,‘sive
672 2448 771 2507 sancti
793 2448 868 2526 sint,
892 2446 955 2506 sive
977 2463 1048 2526 pec·

123 2536 263 2609 catores,
297 2531 348 2609 qui
371 2531 414 2589 sie
437 2531 617 2609 lequuntur,
651 2530 725 2589 nihil
747 2548 867 2606 moror,
890 2530 952 2590 hee
974 2529 1049 2605 seio,

124 2612 208 2692 quod
232 2619 351 2690 errant,
373 2613 481 2690 Error,
503 2615 642 2693 iuquam,
665 2620 728 2691 est,
750 2612 831 2692 quod
855 2614 974 2674 attritus
996 2609 1050 2669 fiat

124 2697 274 2756 contritus
297 2697 407 2756 virtute
438 2697 585 2774 clavium,
622 2697 707 2775 quie,
739 2702 773 2757 ut
804 2697 846 2755 eit
867 2694 1048 2776 Apostolus,

124 2776 257 2857 Oportet
278 2778 476 2839 accedentem
502 2779 635 2839 credere.
678 2778 769 2839 Fides
792 2784 978 2838 autemnon
1001 2794 1049 2836 so-

122 2861 186 2920 lum
211 2863 350 2940 conterit,
372 2862 426 2921 sed
450 2863 540 2921 etiam
564 2860 767 2938 iustificet*),
789 2860 979 2942 impossibile
1002 2864 1050 2918 est

123 2944 216 3016 enim,
240 2944 322 3022 quod
345 2944 438 3021 digne
455 2944 582 3004 accedet
599 2944 638 3004 ad
656 2952 890 3023 sacramentum,
913 2944 971 3002 nisi
987 2942 1048 3001 iam

123 3025 306 3086 iustificatos
330 3035 360 3086 et
381 3047 454 3087 vere
476 3029 634 3087 contritus.
677 3025 767 3087 Unde
795 3027 870 3086 illud
893 3044 1048 3087 commen·

123 3116 187 3169 tum
212 3108 250 3169 de
273 3111 428 3170 attritione
451 3111 524 3170 satis
555 3111 616 3169 late
644 3127 761 3190 vagans
789 3109 969 3188 figmentum
992 3113 1048 3186 est,

124 3199 157 3251 et
178 3192 253 3250 nihil
276 3193 305 3250 in
334 3211 432 3252 rerum
460 3198 583 3268 natura,
617 3193 674 3252 nisi
713 3192 940 3257 simulationem
969 3190 1048 3250 forte

124 3274 259 3335 volueris
282 3294 349 3334 eam
362 3274 546 3354 intelligere,
569 3295 648 3354 quae
670 3275 767 3354 magis
780 3274 938 3355 indignum
956 3273 1050 3333 iaciat

123 3364 328 3421 sacramento.
358 3357 439 3431 Quid
461 3358 581 3418 dicem?
603 3358 703 3419 Etiam
725 3359 785 3417 iste
807 3365 875 3417 tuus
897 3356 1047 3435 Dialogus

124 3438 288 3500 confirmat
310 3442 494 3500 sententiam
517 3461 627 3519 meam,
649 3442 708 3500 iam
733 3439 783 3499 diu
807 3459 926 3501 mecum
949 3457 1048 3498 mora·

123 3533 198 3599 tarn,
222 3521 304 3601 quod
326 3522 470 3583 videlicet
492 3521 1047 3604 theologiaillascholesticaexulem

124 3606 215 3667 nobis
237 3606 310 3666 feeit
342 3612 446 3666 ieram
476 3613 507 3666 et
533 3608 683 3667 sincerem
715 3606 915 3688 theologiam.
969 3604 1048 3664 Nam

198 3787 227 3856 *J
249 3787 340 3842 Fides.
377 3787 475 3841 Ebrae.
498 3790 539 3842 ll.
