2356 4200
374 388 377 392 Ι
440 305 545 361 Contra
561 304 641 361 ohel.
660 307 743 361 Eooll.
985 304 1054 374 ’489

131 492 258 571 soilioet,
281 493 371 572 quod·
387 491 531 552 saomdos
545 491 711 553 absumens
735 491 821 553 dieite
844 491 1057 568 Quillminus

130 582 192 655 ast,
215 576 359 657 suppleat
380 586 485 635 amara
514 576 618 655 passio
645 574 770 662 'Qhristi.
813 575 889 647 Ho'o
912 576 954 654 1)·
976 576 1056 638 forte

128 659 304 720 non‘llrerit
325 658 399 719 milri
421 663 518 718 tutum
541 657 654 736 dicere,
677 657 759 738 qu'oll
781 660 839 729 iste
855 672 934 719 usus
958 674 1056 722 sacer·

127 742 236 803 uotum
258 742 331 802 mihi
353 750 416 802 non
439 741 579 822 placeat,
603 760 642 801 ne
668 742 777 801 iterum
800 740 892 820 dieat,
914 742 1056 804 Bohemi·

87 847 88 850 ¹
130 832 198 887 oiim
220 825 305 885 virus
327 842 377 885 me
399 824 561 885 seminare.
605 824 719 884 Verum
753 835 826 886 uror
846 831 908 885 tam
930 825 1057 908 indigue

128 908 306 990 passionem
330 908 440 968 Christi
463 907 587 985 haberi,
616 914 650 967 ut
669 909 738 987 ipsa
759 908 799 967 sit
820 908 1057 988 suplementum,
1116 944 1128 949 -

130 998 159 1052 sl
195 991 280 1050 velut
313 990 410 1050 eaurda
445 997 617 1050 nostrarum
648 993 872 1070 operationum.
915 991 1102 1099 Denique*

130 1093 196 1134 oum
219 1075 288 1154 ipsa
321 1073 359 1133 ad
380 1090 498 1153 poenas
527 1073 630 1152 potius
652 1071 821 1134 inflammet
843 1092 934 1154 quam
953 1074 1054 1135 remit
1080 1094 1084 1101 ·

129 1162 190 1234 tat,“
203 1155 250 1216 ad·
265 1157 477 1217 remissionem
499 1174 573 1216 vero
584 1174 755 1235 poenarum
768 1154 900 1218 sulli‘eiat
913 1158 1056 1218 'voluntas

129 1239 264 1301 hominis
286 1256 396 1319 papae.
420 1237 480 1299 Sed
502 1238 580 1298 haee
602 1239 693 1298 latius
716 1258 771 1300 suo
794 1245 956 1321 tempore·

213 1321 248 1382 Ill
284 1322 445 1382 ridiculum
480 1320 593 1381 debere
631 1321 705 1381 diei:
740 1323 883 1402 suppleat
913 1323 1057 1385 voluntas

133 1424 244 1487 papae.
289 1405 418 1484 Semper
447 1405 581 1464 somniat
612 1422 741 1464 neeesse
775 1408 830 1466 est'
856 1406 1000 1488 supplere
1027 1415 1059 1468 et

130 1487 273 1549 satisfieri
294 1489 361 1548 Deo
383 1505 439 1567 per
451 1504 580 1566 poenas,
603 1505 641 1546 ao
656 1488 869 1560 remissionem
883 1490 946 1550 riou
963 1496 1057 1571 p'osse

130 1570 195 1631 fieri
231 1572 289 1631 nisi
320 1589 377 1651 per
398 1568 489 1629 aliam
512 1572 815 1650 compensationem,
846 1578 880 1632 ut
907 1574 951 1633 sle
972 1572 1057 1633 nulla

130 1657 170 1714 sit
197 1654 337 1714 remissio
364 1672 452 1731 vera,
488 1651 543 1715 sed
574 1652 674 1733 sulum
699 1657 887 1737 permutati·
909 1656 1057 1737 legitima-

129 1755 188 1816 que
210 1737 380 1798 satisfactio
404 1754 458 1815 per
480 1735 586 1815 alium,
610 1734 693 1815 qnod
716 1744 747 1797 et
768 1740 948 1798 eanonistae
972 1739 1056 1799 dam-

129 1824 213 1903 nant,
236 1825 269 1879 et
279 1818 431 1880 voeabulo
451 1817 660 1900 indulgentiae
671 1825 829 1901 repugnat.
853 1818 885 1882 Si
907 1823 987 1881 enim
1011 1828 1058 1883 est
1112 1865 1116 1871 -

128 1920 202 1964 vera
230 1903 389 1980 remissio,
419 1900 496 1961 nihil
529 1907 654 1981 oportet
676 1902 878 1982 compensare
899 1903 981 1964 alibi.
1025 1904 1057 1967 Si

128 1985 163 2046 llt
191 1986 422 2066 eompensatio,
454 2002 518 2044 non
542 1992 590 2045 est
610 1986 761 2063 remissio,
791 1985 846 2046 sed
876 1987 1056 2050 satisfaotio.

127 2067 211 2144 Quid
235 2085 308 2149 ergo
330 2084 389 2129 nos
409 2065 518 2127 ludunt
539 2068 688 2128 simulatis
724 2067 824 2142 verbis
853 2075 884 2129 et
904 2087 968 2130 rem
992 2088 1056 2132 non

128 2150 288 2233 appellant
308 2168 364 2210 suo
386 2151 521 2226 nomine,
545 2156 578 2210 ut
598 2150 805 2232 indulgentias
818 2169 882 2212 non
898 2146 1056 2234 indulgen·
1132 2158 1135 2165 '

127 2234 197 2313 tias,
219 2233 273 2293 sed
298 2234 571 2313 oompsnsationes
590 2240 712 2294 vocent.
741 2234 805 2294 lmo
827 2235 964 2296 veriores
987 2243 1058 2296 sunt

127 2316 371 2395 satisfaoti'ones,
409 2317 434 2375 si
464 2316 574 2375 Christi
602 2318 707 2396 passio
731 2317 867 2397 supplet,
901 2336 992 2398 quam
1029 2321 1055 2378 si

128 2418 187 2461 nos
200 2399 503 2480 ipsisatislaotiones
517 2399 681 2459 solvamus.
717 2399 791 2474 Quis
814 2401 894 2461 enim
906 2408 968 2462 tam
987 2400 1056 2463 hor-

129 2482 226 2543 renda
253 2483 373 2542 haeresi
401 2480 536 2560 laboret,
572 2488 604 2541 ut
638 2484 815 2562 passionem
845 2484 956 2545 Ohristi
992 2486 1055 2546 non
1155 2483 1159 2495 '

128 2566 282 2646 praeferat
319 2566 381 2624 suis
409 2565 520 2644 poenis
563 2572 594 2624 et
626 2565 793 2645 operibus?
835 2565 897 2627 Sed
925 2567 990 2628 'hoe
1024 2569 1054 2627 in

128 2647 367 2728 probationibus
389 2645 507 2706 diffuse.
644 2660 647 2665 ’
750 2676 753 2684 ·

423 2728 515 2792 XVII.
538 2728 709 2790 Obelisous.
721 2727 758 2808 ⁴¹)

207 2811 269 2871 lle.
291 2806 430 2873 Erronea
452 2830 576 2891 prorsus
597 2814 787 2893 propositio,
818 2832 886 2873 oum
910 2818 970 2874 stet
992 2812 1055 2895 plu-

129 2912 180 2956 res
204 2904 274 2956 esse
296 2913 369 2955 vere
391 2902 592 2974 eompunetos
614 2897 680 2955 sine
700 2896 839 2975 plenaria
865 2896 1057 2974 remissione,

130 2978 252 3058 aecipio
276 2979 357 3038 enim
380 2977 561 3037 morientem
583 2979 793 3058 purgandum,
825 2977 878 3040 ille
908 2984 958 3040 est
977 2999 1057 3040 *vere

131 3067 352 3140 compunctus,
386 3060 500 3138 alioqui
530 3063 713 3121 sacramenti
745 3063 874 3141 gratiam
903 3069 934 3122 et
953 3063 1056 3123 remis-

131 3145 253 3205 sionem
282 3149 480 3223 peooatorum
515 3161 578 3203 nou
600 3145 781 3224 aeoiperet,
812 3151 842 3204 et
869 3151 1056 3206 tamennon

131 3227 228 3288 habet
253 3227 464 3286 remissionem
494 3226 663 3304 plenariam
686 3246 824 3306 poenae,
858 3227 972 3307 alioqui
995 3247 1057 3288 non

133 3317 219 3370 esset
251 3308 437 3389 purgandus.
483 3308 571 3368 Unde
600 3310 727 3369 multum
754 3310 927 3390 perioulose
955 3312 1059 3390 posuit

131 3393 356 3470 universalem,
391 3392 473 3471 quod
501 3392 724 3471 particulariter
752 3393 914 3477 probatum
942 3391 1056 3454 nullam

131 3476 261 3535 haberet
282 3473 502 3535 difficultatem.
695 3490 697 3499 ¹

194 3741 226 3882 l}
245 3742 452 3870 ffffigmfflmgq
470 3815 602 3872 ennena.
621 3815 740 3870 nuum.
