2356 4200
294 291 369 362 apud
388 290 467 345 Gard.
487 290 514 344 S.
535 290 606 344 sixti
624 291 706 344 Bon.
725 291 804 345 Pout
824 290 889 360 leg.
987 287 1049 355 391

209 463 320 523 Merita
333 461 456 523 Christi·
467 461 581 523 tollunt
601 469 739 542 pensata,
762 468 792 523 et
809 467 923 543 sugent
935 463 1052 540 merite,

124 544 340 626 indulgentiae
371 544 485 606 tollunt
506 546 628 622 merita,
661 544 836 624 relinquunt
858 543 889 621 ¹)
913 552 1051 624 peooate.

125 629 168 689 nt
190 633 297 709 potest
316 627 398 688 idem
423 633 525 689 textus
547 628 585 688 ds
609 628 745 708 utrisque
756 629 882 708 proprie
902 627 1051 708 intelligi?
1171 653 1176 662 ¹

126 711 240 788 Gradu,
262 710 389 772 Orestes
413 729 537 791 quoque
556 710 617 771 hoo
636 709 770 791 negabit.
803 709 844 770 m
865 717 968 770 minen
993 729 1052 791 ego

127 795 318 856 reverentiae
341 792 442 854 studio
464 793 494 853 id
518 792 637 873 admisi,
660 802 692 854 et
713 794 838 872 asserui,
861 793 935 853 lieet
956 793 1052 853 multe

128 877 296 955 violentis,
318 875 452 956 denique
474 895 542 936 eum
565 876 606 937 sit
627 874 759 937 obseura
779 875 881 937 verbis
903 875 1051 936 Extrava-

126 979 205 1040 gens
238 966 271 1020 et
291 979 364 1020 rere
385 959 539 1038 quaedam
561 966 783 1040 extravagans,
821 979 903 1019 nuno
924 976 1050 1034 senens,

127 1041 211 1121 quod
234 1042 343 1103 merite
364 1041 476 1102 Ohristi
500 1048 580 1121 sunt,
603 1061 700 1118 nuno,
729 1041 812 1122 quod
843 1042 1055 1121 acquisierunt

128 1124 305 1186 messurum
337 1123 613 1206 indulgentiarum,
636 1125 716 1204 dixi,
746 1124 829 1204 quod
851 1131 884 1186 et
901 1142 960 1204 pro
983 1136 1053 1185 mea

127 1208 282 1269 sententia
303 1214 387 1269 stare
408 1213 513 1287 potest
531 1215 640 1269 eontra
652 1207 1053 1285 eommunemsententiem,

127 1296 167 1353 et.
180 1310 273 1372 super
302 1290 362 1351 hau
395 1290 490 1352 dubie
518 1291 642 1352 tortrirm
664 1290 828 1353 verborum
850 1290 910 1352 Dei
938 1297 969 1350 et
1001 1289 1052 1353 de·

125 1374 299 1454 praratrioa
330 1371 382 1455 (ut
400 1372 607 1452 Hieronymus
629 1374 690 1451 ait)
726 1373 961 1455 sententiarum,
992 1392 1052 1454 ego

126 1464 245 1519 mrtem
265 1457 498 1518 revocationem
519 1455 651 1533 faeiem,
674 1475 738 1517 non
760 1457 902 1516 oonrieto
927 1455 1052 1516 errore?

125 1550 192 1600 non
213 1539 339 1640 Quoiam,
376 1538 442 1599 sed·
462 1543 641 1600 oonstenter
665 1544 698 1598 et
720 1557 788 1599 oum
819 1538 932 1599 fldueia
959 1554 1051 1619 nego,

124 1623 237 1683 nerito
260 1622 374 1684 Ohristi
395 1641 465 1682 esse
486 1623 518 1682 in
540 1641 632 1681 manu
653 1638 755 1701 papea
784 1620 848 1681 ullo
881 1621 976 1682 modo
1002 1629 1054 1687 tut

127 1705 224 1766 verba
244 1711 394 1782 sonant),
416 1706 483 1784 ipse
505 1703 631 1782 viderit,
654 1704 811 1783 quomodo
835 1722 921 1764 suam
944 1703 1053 1764 Extre-

127 1793 294 1869 vagantam
316 1787 479 1867 intelligat.

211 1870 265 1933 Sat
284 1871 377 1951 igitur
398 1870 437 1930 sit
458 1888 514 1950 pro
548 1870 607 1930 hau
629 1870 698 1929 viee
721 1868 908 1947 ostendisse,
936 1887 999 1947 non
1021 1871 1052 1930 in

127 1952 270 2015 omnibus
305 1952 436 2014 decretis
471 1951 653 2032 pontinum
684 1951 790 2012 haberi
817 1971 933 2012 uerum
955 1950 1053 2032 lagiti-

127 2030 358 2097 mum'uensnm
380 2037 568 2117 seripturae,
594 2034 729 2114 ideoque
751 2035 825 2094 eitra
847 2054 955 2095 eorum
976 2034 1052 2095 iuiu-

126 2120 204 2180 riam
224 2138 319 2199 posse
339 2119 429 2180 aliter
449 2119 520 2196 diei,
543 2119 650 2196 teneri,
673 2119 788 2188 sentiri,
810 2136 901 2196 quam
921 2118 981 2197 ipsi
1001 2116 1053 2177 lra-

127 2202 216 2280 baut,
258 2200 409 2281 siquidem
444 2201 568 2281 ipsimet
595 2201 763 2281 seriptum
804 2199 1054 2280 interpretandae

121 2285 323 2346 autoritatem
345 2284 523 2345 doctoribus
545 2283 701 2363 tribuunt,
724 2282 782 2344 sibi
805 2301 880 2346 vero
904 2282 1050 2344 iudioium

128 2366 405 2429 descindendarum
428 2386 597 2429 oeussrum.

210 2448 330 2511 Deinde
353 2450 414 2510 alia
435 2457 483 2510 eat
503 2449 633 2509 facultas
654 2448 794 2528 iuridioa,
819 2468 910 2528 quam
934 2448 1053 2510 theolo-

127 2533 208 2614 giae,
231 2534 328 2594 multa
339 2534 554 2613 permittuntur
574 2533 605 2593 in
627 2531 693 2609 illa,
715 2551 795 2611 quaa
816 2533 848 2592 in
870 2531 931 2592 heo
951 2531 1076 2611 prolui-1

129 2616 246 2679 bantur.
277 2617 409 2678 Elevent
426 2617 551 2676 iuristae
573 2634 644 2676 suas
664 2615 858 2691 traditiones,
880 2613 976 2675 multo
992 2632 1053 2672 ma-

128 2700 177 2780 gis
200 2717 256 2759 nos
278 2699 418 2780 theologi
440 2699 604 2779 puritatem
627 2699 795 2777 scripturae
811 2715 978 2773 servemus,
1003 2715 1054 2757 eo·

129 2801 190 2861 que
212 2783 321 2864 magis,
344 2801 405 2861 quo
428 2781 568 2842 videmus
592 2789 699 2842 nostro
722 2781 829 2841 seoulo
852 2798 978 2861 surgere
999 2798 1053 2840 uo-

129 2866 325 2926 cantissimos
341 2864 529 2944 adulatores,
553 2866 604 2945 qui
619 2883 769 2924 summum
782 2860 959 2942 pontificem
970 2862 1055 2922 'ultra

102 2990 109 2996 -
130 2947 271 3009 Goneilia
292 2947 416 3009 elevent
435 2946 485 3026 ²),
507 2946 625 3007 seilicet
647 2953 680 3006 ut
701 2964 769 3025 uno„
787 2945 919 3013 oouoillo
937 2964 993 3025 per
1012 2944 1054 3004 al-

128 3037 230 3091 terurn
256 3029 422 3114 reprobato
452 3029 566 3090 nullum
596 3028 684 3090 nobis
714 3034 829 3097 eertum
857 3026 1054 3107 relinquatur,

129 3111 256 3175 tandem
292 3112 396 3175 omnia
418 3113 508 3173 simul
530 3112 693 3175 oonouleet
720 3130 797 3173 unus
823 3110 935 3188 homo,
963 3124 1054 3193 pape,

129 3194 214 3257 idem
236 3216 329 3277 super
349 3195 515 3259 eonsilium
538 3200 570 3256 et
590 3193 687 3274 inira,
720 3213 831 3274 supra,
860 3193 931 3255 dum
953 3190 1056 3273 potest

130 3278 296 3358 damnare,
318 3279 407 3358 infre,
429 3277 499 3339 dum
523 3277 636 3358 occipit
656 3297 677 3338 e
694 3277 840 3339 >Concilio
858 3276 1054 3343 autoritatem

129 3368 276 3440 tanquam
299 3381 319 3422 a
339 3362 458 3440 maiori,
482 3379 543 3440 que
564 3360 607 3433 fit,
620 3360 651 3435 ³]
676 3379 769 3440 supra
791 3358 967 3420 ooneiliurn.

215 3443 293 3505 Sunt
315 3463 458 3526 quoque,
481 3445 531 3524 qui
554 3463 667 3524 papam
689 3462 751 3503 non
783 3458 878 3523 posse
897 3458 999 3502 errare
1022 3444 1057 3500 'et

132 3546 223 3608 supra
235 3528 415 3608 scripturam
434 3547 504 3589 esse
518 3526 782 3606 impudentissime
799 3526 953 3600 iactitant,
977 3542 1055 3603 quae

448 3654 578 3662 ------

191 3718 220 3787 i)
240 3719 269 3771 ln
291 3718 334 3772 ed.
355 3720 425 3788 orig.
443 3719 567 3787 (Witt.):
587 3724 615 3772 el
632 3720 800 3787 relinquunt.
838 3716 871 3781 2)
893 3714 985 3768 lbid.:
1005 3714 1056 3768 ele·

133 3795 210 3843 rant.
248 3791 279 3856 3)
296 3790 380 3844 thiu:
400 3792 456 3844 fiet.
573 3840 578 3847 .
