2356 4200
178 282 240 349 178
506 278 653 341 Sermonae
672 279 783 340 liuthari

178 455 295 535 aliquid
316 454 458 517 videntur
479 474 562 536 esse,
592 457 774 517 arbitrantes
801 474 835 519 se
864 474 982 535 sapere,
1011 454 1100 515 intel·

92 540 99 559 ¹
179 539 285 620 ligere,
310 537 388 601 bene
410 540 523 601 vivere.
566 538 607 599 m
627 541 672 600 sio
693 554 749 620 per
770 538 922 599 Christum
943 540 963 599 i.
986 557 1012 600 e.
1035 538 1101 618 glo-

179 623 258 682 riam
279 621 337 682 Dei
356 640 440 682 suam
464 622 595 702 gloriam
618 628 778 701 quaerunt,
800 629 833 682 ut
854 628 929 702 puta
950 639 1006 702 pro
1030 639 1102 682 oon-

179 703 355 766 firmatione
377 725 451 766 suae
473 705 640 786 dignitatis,
662 703 762 766 Deum
774 702 929 786 hospitem
942 702 1102 782 habentes,

180 789 230 868 qui
248 786 318 848 ideo
340 786 380 848 ad
396 784 450 848 eos
467 787 637 866 declinarit,
652 789 724 867 quia
738 787 822 868 digni
837 794 924 867 sunt,
945 785 1016 847 ideo
1031 806 1102 847 eum

178 877 366 953 reputantes,
378 878 412 931 ut
417 888 472 951 per
480 890 549 931 eum
559 877 751 951 reputentur,
761 870 948 950 quodsinon
959 876 1102 1011 reputen-

180 959 229 1015 tur
242 972 384 1034 pereum,
398 954 458 1013 iam
466 959 589 1016 cessant
598 973 668 1014 eum
679 961 822 1034 reputare
830 973 868 1015 ae
875 954 979 1035 magni
1000 971 1104 1032 acere,

180 1043 212 1098 et
223 1034 907 1117 siaiustifioanturinopiniouesuabonadese
916 1036 1000 1118 ipsis,
1011 1034 1104 1115 quod,

175 1117 232 1190 ⁸ubi
254 1138 317 1179 uon
340 1118 384 1197 flt,
406 1121 577 1180 irascuntur
598 1127 628 1180 et
654 1126 852 1199 murmurant,
872 1118 1016 1180 videlieet
1032 1137 1104 1201 pee-

181 1207 302 1264 oatores
326 1201 384 1263 sibi
405 1202 568 1282 praeferri:
599 1210 630 1262 et
657 1204 760 1263 statim
788 1204 906 1283 proruit
925 1198 1033 1262 infelix
1055 1221 1103 1263 su·

181 1284 288 1366 perbia
316 1285 444 1348 interior
487 1287 517 1345 in
559 1284 706 1345 iudicium
743 1287 952 1364 temerarium,
986 1283 1036 1345 vel
1072 1285 1105 1345 iu

183 1369 422 1429 ostentationem
445 1370 506 1448 sui,
535 1366 566 1428 in
596 1367 819 1449 blasphemiam
850 1368 924 1448 Dei,
959 1367 1106 1449 quoniam

183 1443 245 1515 tam
267 1450 395 1531 pulchre
417 1469 450 1511 se
473 1457 637 1512 ornaverat
657 1451 741 1532 prius
764 1450 926 1512 decoribus
950 1450 1104 1512 bonorum

184 1552 321 1615 operum.
374 1532 414 1594 Hi
441 1554 515 1614 ergo
547 1535 591 1594 sio
620 1533 774 1594 Christum
802 1539 965 1615 quaerunt,
987 1543 1106 1595 utnon

206 1629 240 1677 er
271 1635 342 1686 eum
370 1616 540 1695 salventur,
572 1617 627 1678 sed
648 1623 682 1677 ut
713 1618 817 1678 salvos
839 1636 873 1678 se
895 1614 1106 1678 testifioentur.

183 1635 434 1781 llongauotorem
456 1700 605 1780 iustitiae,
634 1699 688 1760 ssd
721 1707 833 1760 testem
854 1697 1106 1761 sanctificationis
1150 1752 1153 1761 Ι

108 1816 111 1825 ·
184 1801 260 1843 suae
281 1782 448 1877 requirunt,
470 1802 508 1842 ao
529 1802 584 1863 per
605 1783 665 1843 hoo
677 1802 711 1843 se
725 1783 869 1845 meliores
885 1789 916 1843 et
932 1783 1106 1864 superiores

185 1883 223 1925 eo
255 1870 462 1926 aestimantes.
514 1865 580 1926 Ah!
608 1865 701 1935 boue,
721 1866 821 1944 Deus,
856 1885 947 1945 quam
981 1863 1107 1946 grandis

185 1946 315 2007 stultitia
338 1953 385 2007 est
405 1947 550 2019 iudicatio
573 1949 714 2028 proximi.
759 1947 817 2009 Hio
837 1954 1026 2009 murmurant
1043 1965 1107 2011 om-

186 2049 259 2109 nes,
281 2048 389 2091 omnes
410 2038 526 2092 temere
547 2030 703 2110 iudicant,
730 2037 791 2092 tam
820 2032 990 2094 eommunis
1011 2031 1108 2111 pestis

186 2119 234 2174 est
256 2112 400 2174 iudicium
422 2116 616 2176 temerarium
639 2115 732 2175 etiam
760 2133 857 2195 usque
884 2113 993 2193 hodie,
1021 2114 1108 2175 ouius

186 2214 280 2256 oausa
300 2202 349 2271 est
370 2198 503 2258 caecitas
516 2217 629 2281 magna
646 2204 677 2258 et
692 2199 867 2279 ignorantia
883 2197 1053 2279 sapientiae
1073 2197 1108 2256 in

189 2279 341 2359 mysterio
380 2279 580 2343 absconditae
612 2300 631 2340 a
664 2281 853 2362 sapientibus
886 2288 917 2343 et
952 2279 1109 2342 revelatae

120 2419 128 2433 ,
187 2361 331 2444 parvulis.
375 2361 452 2424 Sunt
474 2364 555 2423 enim
577 2364 660 2425 stulti
683 2371 715 2424 et
725 2365 820 2425 crassi
843 2365 950 2444 saneti,
963 2363 1025 2443 qui,
1037 2381 1107 2423 oum

187 2463 314 2526 grossos
337 2444 473 2508 defectus
496 2447 527 2507 iu
550 2467 584 2507 se
606 2466 670 2508 non
692 2449 836 2528 sentiunt,
854 2447 955 2508 nullos
968 2446 1107 2508 desectus

185 2529 218 2588 iu
240 2546 274 2588 se
296 2534 443 2590 statuunt.
486 2529 560 2592 Ideo
584 2530 677 2590 tutius
700 2537 765 2608 est,
786 2530 900 2591 multos
923 2548 1054 2611 magnos
1077 2536 1110 2590 et

186 2629 307 2671 orassos
342 2610 479 2673 defectus
510 2612 625 2675 habere
660 2631 754 2693 quam
782 2613 893 2685 nullos.
936 2612 1027 2674 Ratio
1050 2619 1108 2691 est,

187 2695 269 2773 quie,
291 2713 359 2754 oum
382 2696 481 2757 omnis
503 2695 596 2758 homo
620 2696 664 2761 sit
681 2716 778 2758 vanus
801 2703 832 2756 et
851 2695 985 2757 mendax
1002 2714 1108 2757 eoram

187 2777 270 2856 Deo,
293 2778 353 2839 soli
374 2777 418 2839 illi
440 2778 500 2840 hoo
521 2780 681 2860 ignorant,
715 2780 766 2859 qui
793 2781 825 2840 iu
848 2798 939 2840 sensu
962 2786 993 2840 et
1014 2777 1109 2841 oorde
1167 2780 1171 2786 ⁴

189 2879 222 2920 se
251 2858 329 2921 tales
363 2861 503 2922 nonnihil
540 2862 716 2942 inveniunt,
755 2882 791 2922 ao
818 2863 849 2922 in
878 2861 938 2924 hoo
970 2863 1108 2923 contenti

187 2950 267 3023 sunt,
287 2942 443 3007 dieentes:
464 2943 547 3005 Nihil
564 2945 638 3006 mihi
650 2947 792 3007 eonsoius
805 2965 880 3026 sum,
899 2965 972 3028 ergo
995 2945 1026 3006 in
1049 2945 1111 3007 hoo

187 3025 367 3087 iustificatus
389 3047 474 3107 sum,
496 3047 565 3088 eum
586 3028 647 3090 hoo
662 3029 763 3110 ipsum
785 3030 824 3091 sit
842 3027 1108 3090 horribilissimum

188 3118 365 3207 peceatum,
389 3129 452 3171 non
475 3130 543 3172 esse
566 3112 609 3172 sie
632 3113 805 3191 oonsoium,
836 3112 920 3192 quod
941 3114 982 3174 sit
1002 3109 1108 3172 iustiti-

190 3199 275 3252 catus
298 3211 407 3254 exeo.

272 3274 332 3335 Alii
354 3275 552 3356 spiritualiter
574 3282 604 3337 et
625 3297 708 3356 vere,
731 3279 791 3357 qui,
814 3285 847 3339 ut
868 3279 941 3360 dixi,
971 3299 1034 3341 uon
1057 3299 1108 3341 au·

189 3355 263 3419 dent
284 3378 354 3418 eum
377 3358 416 3419 ad
439 3379 472 3420 se
494 3378 606 3439 supere
629 3380 704 3441 prae
726 3362 822 3421 nimia
844 3380 900 3421 sua
921 3361 1109 3443 indignitate

191 3448 223 3501 et
249 3441 330 3500 illius
364 3442 527 3523 dignitate,
556 3450 587 3503 et
615 3463 652 3504 eo
676 3446 745 3524 ipso
773 3451 875 3505 tamen
904 3444 1108 3506 vehementis-

191 3525 268 3584 sime
291 3543 359 3584 eum
382 3533 512 3605 vooant,
546 3546 601 3606 per
622 3528 797 3608 negativam
819 3528 1016 3589 fortissimam
1039 3547 1111 3590 oon-

191 3605 351 3668 eludentes
372 3607 595 3671 affirmativam.
639 3608 689 3671 sie
716 3618 818 3671 autem
840 3611 923 3673 Deus
947 3613 1112 3692 quaeritur,

191 3689 263 3750 dum
279 3709 341 3751 non
355 3693 518 3770 quaeritur,
540 3691 693 3772 laudatur,
714 3693 787 3753 dum
807 3713 870 3754 uon
894 3694 1044 3774 laudatur,
1070 3696 1112 3756 di-

190 3772 302 3855 ligitur,
325 3772 397 3834 dum
415 3793 478 3835 non
499 3774 643 3858 diligitur,
665 3778 788 3856 petitur,
810 3777 882 3838 dum
905 3797 968 3840 non
989 3780 1112 3858 petitur,
