2356 4200
467 258 721 345 arrianus(
981 286 1044 353 115

142 451 364 530 quantitatis
384 455 569 521 Jerusalem.
612 456 665 520 Sic
685 457 760 521 Saul
772 458 842 520 Rex
862 457 1044 521 describitur

140 542 258 596 normus
280 537 311 596 in
333 541 471 618 peccatis
490 541 571 619 auis,
593 541 665 620 quia
685 560 749 604 non
770 543 906 622 speravit
929 542 961 602 in
982 541 1045 603 Do

138 619 206 679 nino
224 618 294 680 Deo
315 619 423 684 Israel.
466 621 582 684 Contra
605 623 747 686 Susanna
767 624 873 686 habuit
898 623 1043 686 fiduciam

134 702 156 763 iu
173 701 329 782 Domino,
350 704 423 766 ideo
446 724 510 767 non
532 712 581 767 est
602 706 758 771 derelicta.
800 708 848 769 lta
867 726 923 788 per
943 713 1043 769 totum

133 783 275 847 Psalmum
304 789 360 853 90:
397 787 552 864 Quoniam
579 791 611 850 in
638 810 688 851 me
716 792 867 870 speravit,
903 789 1044 853 liberabo

131 886 199 947 aum,
220 875 254 930 et
274 869 326 931 Pa.
349 874 426 937 105:
460 872 578 933 Domus
595 873 692 935 lsrael
703 875 839 953 speravit
853 873 1044 951 inDomino,

130 949 242 1013 adiutor
264 971 375 1015 eorum
395 961 428 1016 ct
448 962 607 1035 protector
629 963 685 1036 est,
707 957 790 1018 idem
802 956 852 1019 Ps.
865 959 923 1022 36:
946 956 1043 1035 Spera

128 1035 211 1096 ineo
243 1037 369 1117 etipse
389 1038 492 1100 laniet
533 1037 655 1102 Eccles.
677 1042 712 1103 2:
755 1040 927 1120 Respicite,
949 1037 1043 1115 tiliae,

128 1119 264 1179 nationes
286 1119 457 1201 hominum,
478 1127 512 1182 et
533 1124 655 1201 scitote,
678 1122 760 1201 quod
782 1123 885 1183 nullus
907 1121 1044 1202 speravit

125 1201 300 1263 inDomino
323 1209 356 1264 et
375 1204 521 1266 confusus
544 1212 601 1284 est,
623 1207 691 1285 quis
714 1207 796 1266 cuim
818 1205 989 1285 permansit
1007 1205 1039 1263 in

126 1283 272 1345 mandatis
295 1286 362 1347 eius
383 1295 415 1348 et
434 1287 598 1349 derelictus
631 1294 679 1349 est
705 1296 758 1349 aut
784 1290 852 1368 quis
887 1287 1045 1349 invocavit

125 1386 198 1446 cum,
214 1372 249 1428 et
262 1367 407 1450 despexit
415 1370 523 1431 illum?
566 1372 683 1447 Quarto
700 1370 849 1432 beneficia
861 1368 1043 1450 longanimi-

125 1451 189 1511 tatis
216 1457 253 1513 et
271 1453 443 1533 patientiae
464 1461 496 1515 et
515 1454 713 1537 benignitatis
735 1455 824 1517 Rom.
853 1456 882 1519 2.
931 1451 1045 1514 Videat

125 1530 250 1612 quilibet
270 1543 440 1596 retrorsum
461 1537 557 1598 vitam
579 1558 665 1599 suam
687 1543 862 1618 peractam,
895 1541 972 1616 quot
992 1554 1043 1615 pe-

123 1616 232 1697 riculis,
255 1618 389 1697 casibus,
410 1621 560 1682 mortibus
581 1623 621 1682 sit
633 1629 858 1703 praeservatur,
879 1620 911 1679 in
934 1619 1044 1698 quibus

124 1699 196 1760 vidit
215 1700 300 1761 alios
320 1703 431 1782 perire,
455 1706 506 1783 qui
524 1706 660 1784 peccatis
678 1705 797 1786 magnis
819 1703 963 1764 sustinuit
973 1720 1044 1761 sese

124 1781 254 1863 ostendi,
277 1802 402 1866 semper
428 1786 562 1848 reddens
583 1788 699 1849 bonum
719 1806 776 1868 pro
798 1787 891 1867 malo,
908 1792 939 1847 et
956 1785 1044 1844 mira
1087 1814 1090 1820 ·

124 1864 199 1926 bitur
234 1865 448 1931 admirabilem
498 1871 750 1932 misericordiam.
808 1868 922 1944 Quinto
959 1867 1075 1947 quod*
1108 1921 1111 1925 .

124 1967 189 2009 cum
210 1951 306 2012 tertio
328 1950 492 2034 coincidit,
515 1952 655 2033 divitiae,
682 1954 834 2031 honores,
868 1951 1043 2031 voluptates
1161 1974 1165 1983 ·

123 2032 277 2112 fecerunt,
300 2034 460 2113 quomodo
482 2032 700 2117 derelinquunt
733 2055 805 2115 eos,
834 2037 885 2115 qui
907 2033 1043 2096 ambula

124 2122 233 2177 verunt
257 2117 290 2176 in
314 2119 370 2178 eis.
412 2118 540 2180 confusi
569 2127 655 2199 sunt,
674 2120 830 2199 'quoniam
854 2119 939 2179 Deua
961 2132 1044 2196 sprc

124 2201 166 2260 vit
186 2218 254 2261 eos.
298 2199 436 2280 Etaane,
459 2205 485 2262 si
505 2203 585 2263 haec
605 2210 723 2264 tantum
745 2200 1044 2262 auditahaberemus

125 2288 154 2343 ct
179 2301 247 2344 nou
274 2286 468 2364 experientia
500 2288 626 2367 propria
651 2286 840 2365 videremus,
872 2303 935 2344 non
963 2289 1046 2343 esset

125 2372 184 2426 lam
206 2367 311 2446 gravis
333 2368 509 2448 insipientia
529 2377 644 2431 nostra.
687 2369 773 2430 Haec
789 2364 1046 2428 suntmeditanda

124 2451 305 2529 praesertim
327 2449 435 2511 diebus
456 2452 552 2516 festis.
596 2453 691 2514 Sexto
711 2471 803 2532 super
827 2453 940 2529 omnia,
962 2447 1047 2530 quod

125 2530 209 2592 dedit
230 2532 321 2593 nobis
334 2533 488 2595 Christum
503 2536 534 2595 in
549 2536 725 2617 exemplum
739 2542 771 2596 et
792 2540 949 2595 auctorem
971 2534 1047 2613 spei,

124 2622 156 2676 ut
176 2616 342 2695 apostolus
365 2616 448 2679 dicit.
490 2618 568 2678 Nam
590 2612 672 2699 idco,
695 2626 729 2678 ut
749 2637 806 2679 nos
830 2617 868 2678 ad
891 2636 925 2678 se
948 2616 1048 2676 trahe-

124 2705 179 2778 ret,
201 2704 238 2758 ut
259 2699 290 2758 in
314 2700 414 2778 ipsum
435 2700 616 2781 fideremus,
639 2703 751 2781 voluit,
772 2702 929 2782 proprium
951 2697 1046 2758 lilium

125 2781 302 2862 exemplum
324 2782 415 2844 nohis
438 2784 565 2844 adeam
588 2805 654 2845 rem
675 2785 751 2863 lieri,
772 2787 835 2845 imo
858 2790 889 2843 et
911 2784 943 2842 in
964 2782 1048 2842 auxi-

125 2864 211 2944 lium,
233 2865 307 2944 quia
328 2874 522 2927 sacramanta
536 2867 648 2928 Christi
668 2869 815 2928 auxilium
836 2866 963 2948 gratiae,
985 2865 1065 2945 vita⁸
1091 2898 1094 2909 ι

127 2949 191 3008 eius
215 2947 382 3008 consilium
405 2951 540 3031 exempli
562 2951 840 3031 nobis‘praestsnt.
890 2948 941 3009 Sic
967 2948 1049 3007 enim

127 3029 223 3112 duplo
254 3030 344 3092 nobis
366 3040 497 3112 prosunt
518 3036 638 3114 omnia,
673 3053 753 3114 quse
774 3035 805 3093 in
824 3032 946 3092 Christo
969 3037 1048 3110 sunt,

127 3115 262 3192 scilicet,
284 3116 549 3178 sacramentaliter
570 3125 601 3178 et
622 3117 851 3197 exemplariter,
881 3113 1049 3174 secundum

127 3197 160 3258 B.
188 3198 396 3279 Augustinum
426 3200 480 3262 lib.
503 3203 521 3264 3
550 3199 589 3260 de
610 3201 709 3261 Trio:
739 3200 971 3262 Sacramentum
993 3204 1049 3268 eet,

127 3280 211 3359 quod
233 3281 347 3361 ligatus
370 3288 418 3343 est
439 3301 496 3363 pro
520 3283 619 3362 nobis,
641 3291 675 3345 ut
692 3302 749 3344 nos
761 3283 847 3362 ligati
860 3281 1051 3342 solveremur

127 3365 158 3424 in
180 3369 358 3424 aeternum:
382 3366 558 3445 exemplum
580 3374 644 3445 est,
673 3372 707 3426 ut
728 3373 759 3428 et
781 3384 838 3426 nos
861 3366 911 3425 vel
936 3362 974 3425 ab
997 3363 1050 3424 ho-

129 3447 262 3508 minibus
284 3447 377 3507 vela
397 3446 487 3509 nobis
509 3450 584 3528 ipsis
606 3450 737 3530 ligemur
749 3449 881 3510 vinculis
891 3449 1050 3528 poeniteu-

129 3531 191 3591 tiae
213 3548 308 3609 super
328 3536 464 3591 veterem
486 3531 653 3593 hominem.
682 3531 835 3593 iustificat
856 3536 1049 3591 sacramento

128 3612 288 3674 hominem
309 3613 488 3674 interiorem
508 3620 539 3675 et
555 3614 629 3676 facit
645 3635 769 3696 novum,
780 3614 896 3676 indicat
907 3612 1050 3694 exemplo

129 3694 289 3758 hominem
311 3697 511 3778 exteriorem,
541 3697 731 3760 demonstrat
762 3705 908 3760 veterem.
954 3696 1001 3758 lta
1022 3700 1053 3759 et

130 3784 356 3841 sacramentum
377 3785 432 3858 cst,
456 3780 542 3857 puori
559 3780 662 3846 nudus
685 3783 784 3848 voluit
801 3783 870 3849 siue
882 3779 1057 3850 omnillllu·

796 3924 844 3996 8.,
