2356 4200
424 308 449 347 ι.
469 294 539 351 ιιιι
556 292 652 348 utura
906 253 908 259 ¹
935 287 997 356 189

78 460 208 523 cumcidi
241 461 404 542 alienaque
425 462 542 523 iustitia
561 464 677 542 nitere,
691 477 697 485 ·
711 450 743 521 et
764 461 901 521 Christus
924 479 995 541 pro·

77 546 175 626 priam
198 563 354 606 evacuans
366 545 447 606 iuter
460 552 642 624 peccatores
654 545 720 606 vult
736 544 871 605 sordere.
894 542 994 619 Quem

77 629 158 688 enim
192 646 255 688 non
290 629 402 689 meritc
424 635 566 706 moveat,
600 635 633 689 ut
653 627 753 688 libens
775 644 847 686 suas
868 627 995 708 torpitu-

76 710 166 771 dines
195 710 379 772 confiteotur
396 729 434 771 ac
453 719 600 790 peccator
621 711 696 772 velit
716 711 868 790 reputari,
901 728 994 789 quum

75 793 121 873 id,
154 811 224 853 cum
252 796 378 876 cogitat,
401 793 485 873 quod
498 793 650 855 Dominus
673 812 745 854 suus
767 792 865 853 voluit
885 809 995 872 pecca·

76 884 126 937 tor
145 879 281 956 reputari
301 883 429 958 propter
449 896 535 956 eum,
566 875 649 956 quod
676 894 738 936 non
757 881 837 953 erat,
870 880 904 934 ιιι
924 893 995 935 eum

77 960 222 1039 exemplo
245 979 301 1020 suo
322 960 503 1021 revocaret?
526 958 613 1034 Quae
636 960 716 1021 euim
740 959 871 1018 estella
892 975 995 1036 ceusu,

77 1041 161 1122 quod
189 1051 318 1123 peccata
351 1062 408 1103 sua
439 1043 539 1102 nolint
571 1043 712 1102 homines
746 1040 903 1117 confiteri,
937 1041 996 1101 nisi

77 1125 162 1207 quod
195 1127 305 1187 timent
341 1132 522 1206 peccatores
557 1124 710 1184 inveniri?
758 1124 800 1183 At
835 1124 913 1184 haec
948 1131 997 1185 est

75 1209 213 1288 pessima
233 1211 329 1288 pestis
353 1217 385 1268 et
400 1208 546 1268 Leviotau
569 1209 634 1268 sive
655 1206 908 1284 additamentum,
931 1205 994 1265 nul-

77 1292 138 1351 lum
161 1291 246 1351 euim
267 1298 428 1372 peccatum
450 1298 513 1350 tam
535 1297 639 1367 atrox,
661 1289 754 1370 quod,
777 1291 802 1349 si
824 1291 891 1349 sine
911 1287 995 1349 oddi-

77 1381 215 1436 tamento
244 1376 296 1455 sit,
325 1393 388 1435 nou
411 1375 513 1435 statim
535 1375 721 1450 remittetur,
754 1371 995 1433 additamentum

76 1464 179 1531 autem
202 1463 250 1517 est
269 1459 338 1538 ipsa
359 1456 517 1537 superbia,
544 1475 605 1535 qua
625 1475 689 1516 uon
711 1456 776 1515 vult
797 1454 943 1515 confundi
964 1462 996 1515 et

75 1538 179 1619 palam
213 1538 288 1601 fieri.
331 1539 431 1601 Omne
460 1541 541 1600 enim
574 1545 735 1618 peccatum
766 1537 827 1598 duo
850 1537 944 1599 hebet
962 1539 995 1597 in

78 1641 126 1701 se,
160 1622 279 1683 scilicet
309 1623 456 1684 damnum
493 1629 523 1682 et
545 1620 709 1701 pudorem,
744 1640 797 1682 seu
820 1621 941 1701 culpam
964 1626 996 1681 et

76 1722 230 1785 poenum,
259 1712 292 1766 at
318 1707 459 1766 homines
489 1706 586 1785 magis
616 1706 725 1764 timent
746 1723 881 1784 poenam
903 1722 994 1782 quam

77 1787 223 1848 domnum
246 1797 277 1848 et
298 1789 429 1868 culpam.
472 1788 552 1848 Hinc
572 1787 678 1848 faciles
700 1794 772 1847 aunt
791 1805 936 1867 peccare,
964 1793 996 1846 et

77 1870 249 1931 difficillimi
271 1870 425 1932 confiteri:
459 1871 568 1931 volunt
590 1889 659 1930 esse
686 1877 800 1950 turpes,
829 1877 860 1930 et
886 1870 996 1930 nolunt

76 1955 211 2034 reputari
233 1961 346 2034 turpes.
389 1953 432 2014 At
459 1960 581 2033 eportet
603 1959 689 2013 tauta
721 1952 888 2033 cupiditate
921 1971 993 2012 cou-

77 2035 166 2114 fiteri,
189 2045 304 2116 quauta
324 2037 381 2096 luit
400 2042 571 2116 peccatum,
594 2042 627 2095 ut
645 2055 734 2115 quem
753 2035 908 2114 quondam
930 2054 994 2096 non

77 2118 187 2197 puduit
208 2120 335 2198 cadere,
369 2137 431 2179 uon
454 2119 569 2200 pudeat
591 2138 732 2199 surgere,
767 2137 872 2178 casum
907 2137 993 2177 nuum

77 2208 244 2263 ostentare.
287 2202 347 2277 Qui
375 2209 477 2263 autem
501 2203 545 2261 sic
567 2201 685 2281 pudore
707 2203 779 2261 victi
801 2208 917 2261 tantum
940 2221 996 2282 pro

77 2285 191 2345 damno
215 2286 322 2366 lugent
352 2293 384 2345 et
413 2284 610 2363 confitentur,
633 2286 735 2344 statim
757 2284 872 2345 habent
892 2285 995 2344 remis-
1035 2290 1041 2296 '

79 2370 201 2428 sionem
221 2371 342 2448 peccati
365 2369 427 2447 sui,
459 2375 492 2428 ut
514 2370 612 2448 patuit
633 2369 663 2426 in
686 2367 821 2447 Davide,
849 2369 900 2446 qui
923 2386 995 2428 mox

77 2470 146 2510 cum
176 2450 321 2528 dixisset,
348 2452 475 2531 peccavi
496 2451 646 2528 Domino,
673 2450 791 2510 audivit
812 2471 851 2510 ex
873 2450 995 2510 Nathan

78 2534 243 2613 propheta:
278 2543 309 2594 et
330 2535 480 2594 Dominus
515 2533 669 2594 transtulit
703 2540 863 2615 peccatum
901 2541 995 2594 tuum.

78 2616 154 2676 Inde
183 2617 276 2677 dixit:
320 2618 406 2694 Dixi,
441 2617 612 2678 confitebor
646 2616 806 2676 adversum
837 2637 886 2676 me
920 2619 995 2676 inin-

76 2701 189 2760 stitiam
213 2719 313 2759 meam
336 2701 485 2780 Domino,
521 2710 552 2761 et
580 2707 612 2760 tu
640 2700 783 2760 remisisti
806 2701 995 2778 impietatem

77 2783 198 2862 peccati
220 2785 290 2844 mei.

158 2865 263 2926 Tertio
299 2867 369 2927 loco
398 2865 437 2925 de
466 2867 534 2944 ipsa
556 2863 789 2926 circumcisione
819 2865 994 2926 dicendum.

76 2949 116 3009 Elt
137 2948 204 3009 Jos.
227 2954 256 3012 ὃ.
281 2956 378 3028 petet,
413 2947 495 3029 quod
518 2949 621 3008 cultris
645 2949 774 3028 lapideis
796 2947 850 3008 fiat
871 2950 995 3007 circum·

76 3033 169 3109 cisio,
207 3038 239 3091 et
267 3031 366 3094 Excd.
396 3035 430 3096 3:
464 3032 586 3110 Zepora
616 3032 685 3091 tulit
712 3040 831 3111 petram
859 3032 996 3092 acutissi-

78 3134 160 3173 mum
194 3122 225 3174 et
257 3114 448 3174 circumcidit
468 3113 562 3173 lilium
587 3134 689 3194 suum,
719 3113 874 3193 fiebatque
896 3113 926 3173 id
948 3113 997 3174 die

76 3205 188 3257 octavo
223 3216 292 3257 cum
325 3199 522 3277 impositione
544 3199 686 3260 nominis.
737 3198 820 3257 Haec
855 3198 913 3257 tria
940 3216 996 3276 per

76 3279 216 3339 ordinem
251 3280 419 3342 videamus.
470 3280 560 3340 Petra
599 3287 646 3341 est
674 3281 825 3358 Christus,
862 3280 901 3339 de
933 3299 994 3358 quo

77 3362 254 3422 formandus
287 3370 335 3423 est
367 3364 478 3441 culter,
512 3365 532 3423 i.
566 3383 593 3424 e.
632 3362 849 3424 assumendum
878 3365 909 3422 in
941 3382 996 3424 cor

80 3446 267 3525 exemplum,
289 3453 342 3507 aut
364 3467 435 3526 pars
458 3447 593 3528 exempli
615 3449 690 3508 eius.
728 3447 807 3506 Nom
828 3446 929 3505 nullus
952 3455 997 3508 ιο-

77 3536 140 3587 ιιιιιι
164 3528 318 3588 Christum
340 3530 433 3589 habet
453 3531 484 3589 in
507 3529 565 3588 hec
588 3532 667 3609 vita,
700 3529 754 3590 sed
777 3531 995 3610 participamus

76 3631 184 3672 omnes
195 3630 243 3672 eo,
256 3612 352 3672 Porro
361 3612 434 3671 nihil
443 3621 490 3672 est
501 3611 655 3673 efficacius
666 3619 697 3672 et
706 3614 822 3672 acutius
833 3631 923 3690 quam
931 3633 995 3674 ver·

77 3693 148 3753 bum
156 3701 187 3754 et
195 3694 371 3774 exemplum
380 3695 490 3755 Christi
499 3694 537 3754 ad
549 3695 826 3756 circumcidendum
834 3714 926 3755 omne
934 3715 994 3755 ma·

76 3776 138 3836 lum
163 3777 360 3841 desiderium.
392 3777 536 3858 Exempli
558 3787 590 3839 et
601 3780 711 3859 praxis
733 3779 840 3860 gratia,
863 3785 895 3838 ut
916 3781 942 3839 si
964 3785 994 3844 te
