2356 4200
124 236 187 352 tbi
418 285 550 357 Rpttnma
567 284 767 356 Respondonla
819 262 821 267 ’

123 458 256 522 concilio
285 457 458 531 Basiliensi‚
480 476 517 519 ao
538 463 603 519 tota
624 460 720 520 ferme
741 454 872 517 ecelesia
894 457 997 536 sentit,
1014 456 1046 520 Β.

126 542 283 625 Virginem
298 545 364 602 aine
378 548 508 622 peceato
522 541 663 623 originali
677 546 869 620 conceptam,
895 547 927 601 et
947 550 1046 602 tamen

126 627 199 706 quia
221 624 317 686 altera
339 644 410 705 pars
434 642 497 684 non
520 631 567 684 eat
587 622 760 704 reprobata,
783 641 845 684 non
861 630 932 687 sunt
946 624 1048 685 haerc-

125 710 187 788 tioi,
212 709 261 788 qui
284 710 472 768 contrarium
495 708 627 787 sapiunt.
672 706 757 766 Haeo
777 706 838 768 ille.

208 783 363 866 Octdvub,
397 810 467 851 nam
491 790 599 868 sentit,
637 790 727 869 quod·
747 790 911 870 episcopus
942 791 972 850 in
995 809 1049 849 sua

48 893 55 918 ³
127 872 268 934 dioecesi
292 879 323 934 et
346 873 475 935 (iuratus
496 874 527 932 in
551 891 607 932 aua
622 872 770 953 parochia
792 873 951 952 aequalem
981 892 1047 932 cum

125 950 276 1018 Pontifine
297 957 327 1016 in
350 957 561 1037 purgatorium
584 955 719 1016 habeant
739 962 940 1035 potestatem,
968 955 1047 1035 quod

125 1039 176 1100 hio
197 1038 369 1119 aliqualiter
391 1041 525 1119 tangitur
547 1044 577 1098 et
599 1037 803 1127 declaratur.x

210 1121 328 1198 Nonus,
350 1130 421 1181 nain
444 1140 573 1202 poenae,
597 1122 704 1200 inquit,
726 1121 894 1202 purgatorii
909 1121 976 1181 sins
996 1138 1048 1201 po·

127 1210 238 1265 testate
261 1204 392 1264 clavium
414 1223 470 1285 per
493 1203 590 1264 solam
616 1205 829 1284 contritionem
848 1204 1047 1280 remittuntur,

127 1287 200 1367 quia
220 1286 355 1366 perfecte
387 1288 534 1348 contritus
565 1286 667 1366 quoad
691 1287 838 1347 Deumta
870 1287 1047 1366 purgatorio

128 1369 287 1450 absolutus
310 1377 364 1430 est.

195 1451 366 1530 ,Decimua
389 1472 459 1512 uam
482 1452 513 1511 in
536 1451 690 1531 plenaria,
709 1451 826 1531 iriquit,
848 1450 1046 1531 indulgentia,

126 1533 156 1594 id
180 1539 236 1612 est,
260 1536 395 1595 omnium
418 1536 606 1614 poenarum,
636 1534 748 1594 fallitur
780 1535 878 1594 maior
902 1553 975 1613 pars
996 1551 1047 1614 po·

119 1617 202 1698 'puli
256 1616 341 1678 Haec
362 1616 422 1694 ille,
446 1619 497 1696 qui
520 1616 706 1678 declarando
728 1617 821 1677 habet
842 1626 985 1696 tanquam
1007 1617 1047 1675 in·

129 1700 328 1778 convenicus,
344 1698 427 1778 quod
447 1700 497 1758 alii
520 1699 640 1773 dicunt,
672 1706 744 1780 post
772 1701 864 1760 talem
892 1698 1046 1780 indulgeu-

128 1782 200 1842 tiam
224 1784 358 1842 animam
381 1780 557 1842 decedentis
580 1782 664 1842 nullo
687 1782 747 1842 alio
769 1784 901 1842 admisso
918 1791 1046 1861 peccato

128 1864 305 1947 evolare¹).
350 1864 469 1925 Deinde
501 1865 545 1924 sic
575 1865 742 1947 subiungit:
773 1866 839 1927 Nec
859 1865 985 1944 mirum,
1005 1865 1047 1924 iu·

128 1949 202 2026 quit,
225 1947 348 2027 quando
371 1948 414 2007 illi
436 1949 481 2007 sic
495 1946 641 2023 attribuat,
665 1948 779 2028 legunt,
802 1949 943 2025 clamant,
967 1945 1046 2027 qnod

128 2032 153 2090 si
176 2032 243 2111 quis
267 2032 372 2090 venias
396 2041 580 2091 consecutus
603 2039 673 2090 aute
687 2031 852 2091 recidivum
869 2037 1045 2105 moreretur,

129 2114 230 2172 statim
253 2113 399 2174 evolaret.
442 2112 529 2172 Haec
546 2113 637 2186 enim,
659 2115 775 2193 inquit,
795 2110 882 2192 quasi
906 2131 967 2174 uon
990 2113 1047 2172 aiut

129 2202 259 2277 peccata
280 2197 338 2256 nisi
361 2195 509 2274 actualia,
538 2215 575 2255 ac
597 2197 622 2255 si
644 2195 741 2256 fomes
765 2195 884 2256 relictus
906 2195 990 2256 nulla
1012 2194 1048 2254 sit

127 2278 329 2356 immunditia,
351 2278 466 2338 nullum
482 2278 746 2358 impedimentum,
766 2278 880 2338 nullum
905 2279 1046 2354 medium,

128 2361 210 2440 quod
234 2367 369 2441 moretur
390 2362 560 2440 ingressum
582 2363 679 2440 regni,
703 2381 768 2422 cum
792 2362 851 2421 nisi
872 2361 939 2440 ipse
964 2381 1046 2422 sane·

128 2448 185 2520 tur,
208 2443 398 2523 impossihile
420 2445 459 2504 sit
486 2445 599 2503 intrare
627 2444 761 2522 coelum,
790 2444 909 2503 etiamsi
932 2443 1044 2504 nullum

127 2524 253 2600 adstr2)
278 2526 407 2588 actuale.
451 2526 537 2587 Haeo
558 2526 617 2586 ille.

212 2608 286 2688 Cap.
311 2611 359 2671 li.
403 2606 536 2683 Quom)
561 2609 749 2669 adversarius
772 2608 853 2669 mule
875 2607 1045 2669 sentiatde

128 2691 279 2770 spirituali
302 2691 452 2752 ecclesiae
474 2693 634 2768 thesauro,
662 2686 742 2751 unde
763 2692 869 2751 venias
892 2690 1045 2773 elargitur.

208 2773 250 2833 Et
271 2774 311 2834 ibi
336 2777 363 2836 l.
387 2771 475 2834 datur
495 2774 666 2834 intellectus
689 2773 758 2833 talis
780 2774 923 2834 thesauri.

209 2856 250 2916 Et
270 2859 299 2920 2.
323 2857 508 2934 ostenditur,
531 2855 613 2936 quod
633 2856 779 2936 possibile
801 2859 840 2917 sit
862 2876 932 2917 esse
954 2857 1044 2918 talem

128 2939 159 2997 in
182 2939 322 3000 eeclesia.
684 2999 686 3002 a

209 3021 250 3082 ut
271 3023 299 3086 3.
322 3021 492 3083 ostenditur
513 3021 711 3103 probabiliter
736 3021 780 3081 ita
802 3037 873 3082 esse
894 3019 933 3082 de
955 3016 1043 3082 iacto.

134 3149 148 3175 ,
210 3103 252 3164 Et
271 3105 300 3167 4.
325 3105 496 3165 ostenditur
516 3104 596 3165 idem
618 3103 868 3164 demonstrative.

209 3186 249 3247 Et
266 3191 295 3252 5.
318 3187 497 3265 ostenditur,
521 3186 600 3267 quod
623 3206 825 3269 quaecunque
841 3187 900 3246 iste
922 3186 953 3246 in
976 3204 1043 3247 con·

127 3269 250 3329 barium
274 3268 407 3347 adducit,
429 3269 504 3330 nihil
527 3269 728 3348 concludunt,
751 3278 782 3330 et
803 3269 879 3329 nihil
902 3287 983 3349 pena
1006 3266 1042 3330 ad

61 3390 65 3398 ·
126 3353 318 3435 propositum
341 3354 459 3432 citatur,
484 3359 515 3412 et
536 3351 616 3431 quod
635 3353 738 3413 omnia
759 3353 824 3413 eiua
846 3351 1043 3413 fundamenta

126 3434 200 3495 nihil
223 3441 303 3514 aunt,
325 3435 383 3495 nisi
407 3435 620 3497 mordacitates
643 3443 674 3496 et
694 3431 910 3498 detractiones.
954 3435 994 3495 Et
1013 3435 1042 3494 in

199 3707 230 3774 l)
249 3707 282 3760 In
300 3707 341 3760 ed.
363 3709 504 3761 Vittemb.:
535 3708 637 3760 volare.
685 3709 715 3767 2)
734 3708 763 3760 ln
795 3708 838 3761 ed.
857 3708 918 3762 len.
943 3715 971 3762 et
990 3708 1042 3760 vit

122 3779 224 3834 torah:
244 3781 288 3833 ait.
326 3780 356 3844 3)
374 3780 406 3833 In
427 3779 468 3834 ed.
490 3780 632 3833 Vittamb.:
652 3795 744 3848 quam.
