2356 4200
240 335 246 356 ,
313 296 412 346 contra
429 290 491 344 llal.
511 288 628 345 lobann.
649 290 724 344 Eecii
742 289 827 344 Judic.
990 281 1052 352 501

130 465 185 546 qui
194 463 378 544 loquebatur
389 463 570 545 sapientiam
591 463 843 542 interpcrfectos,
867 482 966 546 neque
980 469 1051 549 quid

126 547 173 609 ibi
182 547 346 628 apostolos
357 565 413 627 per
424 546 617 626 sapientiam,
632 564 734 625 nequa
749 545 819 625 quid
835 567 891 627 per
900 549 1053 630 perfectos

126 629 291 711 intelligat,
305 631 401 691 novit.
424 628 507 689 ldarn
519 627 732 708 sapitdestatu
741 629 948 709 perfectionis.
962 642 993 695 et
1006 653 1052 696 sa-

131 715 170 775 tis
183 712 310 774 ridicule
319 717 486 794 angulatur,
500 708 581 792 quod
590 730 697 772 omnes
711 711 939 792 oporteretfieri
946 735 1051 778 mona-

131 797 206 858 chos
224 805 260 857 'et
283 796 427 877 virgines,
449 796 474 854 ai
497 793 536 854 ad
548 794 771 874 perfectionem
792 813 941 858 summam
964 807 1049 861 tene·

129 898 253 959 remur,
277 880 363 959 quasi
384 877 554 938 monachos
577 883 609 938 et
629 878 763 959 virgines
786 879 939 958 perfectos
961 882 1055 945 faciat

131 968 228 1023 statim
249 961 447 1043 perfectionis
472 959 521 1034 (id
544 967 599 1038 eat,
621 959 804 1021 vocabulum
825 963 1053 1043 perfectionis).

213 1044 366 1120 Quaeram
390 1062 450 1125 ego
472 1042 627 1122 ubEceio,
649 1044 698 1103 cui
720 1044 758 1103 sit
780 1043 884 1105 datum
905 1066 1052 1130 praecep·

129 1136 193 1189 tum
215 1127 305 1188 illud:
326 1127 397 1188 Non
420 1125 645 1206 concupisces?
667 1126 715 1186 An
730 1127 897 1207 virginibus
918 1132 1052 1192 tantum?

129 1211 160 1273 ut
190 1210 331 1272 omnibus
353 1209 546 1286 bominibus,
574 1227 648 1289 ergo
678 1228 786 1270 omnes
816 1210 991 1292 obligantur
1011 1213 1050 1276 ad

129 1313 279 1355 summam
302 1293 546 1373 perfectionem,
580 1293 734 1371 quianon
760 1295 979 1374 concupiscere
1004 1305 1052 1358 est

129 1394 249 1437 surnrna
271 1377 412 1450 castitas,
435 1392 527 1453 quam
548 1392 607 1434 nec
628 1375 922 1453 apostolusPaulus
944 1399 979 1439 se
999 1379 1052 1441 ha-

131 1459 320 1536 beradixit,
342 1457 397 1518 sed
417 1475 477 1517 neo
498 1457 631 1538 virgines
654 1475 720 1517 eam
743 1458 873 1538 babent,
896 1467 1051 1524 ettamen

130 1541 273 1606 omnibus
294 1542 480 1622 praecipitur
501 1541 697 1600 iucommuni
718 1539 880 1622 decalogo.
903 1542 983 1618 Quid
1000 1544 1050 1606 hic

127 1625 244 1687 faciet?
276 1626 325 1685 An
348 1623 523 1704 coniugium
546 1622 636 1683 tollet
657 1622 696 1683 de
718 1623 839 1703 medio,
875 1625 956 1706 quod
982 1629 1048 1689 sine

128 1708 379 1790 concupiscentia
405 1713 489 1768 stare
514 1725 578 1767 non
606 1706 733 1786 potest?
766 1714 799 1768 at
831 1711 1052 1791 concupiscen-

128 1794 172 1853 tia
214 1798 261 1853 est
293 1796 401 1852 contra
431 1797 628 1871 praeceptum
658 1789 725 1849 Dei.
749 1790 839 1851 Bulla
876 1792 1052 1876 theologus,

128 1873 200 1936 audi
227 1894 319 1956 ergo,
353 1873 437 1934 Deua
472 1872 598 1952 requirit
628 1870 668 1932 ab
707 1873 848 1933 omnibus
876 1894 939 1935 non
977 1895 1051 1938 con-

128 1958 311 2038 cupiscere,
333 1955 373 2018 ad
395 1954 477 2035 quo‘d
499 1955 640 2035 proxime
662 1955 814 2016 accedunt
834 1955 917 2017 vidui
940 1965 971 2020 et
992 1960 1050 2020 vir-

127 2042 231 2123 gines,
264 2039 365 2102 nullus
392 2045 493 2100 autem
516 2038 659 2118 attingit,
700 2038 841 2099 omnibus
874 2046 977 2102 nutem
1007 2044 1049 2125 ig·

129 2125 232 2185 noscit
251 2129 377 2205 propter
398 2123 557 2203 gemitum,
579 2138 640 2200 quo
661 2121 769 2182 dolent
785 2141 855 2182 sese
876 2142 938 2184 non
958 2144 1052 2205 posse

128 2208 298 2289 attingere,
335 2211 368 2266 et
389 2204 514 2265 dicuntt·
538 2203 613 2279 Quis
635 2202 777 2265 liberabit
808 2224 859 2266 ma
890 2206 929 2267 de
951 2215 1051 2269 morte

128 2291 267 2371 corporis
287 2288 377 2349 huius
397 2286 465 2366 *Ji
491 2286 551 2348 Ubi
584 2305 726 2368 eaergo,
746 2287 835 2365 Ecci,
865 2291 916 2369 qui
937 2309 1051 2371 propo·

128 2373 258 2434 sitiones
279 2373 354 2432 istas
376 2370 557 2432 temerarias
584 2378 619 2430 et
638 2369 812 2430 seductivas
834 2391 925 2433 ausus
948 2391 983 2434 es
1003 2393 1050 2435 aa·
1080 2376 1083 2381 '

129 2472 241 2535 serare,
262 2453 401 2531 videsne,
423 2459 455 2514 te
476 2471 538 2513 non
561 2451 642 2513 adeo
663 2452 776 2512 saltem
794 2455 982 2534 profecisse,
1016 2459 1052 2517 ut
1088 2468 1091 2473 ·

130 2557 224 2599 unum
245 2541 448 2619 praeceptum*
466 2534 609 2616 decalogi
629 2535 795 2616 intelligas.

358 2675 568 2739 Articulus
604 2675 807 2756 septimus.

129 2781 367 2846 confessionem
384 2779 638 2842 sacramentalem
662 2781 740 2842 dixit
760 2800 823 2841 non
846 2800 914 2842 esse
936 2782 1052 2844 deiure

222 2863 351 2943 divino,
374 2865 429 2926 aed
451 2883 491 2925 ex
511 2864 703 2925 institutione
717 2864 895 2926 'iunocentii
917 2864 969 2926 111.

132 3027 138 3032 .
210 2969 300 3031 Hunc
324 2969 438 3030 Eccius
466 2968 595 3029 eximius
624 2974 730 3029 noster
756 2987 889 3030 errorem
918 2969 1051 3033 Graeco·

128 3072 197 3116 rum
217 3059 313 3117 vocat
338 3059 371 3114 et
390 3051 600 3129 Ebraeorum,
629 3057 661 3112 et
681 3050 795 3132 probat
815 3071 870 3132 per
893 3050 924 3134 ¹)
948 3055 1051 3198 Auffe-

128 3138 262 3214 atinum,
283 3135 499 3207 Ambrosium,
521 3133 703 3215 Origenem,
725 3133 847 3195 Petrum
869 3134 989 3197 Alexan
1029 3137 1050 3181 '-

129 3226 212 3282 nu'm.
248 3218 384 3281 Obseoro
400 3218 459 3297 te,
481 3218 506 3277 ai
528 3223 614 3298 petet
635 3216 758 3298 gentilis
780 3217 827 3278 ius
850 3216 996 3299 divinum,
1019 3225 1050 3281 at
1103 3269 1108 3285 ,

129 3310 161 3363 tu
184 3304 214 3364 ei
235 3301 392 3363 hominum
413 3299 509 3361 verba
528 3298 651 3376 reddas,
673 3300 861 3360 insanumne‘
877 3307 917 3385 te,
939 3316 978 3362 au
1004 3321 1049 3363 sa·

128 3405 200 3447 num
222 3384 391 3446 iudicabit?
423 3383 484 3445 Tot
504 3382 593 3444 annis
615 3383 725 3445 Ecciua
747 3381 911 3465 theologus
934 3390 996 3460 est,
1019 3391 1052 3446 et

129 3467 386 3550 orbemfatigare
405 3472 564 3548 promptus
587 3471 643 3541 est,
668 3464 798 3528 necdum
820 3466 894 3542 scit,
917 3467 990 3546 quid
1012 3468 1052 3529 ait

128 3553 176 3614 ius
198 3550 344 3613 divinum.
369 3548 554 3633 cyprianum
576 3549 679 3628 miror,
701 3547 783 3627 quod
806 3549 965 3630 omiserit,
997 3550 1050 3632 qui

129 3673 339 3688 ψ

184 3730 217 3869 tp
235 3729 267 3855 llp
286 3728 419 3854 adprig.
439 3727 533 3782 deest:
551 3745 609 3797 per.

263 3816 318 3855 orn.
356 3839 363 3854 .
