2356 4200
150 276 214 367 212
394 280 716 351 RasulnticneuDisput.
736 281 813 336 Luth.

102 431 113 439 ”
151 448 260 531 higuis,
283 449 337 511 sed
360 450 459 531 claris,
481 453 613 533 apertis,
635 450 775 525 rotundis
797 449 899 512 verbis
922 447 1000 511 dicit
1015 446 1075 525 ,ῆι

152 531 366 612 Quodcunque
386 535 536 615 ligaveris,
554 554 645 616 super
668 541 789 613 terram,
811 534 939 614 ligatum
964 533 1026 593 erit
1045 539 1078 603 ct

143 617 184 695 in
211 616 328 696 coelis,
362 625 393 678 et
425 618 630 698 quodcunque
660 617 789 678 solveris
825 636 917 696 super
951 622 1075 694 terram,

152 699 285 775 solutum
310 702 367 761 erit
389 709 421 762 et
441 704 472 762 in
495 703 600 770 coelis.
641 700 713 762 Non
736 702 847 761 frustra
869 699 996 777 adiecit,
1020 698 1074 760 Su-

150 800 207 862 per
227 790 349 862 terram,
372 785 524 864 alioquin,
547 786 605 846 nisi
627 785 812 865 restringere
833 783 987 845 voluisset
1021 800 1075 861 po·

151 872 293 939 testatem
329 868 477 942 clavium,
517 870 591 929 satis
626 869 725 928 fuerat
759 868 884 944 dixisse,
908 864 1075 940 Quodcun-

152 967 211 1029 que
240 950 388 1028 solveris,
426 951 560 1012 solut-um
584 953 649 1014 erit.
682 951 745 1009 Aut
774 969 848 1030 ergo
871 949 1012 1009 Christus
1044 955 1078 1008 ut

151 1038 283 1113 nugator
305 1033 464 1114 superfluit
485 1034 601 1112 verbis,
627 1041 679 1094 aut
699 1041 838 1113 potestas
866 1033 1002 1093 clavium
1025 1051 1074 1093 so·

151 1114 310 1187 lummodo
334 1125 381 1176 est
404 1135 495 1197 super
516 1125 637 1179 terram.

234 1197 296 1259 Sed
318 1199 377 1276 hic,
400 1219 418 1260 o
443 1200 526 1261 bons
547 1201 641 1278 Deus,
664 1218 755 1279 quam
777 1205 921 1280 prompta
935 1205 984 1258 est
1000 1217 1075 1278 quo·

42 1309 49 1317 ·
149 1278 278 1347 rundam
301 1284 487 1363 superstitio,
511 1285 561 1362 qui
583 1285 650 1343 sine
671 1284 749 1343 scitu
772 1290 804 1343 et
824 1283 891 1342 sine
912 1281 1078 1349 voluntate

150 1384 251 1447 papae
272 1365 382 1426 volunt
402 1367 433 1426 in
454 1367 502 1426 his
525 1365 624 1427 verbis
647 1372 832 1446 potestatem
856 1366 885 1426 ei
907 1365 1000 1442 dare,
1023 1363 1078 1427 ubi

150 1449 218 1527 ipse
238 1447 413 1527 suffragium
437 1449 494 1510 sibi
512 1455 642 1529 ,usurpat
663 1449 820 1510 duntaxat.
852 1449 891 1508 ut
912 1466 982 1507 cum
1006 1466 1075 1508 sen·

150 1531 243 1590 tirent
270 1531 349 1590 haec
377 1532 471 1592 verba
499 1532 611 1593 Christi
644 1533 702 1593 sibi
729 1532 847 1593 fortiter
870 1531 1017 1591 resistere
1045 1538 1078 1591 ct

152 1631 285 1675 errorem
302 1615 469 1695 confutare,
493 1635 555 1676 non
579 1615 609 1675 id
633 1623 770 1695 egerunt,
792 1622 825 1675 ut
847 1615 960 1684 erroris
972 1619 1075 1694 patro·

151 1692 265 1766 &rium
288 1697 475 1778 desererent,
498 1706 529 1760 et
551 1698 651 1759 verbis
665 1698 778 1778 Christi⁴
797 1698 983 1776 incorruptis
1006 1715 1076 1757 scn-

150 1798 217 1839 snm
241 1799 327 1840 suum
342 1782 623 1861 accommodarent,
647 1781 702 1842 sed
716 1780 863 1854 control)
888 1780 985 1842 verba
1009 1781 1076 1841 eius

150 1864 253 1945 sensui
275 1883 331 1924 suo
355 1874 498 1944 corrupto
522 1864 759 1926 accommodant
787 1871 819 1924 et
840 1870 1007 1943 torquent,
1032 1861 1074 1922 di·

150 1954 269 2007 centes:
298 1947 390 2025 lliud,
419 1956 660 2029 superterram,
686 1954 790 2027 potest
816 1946 980 2025 dupliciter
1002 1965 1076 2008 con·

149 2031 234 2111 sttui,
257 2050 322 2096 uno
341 2031 446 2110 modo,
468 2040 501 2092 ut
515 2031 553 2091 ad
572 2031 757 2108 solventem,
780 2029 841 2091 alio
856 2029 962 2108 motin,
985 2036 1020 2089 ut
1036 2028 1076 2088 ad

150 2113 331 2187 soluendum
356 2116 516 2195 pertineat.
539 2114 579 2174 Et
600 2115 698 2194 primo
721 2112 814 2174 modo
838 2131 907 2172 esse
919 2110 1076 2173 Christum

148 2194 392 2279 intelligendum,
415 2200 540 2276 scilicet,
564 2196 897 2277 quodcunquePetrus,
920 2194 993 2256 dum
1012 2195 1075 2255 fue-

148 2279 188 2342 rit
208 2297 300 2358 super
320 2288 441 2359 terram,
464 2281 608 2356 solverit,
630 2280 764 2341 solutum
787 2281 844 2341 erit
864 2285 896 2338 st
917 2278 1074 2340 incaelis.

151 2359 300 2423 Veientes
323 2363 412 2443 forte,
436 2365 528 2443 quod,
551 2366 608 2424 etsi
632 2363 788 2423 diabolum
800 2363 935 2424 solveret
961 2360 1075 2439 (modo

148 2444 214 2522 ipse
226 2446 352 2505 solvens
376 2467 467 2526 super
488 2456 600 2507 terram
617 2446 686 2528 sit),
709 2447 826 2507 solutus
849 2446 907 2505 erit
926 2447 958 2505 in
973 2444 1074 2507 coeio,

148 2527 227 2587 Nam
250 2530 301 2607 qui
324 2529 411 2589 dicit:
443 2530 672 2608 Quodcunque,
695 2537 726 2590 et
747 2530 821 2588 nihii
844 2528 929 2588 addit
947 2547 1010 2607 quo
1028 2547 1073 2588 re

149 2611 288 2691 stringat,
312 2614 508 2673 omniacerte
530 2612 673 2672 solubilia
695 2632 764 2672 esse
787 2612 929 2672 ostendit
948 2611 1074 2687 Nescio,

150 2695 258 2773 quihus
274 2693 376 2755 verbis
398 2696 478 2756 hanc
492 2696 598 2756 rudem
612 2703 642 2755 et
653 2696 799 2756 insulsam
812 2696 1074 2774 superstitionem,

148 2778 211 2838 imo
234 2780 436 2837 temeritatem
460 2780 599 2839 insecter.
639 2779 880 2857 Hieronymiano
911 2777 1074 2838 stomacho

149 2866 181 2920 et
202 2861 325 2938 eloquio
349 2862 459 2941 dignus
481 2863 531 2921 hic
556 2868 621 2921 erat
643 2868 741 2939 autor,
764 2869 797 2920 ιιι
808 2866 986 2922 sanctorum
1009 2880 1075 2920 ver-

43 3014 46 3020 ,
149 2943 219 3004 hum
239 2944 350 3003 Christi
371 2952 432 3004 tam
454 2945 555 3004 audax
578 2946 724 3004 violentia
747 2951 778 3005 et
799 2945 955 3024 corruptio
978 2942 1074 3003 vindi·

150 3034 277 3087 caretur.
300 3028 341 3087 Et
362 3036 395 3087 ut
406 3028 544 3087 omittam
567 3029 809 3109 grammaticam,
832 3047 910 3106 quae
931 3028 984 3087 vel
1005 3026 1075 3087 sola

149 3111 249 3189 potuit
281 3129 336 3170 eos
359 3110 489 3189 dooere,
519 3130 581 3171 non
603 3131 696 3190 posse
713 3111 794 3170 hunc
816 3130 923 3170 eorum
948 3129 1074 3170 sensum

148 3195 214 3254 istis
236 3193 338 3253 verbis
361 3201 452 3269 stare,
475 3193 529 3253 sed
545 3196 642 3274 magis
655 3214 752 3253 novas
769 3194 958 3269 dialecticas,
982 3213 1074 3272 quarn

148 3296 252 3337 veram
275 3285 444 3355 sequuntur
465 3279 705 3357 grammaticam.

230 3359 380 3419 Videntur
402 3360 452 3419 isti
475 3379 512 3419 eo
537 3378 633 3440 usque
656 3361 804 3439 sapuisse,
829 3359 914 3438 quasi
935 3357 1074 3418 Christus

149 3444 290 3519 timuerit,
313 3463 352 3502 ne
374 3442 497 3522 quando
523 3443 591 3502 talis
607 3444 712 3504 Petrus
735 3443 784 3502 vel
807 3462 889 3522 papa
908 3441 1000 3520 foret,
1023 3441 1075 3520 qui
1166 3498 1170 3525 ι

201 3684 231 3756 i')
254 3690 343 3743 hauh.
367 3691 407 3746 16.

202 3762 228 3831 1)
246 3763 329 3816 ibid:
349 3767 472 3817 econtra.
