2356 4200
101 285 167 353 43ss
511 290 645 344 ostensu

105 458 166 520 bat·
179 458 259 518 soire
286 457 386 519 bonus
408 444 468 539 ¹uir,
496 459 579 520 facta
600 465 775 520 sanctorum
797 464 921 540 praeter
941 476 1025 519 corn-

102 561 226 603 munem
248 541 349 622 legem
373 561 436 602 non
459 542 609 603 trahenda
630 545 660 602 in
683 543 947 621 consequentiam.

184 623 275 687 Luth.
304 624 421 686 Omitto
443 625 566 686 fastidia
587 627 675 685 huius
697 626 845 704 rhetoris,
876 632 911 686 et
937 625 1025 685 velut

101 707 200 767 lusum
221 727 309 767 suum
326 728 466 769 securum
479 710 510 769 in
526 728 609 769 meas
624 708 837 788 contumelias,
860 707 1024 769 mendacia

101 789 200 850 solum
229 808 408 871 persequor.
458 791 622 871 Nunquam
649 791 730 864 dixi,
767 810 875 853 omnes
905 793 1024 851 animas

101 873 185 934 nolle
205 874 329 954 redimi,
358 894 416 935 uec
443 876 501 935 feci
529 875 631 956 legem
653 883 684 935 et
707 876 962 954 consequentiam
985 893 1024 934 ex

73 975 162 1033 ¹uno
180 958 339 1036 exemplo,
363 965 411 1018 sat
432 966 535 1020 autem
556 958 631 1038 feci,
653 958 736 1038 quod
758 957 880 1018 illorum
904 959 1025 1017 univor-

102 1039 198 1098 salem
220 1039 326 1120 redegi
349 1042 378 1101 in
401 1041 631 1120 particularem,
666 1049 699 1101 ut
731 1040 880 1101 audacem
903 1042 1024 1100 temeri·
1070 1053 1071 1056 ’

99 1129 193 1181 tatem
216 1123 420 1186 ostenderem.

184 1204 301 1265 Deinde
323 1205 400 1265 illud
422 1208 598 1287 exemplum
621 1207 778 1284 Severini,
807 1205 890 1286 quod
912 1205 1025 1266 falsum

99 1288 295 1366 reprehendit
323 1289 415 1350 ducto
448 1311 486 1350 ex
515 1292 645 1371 pueritia
674 1309 729 1349 sua
758 1295 962 1370 argumento,
991 1296 1024 1348 ιιι

100 1371 243 1431 omnibus
264 1371 420 1432 stultitiam
443 1374 504 1433 fort
492 1382 522 1433 te
536 1394 621 1433 auom
638 1379 780 1432 testatam
798 1373 922 1435 faceret.
954 1371 1024 1452 Ego

69 1517 71 1522 ,
100 1460 287 1514 autemnon
310 1456 478 1515 secundum
502 1457 584 1535 quod
615 1457 740 1536 legitur,
770 1455 842 1534 sed,
873 1456 953 1514 sicut
973 1473 1024 1514 au·
1061 1453 1067 1463 '

100 1535 161 1596 divi
184 1546 343 1598 sanantes
365 1539 516 1619 quosdam
538 1539 648 1599 doctos
662 1540 754 1616 viros,
775 1539 875 1634 posui.
906 1538 1024 1598 Horum

101 1621 182 1678 enim
206 1628 272 1680 erat
293 1640 406 1700 sermo,
429 1622 462 1684 S
475 1623 654 1682 Paschalem
671 1622 790 1680 suisse'
782 1641 812 1680 ιιι
834 1622 1024 1702 purgatorio,

100 1711 131 1761 et
151 1709 265 1762 tamen
293 1704 375 1765 sacta
402 1725 471 1765 esse
500 1705 647 1765 miracula
676 1704 714 1764 ad
743 1706 807 1764 eius
839 1703 1024 1784 sepulcrum,

100 1804 140 1864 po
144 1787 301 1866 tuisseque
324 1807 358 1847 se
380 1790 442 1847 suis
465 1790 580 1848 meritis
604 1788 745 1865 liberare,
768 1787 823 1847 sed
846 1787 947 1848 noluit
966 1787 1025 1848 sibi

100 1888 157 1928 sua
178 1870 272 1929 minui
294 1872 448 1949 praemia,
471 1871 541 1931 ideo
565 1871 671 1931 maluit
692 1870 808 1931 ardere.
851 1870 958 1934 Simile
986 1869 1025 1930 de

100 1951 247 2012 Severiuo
268 1954 448 2015 recitabant.

181 2035 249 2116 Ego
272 2043 374 2096 autem
397 2037 455 2097 hos
476 2055 655 2114 sermones,
685 2038 763 2096 siout
786 2055 848 2096 non
870 2035 1024 2117 improbo,

98 2119 141 2177 ita
162 2138 221 2178 nec
243 2126 276 2179 ιιι
296 2122 409 2180 autorit
397 2128 491 2181 tatem
515 2138 636 2199 sequor,
659 2120 713 2180 sed
734 2139 827 2179 causa
848 2118 1025 2200 disputandi

98 2201 238 2280 aliosque
274 2201 418 2263 audiendi
446 2203 586 2283 produxi.
637 2202 726 2263 Unde
757 2204 915 2282 signanter
944 2202 1024 2262 dixi:

98 2283 252 2345 Narratur.
296 2286 395 2346 Minus
422 2287 538 2348 habeut
559 2285 639 2364 apud
664 2305 713 2346 ms
736 2283 807 2345 fidei
839 2285 916 2345 tales
945 2284 1024 2363 libri,

99 2386 188 2444 quam
211 2369 316 2428 talium
341 2370 473 2429 virorum
497 2386 673 2448 sermones,
696 2370 794 2448 magis
816 2376 919 2428 autem
943 2386 1023 2447 quae

98 2470 190 2529 supra
211 2454 272 2511 iarn
295 2452 357 2511 dixi
381 2452 420 2512 da
442 2452 538 2512 Paulo
562 2459 593 2511 et
615 2452 710 2511 Mose.

181 2534 235 2596 Ec
269 2535 457 2616 Augustinus
480 2544 553 2617 equ
553 2555 587 2594 ra
542 2535 740 2598 torabat:
789 2535 939 2613 Domine,
974 2535 1024 2595 hic

98 2635 161 2693 ure,
184 2617 233 2676 hic
255 2636 336 2695 seca,
360 2620 420 2677 ut'
413 2639 444 2677 m
466 2625 625 2679 aeternum
648 2637 766 2697 parcas.

181 2699 267 2760 Lut.h
291 2699 385 2774 Quasi
409 2720 468 2782 ego
491 2701 708 2780 prohibuerim,
733 2720 772 2760 ne
791 2699 869 2759 ullus
883 2707 951 2760 oret
965 2718 1022 2780 pro

98 2781 311 2862 redemptione
338 2802 523 2862 poenarum,
546 2792 599 2844 aut
626 2804 688 2844 nou
719 2785 818 2864 possit
839 2783 918 2842 alius
940 2782 1023 2844 velle

98 2885 246 2944 poenam,
274 2885 366 2946 quam
395 2868 472 2927 alius
500 2868 690 2948 deprecetur.
740 2866 801 2929 aed
823 2865 928 2926 valeat
949 2884 1022 2926 con·

97 2950 248 3009 tentiosus
269 2950 418 3029 sophista.

370 3152 372 3156 ¹
401 3078 470 3141 XV.
494 3076 710 3155 Obeliscus.*)

179 3193 234 3257 Ec
257 3195 334 3256 Cum
356 3198 528 3257 eommunis
545 3197 623 3256 ferat
611 3196 758 3275 topinio,
781 3214 874 3274 posse
886 3193 1020 3272 aquuem

99 3278 318 3338 satisfacere
310 3300 341 3339 m
374 3287 502 3360 peccato
532 3279 669 3358 mortali,
708 3285 782 3358 puta
811 3276 998 3338 sacerdos
989 3296 1020 3337 ιιι

98 3359 333 3440 quadragesima
350 3362 560 3443 imponithuic
575 3362 735 3422 emendam
740 3380 852 3439 usque
861 3359 900 3420 ad
910 3359 1019 3420 festum

96 3451 260 3522 pentacos
261 3453 377 3523 es,
405 3454 471 3512 oret
496 3452 572 3525 quo
560 3445 633 3506 rdre
653 3446 815 3525 quinquies
848 3445 1019 3503 orationem

98 3527 301 3607 dominicam,
324 3538 355 3589 et
377 3532 472 3593 sextis
495 3529 578 3589 feriis
598 3531 723 3589 ieiunet.
768 3526 921 3589 Sacerdos
943 3527 1017 3586 veri·

6 3690 321 3769 ,s3...,...-.---
483 3715 515 3719 ,.

2 3824 6 3831 “
91 3804 101 3853 l
143 3766 180 3884 q)
199 3813 354 3871 Adversus
364 3812 409 3868 30
428 3816 457 3864 a
473 3810 517 3865 31.
539 3809 668 3865 Conclus
688 3809 808 3862 Lutlreri
