2356 4200
413 289 520 340 antea.
541 281 610 342 1515
628 283 748 339 amima
997 271 1037 340 41

126 460 253 522 studio
276 465 505 540 satagamus
528 455 776 537 evangelium
797 449 1043 514 commen-da·-

126 545 315 605 tissimum
337 542 492 620 habere,
514 549 665 603 nocturna
677 544 835 599 versantes
851 554 953 613 manu,
975 552 1042 594 ver-

126 636 289 706 santesque
310 627 433 687 diurno:
457 645 517 705 quo
539 624 716 699 efficiemus,
739 629 772 681 ut
788 640 827 680 ex
845 620 913 679 Deo
935 635 1041 677 nesea

125 731 196 790 mur,
215 731 256 771 ax
268 710 336 771 Deo
360 711 423 770 nati
445 728 507 771 non
521 727 696 788 peccemus,
718 725 780 766 non
795 707 960 784 peccantes
982 701 1046 759 vics

125 797 200 856 toria
221 795 296 854 laeti
319 794 461 856 fruamur.
505 791 596 868 Quod
627 790 717 851 nobis
740 786 912 848 concedere
939 783 1042 864 digne-

124 887 168 939 tur
198 878 286 938 lesus
310 876 464 952 Christus,
493 875 574 936 filius
600 875 658 935 Dei
692 880 799 933 auctor
831 876 862 931 et
896 867 981 928 verbi
1007 873 1044 927 et

124 961 190 1023 lidci
212 962 379 1037 victoriae,
400 958 580 1020 benedictus
602 960 632 1018 in
656 956 827 1018 aeternum!
870 953 982 1014 Amen.
1058 936 1064 971 ¹

409 1123 552 1218 Sermo
583 1117 764 1230 Lutheri

337 1277 369 1337 in
390 1274 492 1341 Natali
515 1275 627 1337 Christi
648 1274 685 1336 Α.
712 1275 843 1350 tolet)

206 1395 241 1455 ln
264 1395 418 1475 principio
442 1401 508 1465 erat
528 1393 655 1461 verbum
677 1391 747 1454 Joh.
772 1396 798 1455 1.
819 1392 894 1454 Cum
928 1388 1048 1470 legatur

127 1478 324 1560 evangelium
348 1479 379 1539 in
408 1479 468 1538 isto
490 1474 586 1551 festo,
620 1475 779 1557 indignum
815 1476 935 1537 videtur
972 1471 1047 1532 nihil

127 1561 164 1623 de
186 1563 257 1642 ipso
286 1561 383 1640 loqui.
427 1559 513 1621 Licet
535 1561 614 1621 enim
643 1560 682 1620 sit
702 1557 829 1620 arduum
860 1567 890 1621 et
912 1554 1048 1635 difficile,

126 1646 274 1706 iaciamus
297 1649 401 1705 tamen
425 1649 572 1724 qnantum
594 1661 774 1724 possumne,
808 1651 841 1704 ut
872 1639 987 1722 aliquid
1010 1638 1049 1700 de

128 1729 180 1789 illo
203 1728 425 1809 percipiamus.
470 1725 572 1802 Quare
600 1725 757 1789 literaliter
784 1729 884 1809 ipsum
907 1724 1049 1807 principi·
1103 1741 1106 1747 ·

128 1831 176 1871 um
205 1810 378 1871 videamus.
421 1809 464 1870 At
484 1809 729 1890 praenotandum
751 1817 799 1871 est
832 1816 903 1871 ante
937 1807 1051 1887 omnia,

131 1894 214 1973 quod
238 1893 401 1954 ¹lohannes
435 1894 465 1952 in
486 1893 549 1953 hoo
576 1893 648 1954 loeo
670 1893 872 1973 perverbum
900 1889 1053 1970 intelligat

134 1976 228 2037 hlium
252 1977 321 2037 Dei.
366 1975 458 2051 Quod
482 1982 583 2036 autem
599 1976 764 2037 hocfaoiat
784 1983 815 2039 et
837 1995 930 2056 qnare
951 1973 1053 2050 faeiat,

130 2067 241 2140 postea
262 2058 446 2122 m'debimus.
489 2058 585 2140 Igitur
616 2059 697 2120 idem
720 2061 772 2138 sit,
810 2061 835 2119 si
867 2056 1053 2120 audierimus

130 2143 257 2206 verbum
281 2161 318 2202 ac
346 2142 371 2202 si
401 2142 496 2203 lilium
521 2142 580 2203 Dei
604 2163 658 2203 sen
681 2142 849 2222 Christum,
885 2139 1052 2202 secundum

131 2247 219 2307 quem
245 2227 330 2286 Deus
353 2225 533 2288 audiendus.
576 2226 645 2286 Hoc
667 2227 710 2286 sic
724 2228 825 2306 posito
839 2226 939 2306 pergit
961 2242 1052 2283 evan-

130 2311 242 2392 geliste
274 2309 440 2371 ostendere
475 2310 686 2370 aeternitatem
709 2309 998 2388 distinctionemque
1034 2325 1053 2364 a

131 2394 219 2454 Patre
244 2399 276 2453 et
290 2391 483 2452 identitatem
499 2412 565 2452 cum
579 2399 667 2473 patre
686 2391 757 2471 lilii,
781 2393 901 2453 dicens:
924 2391 958 2451 In
971 2388 1051 2470 prin-

131 2478 210 2557 cipio
236 2482 303 2536 erat
325 2475 468 2558 verbum,
491 2476 553 2544 hoc
572 2483 633 2556 est,
656 2477 715 2535 iam
734 2483 799 2536 erat
820 2477 887 2555 ipse
904 2474 1052 2550 Christus,

132 2559 256 2640 quando
280 2559 470 2638 incipiebant
492 2560 611 2638 omnia,
645 2578 706 2619 non
732 2566 805 2619 tunc
826 2559 937 2638 eoepit.
981 2555 1051 2616 Non

129 2644 193 2723 ipse
216 2643 402 2724 principium
426 2648 499 2702 tunc
521 2642 657 2722 accepit,
681 2641 736 2703 sed
760 2643 878 2702 eratin
901 2638 1051 2722 principio

130 2727 210 2786 Ante
243 2727 325 2785 enim
356 2724 472 2802 fuerat,
501 2744 590 2804 quam
620 2726 801 2806 principium
829 2744 930 2784 rerum
960 2727 1051 2799 esset,

132 2811 246 2890 quippe
269 2814 422 2870 aeternus.
466 2808 506 2867 Et
527 2809 602 2868 mira
625 2815 671 2868 est
692 2809 770 2869 haee
787 2807 976 2868 aeternitatis
999 2825 1049 2865 ax-

130 2893 268 2971 pressio:
294 2897 324 2950 et
344 2909 407 2950 uon
430 2891 553 2951 dubium
578 2899 640 2968 est,
663 2893 734 2971 quin
757 2892 807 2951 hic
840 2891 878 2952 de
899 2889 1049 2971 principio

131 2976 269 3035 omnium
293 2975 443 3055 loquatur.
486 2973 526 3033 Et
548 2981 650 3034 tamen
673 2994 734 3034 non
758 2975 813 3054 ait,
845 2981 916 3034 ante
943 2972 1051 3054 princi-

130 3059 212 3137 pium
237 3063 319 3135 erat,
343 3056 396 3116 sed
419 3057 449 3116 in
472 3057 632 3138 principio.

212 3139 254 3199 Et
284 3146 357 3199 ante
384 3140 565 3220 principium
601 3159 664 3201 non
701 3139 803 3200 dicere
835 3147 941 3220 potes,
972 3157 1050 3216 esse,

131 3222 240 3301 luisse,
263 3222 346 3301 fore,
369 3222 528 3283 namhaeo
544 3225 647 3283 omnia
660 3224 788 3283 relative
804 3222 960 3301 dicuntur,
983 3239 1053 3281 cum

131 3307 328 3385 praeteritum
351 3305 390 3365 ad
413 3305 543 3366 futurum
557 3306 688 3366 dicatur:
712 3312 778 3368 erat
790 3307 839 3367 vel
851 3306 915 3368 fuit.
960 3303 1051 3368 Unde

132 3408 191 3449 non
216 3388 291 3448 dicit
313 3387 439 3449 verbum
462 3389 571 3467 fuisse,
606 3389 708 3450 donec
730 3388 823 3450 addat
844 3388 935 3467 illud,
966 3389 1051 3446 cuius

183 3534 217 3603 *)
238 3535 291 3588 Hie
309 3550 400 3587 sermo
426 3551 500 3587 anno
514 3536 582 3589 1515
594 3534 810 3604 Wittembergae
826 3537 936 3589 habitus
957 3538 998 3586 est
1017 3533 1051 3585 de

132 3607 190 3659 Joh.
207 3611 230 3671 t,
254 3610 263 3657 1
287 3623 346 3675 sqq.
357 3609 386 3659 in
397 3608 662 3674 Augustinianorum
679 3608 811 3672 aedicula,
823 3610 868 3675 qui
883 3620 1052 3674 quamquam

132 3695 183 3730 non
205 3678 383 3731 mediocriter
402 3679 571 3746 theologiam
592 3679 786 3732 scholasticam
812 3679 936 3745 redolet,
961 3684 1053 3728 tamen

133 3750 239 3802 lutheri
249 3750 315 3802 inde
335 3752 454 3802 emicant
472 3750 690 3804 luculentissime
705 3753 809 3821 ingenii
822 3752 961 3817 animique
972 3751 1053 3801 vires.

132 3820 266 3876 Loescher
290 3821 319 3888 l,
338 3838 365 3890 p.
393 3821 443 3877 231
467 3837 527 3891 sqq.
547 3822 651 3876 Walclr.
680 3826 770 3894 germ.
790 3819 940 3897 1112144
958 3835 1021 3894 sqq.
