2356 4200
120 274 162 342 40
472 277 570 334 Seiano
588 277 713 336 bucher
741 298 753 307 .,

171 455 235 523 -¹§.
257 451 285 514 8.
330 449 608 525 Quomodohaec
639 448 888 531 possuntiieu‘?
926 446 1046 528 Nempe

122 552 192 593 cum
215 531 292 593 fides
314 534 486 594 substantia
505 535 548 594 ‘sit
568 554 668 595 rerum
690 552 753 594 uon
776 529 1048 614 apparentiumu),

123 636 183 695 qua
203 636 289 676 mens
302 616 494 677 abstrabatur
516 618 554 678 ab
569 614 710 678 omnibus
722 618 778 694 his,
802 636 883 697 quae
895 614 1047 693 videntur,

122 706 154 760 et
175 698 490 780 uiribus-cupiditates
512 703 674 780 irritantur,
696 702 727 760 in
748 718 795 780 ea,
817 719 897 780 quse
917 718 980 759 non
1003 698 1048 757 vi-

124 782 243 860 dentur,
262 785 434 863 proiicitur3
457 786 481 843 si
492 778 605 845 ibidem
618 785 680 844 llxe
692 785 904 865 permanserit,
916 782 982 842 sine
995 780 1050 840 du-

125 865 176 926 bio
195 884 310 925 omnes·
323 868 505 946 cupiditates
519 868 691 946 conculcat,
713 868 752 928 de
774 866 943 927 visibilibus
965 883 1050 925 oom-

123 955 234 1011 motas.
277 949 358 1010 idco·
373 950 553 1011 fortitudine
575 953 605 1010 iu
629 950 690 1010 tide
712 969 789 1032 opus
812 957 869 1030 est,
891 956 924 1008 ut
945 948 1051 1009 visibim

123 1031 202 1091 libus
221 1033 321 1092 mots's
336 1033 519 1113 cupiditates
530 1033 728 1094 invisibilium
740 1035 849 1094 iutuitu
860 1037 1046 1093 contemnat.

125 1114 202 1174 Cum
217 1133 291 1176 vero
314 1115 505 1177 istaiidesin
529 1117 738 1196 condoluerit,
761 1115 1048 1176 similitcrOhristus

124 1216 271 1278 praesens
294 1207 350 1277 est,
372 1201 402 1260 iu
427 1216 516 1279 quem
534 1218 573 1263 ee
594 1199 654 1259 lide
676 1199 824 1260 creditur:
854 1199 975 1259 Christo
996 1218 1048 1265 au·

125 1289 187 1341 tem
209 1280 498 1360 praesentemus
526 1283 718 1364 superabilis,
761 1282 828 1343 Nec
850 1290 899 1344 est
919 1281 981 1342 alia
999 1300 1049 1341 rc

125 1366 171 1424 tio
182 1365 326 1425 vincendi
347 1365 504 1426 efficacior
524 1375 553 1426 et
567 1367 715 1444 nobilium
736 1367 800 1428 imo
819 1365 981 1447 xhoec'scla
1001 1371 1050 1424 cst

126 1448 271 1527 victoria,
303 1447 388 1509 fides
402 1458 517 1509 nostru.
560 1448 647 1510 Tunc
668 1451 750 1509 enim
777 1452 904 1510 vincunt
933 1447 1048 1528 cupidi·

128 1536 232 1609 tates‚·
271 1531 394 1609 quando
433 1535 494 1592 suis
524 1532 794 1593 'commotionibus
831 1533 939 1595 oculos
977 1529 1050 1590 fidei

132 1614 229 1673 velut·-
256 1614 338 1675 nube
374 1623 405 1675 et
438 1616 559 1676 turbine
595 1616 863 1694 obnubilaverunt,
897 1615 940 1676 'et
970 1615 1049 1673 iutu-

127 1695 211 1763 enda
234 1697 399 1758 invisibilia
415 1717 488 1758 auos
516 1694 721 1777 detraxerint,¹
754 1696 793 1759 ut
827 1699 914 1760 obliti
934 1697 1048 1757 invisi·

129 1779 234 1839 bilium
247 1781 371 1840 interim
381 1780 502 1840 illarum
515 1781 727 1844 illecebrarum
746 1783 935 1862 expleamur.
966 1780 1050 1840 vPro-

128 1861 206 1922 inde
223 1864 279 1922 etsi
302 1864 442 1944 vigiliae,
471 1865 593 1926 labores
615 1866 794 1945 reliquaque
820 1865 920 1924 studia
941 1880 1050 1942 corpo-

129 1945 200 2005 ralis
221 1947 452 2007 exercitationis
481 1949 541 2008 sint
561 1949 761 2013 vehementer
787 1948 926 2008 utiliact
945 1964 1050 2006 ueces-

128 2029 216 2106 scm'e,
240 2048 302 2105 non
325 2037 427 2090 tamen
458 2039 528 2091 suut
550 2033 624 2092 satis
646 2032 685 2092 ad
708 2030 945 2112 expugnandam
968 2029 1051 2109 cupi·

21 2165 28 2172 .
128 2111 281 2189 ditntcm‚·
306 2113 392 2191 quia,
422 2115 447 2172 si
476 2117 575 2175 cernis
605 2115 752 2176 illecebra
778 2116 825 2174 bis
848 2120 1051 2195 expugnetur,

126 2202 323 2256 nouztcmen
352 2197 412 2274 ira,
445 2198 578 2277 invidia,
609 2198 768 2279 superbia,
798 2198 942 2259 ambitio:
973 2196 1052 2255 haec

131 2277 200 2338 sola
219 2277 290 2338 lide·
303 2280 472 2340 vincuntur.
668 2279 671 2285 ’

213 2367 240 2433 5.
264 2363 293 2424 u·
336 2362 609 2442 Verumquoniam
631 2384 679 2424 res
693 2365 752 2424 ista
774 2364 922 2424 multa-et
940 2380 1054 2441 magua

129 2450 185 2520 est,
207 2444 266 2503 hac
287 2445 355 2505 vice
378 2447 616 2526 calendione,
640 2448 711 2526 quio
731 2445 829 2507 fides
851 2447 1053 2525 impetrat,

130 2544 229 2605 quae
250 2526 314 2586 lex
336 2529 517 2610 imperat,
541 2539 575 2591 ut
596 2531 786 2611 Augustinus
808 2528 897 2608 dicit,
919 2529 948 2588 b.
971 2546 998 2588 e.
1021 2527 1052 2586 in

130 2611 214 2669 omui
244 2613 415 2672 tentatione
438 2613 542 2674 muudi
564 2614 659 2674 nostri
683 2615 751 2694 ipsc
773 2613 885 2673 clamat
905 2613 936 2670 iu
959 2610 1054 2671 corde

130 2699 166 2751 et·
182 2693 307 2753 invocet
328 2714 450 2755 menum
473 2696 635 2757 invisibilis
656 2697 723 2773 Dei,
746 2695 854 2756 levans
876 2696 905 2754 in
930 2700 1052 2754 montes

131 2775 240 2836 oculos
261 2795 345 2856 suos⁷
368 2778 450 2839 unde
472 2782 577 2841 veniat
594 2779 741 2838 auxilium
763 2779 830 2838 sibi.
873 2776 976 2852 Quare
992 2776 1054 2836 hoc

83 2907 86 2915 ,
129 2857 220 2918 uobis
240 2860 389 2939 reliquum
411 2871 472 2938 est,
495 2869 543 2940 ut,
574 2881 643 2921 cum
664 2864 695 2921 in
718 2861 833 2921 viribus
853 2861 966 2921 nostris
989 2878 1052 2919 non

130 2940 281 3001 sitssiidem
304 2943 428 3022 habere,
451 2952 543 3024 atque
564 2937 608 3005 iia
630 2962 689 3005 uec
710 2945 839 3005 feliciter
860 2942 977 3020 bellari,
1000 2961 1050 3002 ne·

130 3042 281 3101 que-cum
303 3027 608 3108 ‘gloriatuiumpbare
633 3029 672 3089 ad
685 3028 851 3088 Dominum
874 3024 1052 3104 clamemus,

130 3106 206 3167 rium
226 3109 413 3186 tribulamur,
438 3118 469 3170 et
490 3111 636 3172 exaudiet
656 3130 732 3191 nos3
754 3111 793 3171 de
809 3110 900 3170 coelo
924 3109 1053 3169 victoria

131 3197 186 3249 est.
219 3192 266 3252 lta
276 3191 339 3271 fiet,
361 3199 394 3252 ut
407 3195 517 3272 omnic,
533 3196 583 3273 qui
594 3195 911 3257 invocaverituomcu
925 3191 1052 3270 domiui,

130 3272 233 3333 sulvus
254 3276 307 3335 sit:
340 3276 466 3337 invocat
499 3285 600 3337 autem
625 3277 724 3354 solus,
748 3278 800 3356 qui
820 3275 932 3336 credit:
956 3273 1053 3334 credit

130 3361 233 3417 autem
256 3359 349 3436 solus,
373 3361 422 3436 qui
446 3360 530 3420 crudit
542 3361 668 3422 verbum
680 3361 831 3420 veritatis:
854 3357 1052 3419 audituutem

129 3437 214 3500 solus
237 3441 363 3501 verbum
385 3445 541 3520 veritatis·
554 3445 604 3522 qui
627 3443 821 3522 evangelium
844 3441 944 3502 audit:
968 3440 1053 3500 audit

131 3523 327 3602 evangelium
340 3526 434 3604 solus,
459 3528 509 3604 qui
522 3526 715 3588 sacerdotem
728 3524 872 3606 angelum
885 3524 943 3585 Dei
957 3522 1051 3584 audit

130 3604 259 3680 Quare
278 3609 494 3687 primum-et
515 3608 773 3670 novissimum
793 3616 866 3686 cst,
889 3615 929 3668 ut
945 3607 1052 3667 omni

129 3734 338 3745 ---—-..-

185 3790 218 3859 u)
239 3789 497 3846 numericorum:
517 3791 600 3848 Heba.
621 3794 661 3847 il'.
720 3834 724 3841 .
745 3812 767 3837 ι’
