<?xml version="1.0" encoding="UTF-8"?>
<!DOCTYPE html PUBLIC "-//W3C//DTD XHTML 1.0 Transitional//EN"
    "http://www.w3.org/TR/xhtml1/DTD/xhtml1-transitional.dtd">
<html xmlns="http://www.w3.org/1999/xhtml" xml:lang="en" lang="en">
 <head>
  <title>
</title>
<meta http-equiv="Content-Type" content="text/html;charset=utf-8" />
  <meta name='ocr-system' content='tesseract 3.04.00' />
  <meta name='ocr-capabilities' content='ocr_page ocr_carea ocr_par ocr_line ocrx_word'/>
</head>
<body>
  <div class='ocr_page' id='page_1' title='image "./dmartinilutheri01luthgoog_0509.png"; bbox 0 0 2356 4200; ppageno 0'>
   <div class='ocr_carea' id='block_1_1' title="bbox 129 275 815 347">
    <p class='ocr_par' dir='ltr' id='par_1_1' title="bbox 129 275 815 347">
     <span class='ocr_line' id='line_1_1' title="bbox 129 275 815 347; baseline -0.001 -14"><span class='ocrx_word' id='word_1_1' title='bbox 129 275 171 342; x_wconf 81' lang='grc'><strong>46</strong></span> <span class='ocrx_word' id='word_1_2' title='bbox 381 278 537 347; x_wconf 80' lang='lat' dir='ltr'><strong>Responsio</strong></span> <span class='ocrx_word' id='word_1_3' title='bbox 555 277 589 331; x_wconf 88' lang='lat' dir='ltr'><strong>D.</strong></span> <span class='ocrx_word' id='word_1_4' title='bbox 606 277 685 334; x_wconf 83' lang='lat' dir='ltr'><strong>llart.</strong></span> <span class='ocrx_word' id='word_1_5' title='bbox 703 278 815 332; x_wconf 73' lang='lat' dir='ltr'><strong>lutheri</strong></span> 
     </span>
    </p>
   </div>
   <div class='ocr_carea' id='block_1_2' title="bbox 121 448 1084 3607">
    <p class='ocr_par' dir='ltr' id='par_1_2' title="bbox 121 448 1084 1424">
     <span class='ocr_line' id='line_1_2' title="bbox 214 448 1053 530; baseline 0 -20"><span class='ocrx_word' id='word_1_6' title='bbox 214 448 409 528; x_wconf 84' lang='lat' dir='ltr'><strong>Secundum,</strong></span> <span class='ocrx_word' id='word_1_7' title='bbox 438 450 512 510; x_wconf 92' lang='lat' dir='ltr'><strong>nolo</strong></span> <span class='ocrx_word' id='word_1_8' title='bbox 536 467 596 530; x_wconf 90' lang='lat' dir='ltr'><strong>ego</strong></span> <span class='ocrx_word' id='word_1_9' title='bbox 620 449 733 513; x_wconf 89' lang='lat' dir='ltr'><strong>dooere</strong></span> <span class='ocrx_word' id='word_1_10' title='bbox 755 451 804 510; x_wconf 87' lang='lat' dir='ltr'><strong>vel</strong></span> <span class='ocrx_word' id='word_1_11' title='bbox 826 449 984 510; x_wconf 86' lang='lat' dir='ltr'><strong>doceriin</strong></span> <span class='ocrx_word' id='word_1_12' title='bbox 1007 468 1053 510; x_wconf 83' lang='lat' dir='ltr'><strong>ec</strong></span> 
     </span>
     <span class='ocr_line' id='line_1_3' title="bbox 132 531 1053 612; baseline 0.001 -21"><span class='ocrx_word' id='word_1_13' title='bbox 132 532 241 607; x_wconf 84' lang='lat' dir='ltr'><strong>alesia,</strong></span> <span class='ocrx_word' id='word_1_14' title='bbox 271 531 353 610; x_wconf 92' lang='lat' dir='ltr'><strong>quod</strong></span> <span class='ocrx_word' id='word_1_15' title='bbox 375 534 536 611; x_wconf 87' lang='lat' dir='ltr'><strong>requisitus</strong></span> <span class='ocrx_word' id='word_1_16' title='bbox 558 552 622 593; x_wconf 92' lang='lat' dir='ltr'><strong>non</strong></span> <span class='ocrx_word' id='word_1_17' title='bbox 644 534 760 612; x_wconf 90' lang='lat' dir='ltr'><strong>possim</strong></span> <span class='ocrx_word' id='word_1_18' title='bbox 784 532 965 612; x_wconf 83' lang='lat' dir='ltr'><strong>defendere,</strong></span> <span class='ocrx_word' id='word_1_19' title='bbox 995 534 1053 605; x_wconf 77' lang='lat' dir='ltr'><strong>nisi</strong></span> 
     </span>
     <span class='ocr_line' id='line_1_4' title="bbox 131 614 1052 694; baseline 0.002 -20"><span class='ocrx_word' id='word_1_20' title='bbox 131 614 273 692; x_wconf 88' lang='lat' dir='ltr'><strong>dicendo,</strong></span> <span class='ocrx_word' id='word_1_21' title='bbox 296 615 326 676; x_wconf 80' lang='lat' dir='ltr'><strong>S.</strong></span> <span class='ocrx_word' id='word_1_22' title='bbox 337 615 472 676; x_wconf 85' lang='lat' dir='ltr'><strong>Thomas</strong></span> <span class='ocrx_word' id='word_1_23' title='bbox 495 617 539 676; x_wconf 86' lang='lat' dir='ltr'><strong>sic</strong></span> <span class='ocrx_word' id='word_1_24' title='bbox 558 615 655 675; x_wconf 84' lang='lat' dir='ltr'><strong>dixit:</strong></span> <span class='ocrx_word' id='word_1_25' title='bbox 677 616 867 676; x_wconf 76' lang='lat' dir='ltr'><strong>Christianus</strong></span> <span class='ocrx_word' id='word_1_26' title='bbox 890 635 967 694; x_wconf 89' lang='lat' dir='ltr'><strong>sum,</strong></span> <span class='ocrx_word' id='word_1_27' title='bbox 989 635 1052 676; x_wconf 90' lang='lat' dir='ltr'><strong>nou</strong></span> 
     </span>
     <span class='ocr_line' id='line_1_5' title="bbox 121 696 1084 777; baseline -0.002 -19"><span class='ocrx_word' id='word_1_28' title='bbox 121 698 363 777; x_wconf 73' lang='lat' dir='ltr'>Pythagoricus.</span> <span class='ocrx_word' id='word_1_29' title='bbox 1036 764 1039 769; x_wconf 46' lang='grc'>,</span> <span class='ocrx_word' id='word_1_30' title='bbox 1080 696 1084 698; x_wconf 68' lang='grc'>’</span> 
     </span>
     <span class='ocr_line' id='line_1_6' title="bbox 131 780 1054 861; baseline 0.008 -26"><span class='ocrx_word' id='word_1_31' title='bbox 131 816 146 835; x_wconf 23' lang='lat' dir='ltr'><strong>r·</strong></span> <span class='ocrx_word' id='word_1_32' title='bbox 215 780 264 841; x_wconf 84' lang='lat' dir='ltr'><strong>Ad</strong></span> <span class='ocrx_word' id='word_1_33' title='bbox 286 783 469 842; x_wconf 81' lang='lat' dir='ltr'><strong>tricesimam</strong></span> <span class='ocrx_word' id='word_1_34' title='bbox 482 788 634 859; x_wconf 89' lang='lat' dir='ltr'><strong>octavam,</strong></span> <span class='ocrx_word' id='word_1_35' title='bbox 656 782 818 861; x_wconf 82' lang='lat' dir='ltr'>utrobique</span> <span class='ocrx_word' id='word_1_36' title='bbox 835 781 1054 843; x_wconf 78' lang='lat' dir='ltr'><strong>damnabiliter</strong></span> 
     </span>
     <span class='ocr_line' id='line_1_7' title="bbox 131 864 1052 945; baseline 0.002 -21"><span class='ocrx_word' id='word_1_37' title='bbox 131 884 181 924; x_wconf 88' lang='lat' dir='ltr'><strong>me</strong></span> <span class='ocrx_word' id='word_1_38' title='bbox 202 883 304 924; x_wconf 87' lang='lat' dir='ltr'><strong>errare</strong></span> <span class='ocrx_word' id='word_1_39' title='bbox 325 864 415 943; x_wconf 90' lang='lat' dir='ltr'><strong>dicis,</strong></span> <span class='ocrx_word' id='word_1_40' title='bbox 450 865 516 926; x_wconf 89' lang='lat' dir='ltr'><strong>sive</strong></span> <span class='ocrx_word' id='word_1_41' title='bbox 537 864 576 925; x_wconf 91' lang='lat' dir='ltr'><strong>de</strong></span> <span class='ocrx_word' id='word_1_42' title='bbox 597 866 703 945; x_wconf 88' lang='lat' dir='ltr'><strong>culpa,</strong></span> <span class='ocrx_word' id='word_1_43' title='bbox 732 866 798 925; x_wconf 90' lang='lat' dir='ltr'><strong>sive</strong></span> <span class='ocrx_word' id='word_1_44' title='bbox 824 865 864 925; x_wconf 90' lang='lat' dir='ltr'><strong>de</strong></span> <span class='ocrx_word' id='word_1_45' title='bbox 884 884 990 945; x_wconf 91' lang='lat' dir='ltr'><strong>poena</strong></span> <span class='ocrx_word' id='word_1_46' title='bbox 1008 864 1052 926; x_wconf 87' lang='lat' dir='ltr'><strong>iri·</strong></span> 
     </span>
     <span class='ocr_line' id='line_1_8' title="bbox 131 948 1053 1028; baseline 0.004 -22"><span class='ocrx_word' id='word_1_47' title='bbox 131 948 278 1027; x_wconf 88' lang='lat' dir='ltr'><strong>telligam,</strong></span> <span class='ocrx_word' id='word_1_48' title='bbox 301 949 372 1026; x_wconf 91' lang='lat' dir='ltr'><strong>quia</strong></span> <span class='ocrx_word' id='word_1_49' title='bbox 394 967 478 1028; x_wconf 89' lang='lat' dir='ltr'><strong>papa</strong></span> <span class='ocrx_word' id='word_1_50' title='bbox 497 967 560 1008; x_wconf 90' lang='lat' dir='ltr'><strong>non</strong></span> <span class='ocrx_word' id='word_1_51' title='bbox 583 948 779 1026; x_wconf 82' lang='lat' dir='ltr'><strong>declarativa,</strong></span> <span class='ocrx_word' id='word_1_52' title='bbox 801 948 857 1009; x_wconf 82' lang='lat' dir='ltr'><strong>sed</strong></span> <span class='ocrx_word' id='word_1_53' title='bbox 873 950 1053 1011; x_wconf 86' lang='lat' dir='ltr'><strong>ministeria·</strong></span> 
     </span>
     <span class='ocr_line' id='line_1_9' title="bbox 131 1030 962 1111; baseline 0.002 -21"><span class='ocrx_word' id='word_1_54' title='bbox 131 1030 201 1091; x_wconf 88' lang='lat' dir='ltr'><strong>liter</strong></span> <span class='ocrx_word' id='word_1_55' title='bbox 224 1037 254 1090; x_wconf 92' lang='lat' dir='ltr'><strong>et</strong></span> <span class='ocrx_word' id='word_1_56' title='bbox 277 1030 458 1110; x_wconf 86' lang='lat' dir='ltr'><strong>dispositive</strong></span> <span class='ocrx_word' id='word_1_57' title='bbox 481 1031 605 1110; x_wconf 89' lang='lat' dir='ltr'><strong>culpam</strong></span> <span class='ocrx_word' id='word_1_58' title='bbox 626 1040 657 1091; x_wconf 89' lang='lat' dir='ltr'><strong>et</strong></span> <span class='ocrx_word' id='word_1_59' title='bbox 678 1051 812 1111; x_wconf 87' lang='lat' dir='ltr'><strong>paenam</strong></span> <span class='ocrx_word' id='word_1_60' title='bbox 832 1032 962 1092; x_wconf 77' lang='lat' dir='ltr'><strong>relaxat.</strong></span> 
     </span>
     <span class='ocr_line' id='line_1_10' title="bbox 213 1114 1053 1194; baseline 0.004 -22.605"><span class='ocrx_word' id='word_1_61' title='bbox 213 1114 419 1193; x_wconf 77' lang='lat' dir='ltr'><strong>Respondent</strong></span> <span class='ocrx_word' id='word_1_62' title='bbox 453 1114 539 1174; x_wconf 89' lang='lat' dir='ltr'><strong>Haec</strong></span> <span class='ocrx_word' id='word_1_63' title='bbox 566 1134 659 1194; x_wconf 90' lang='lat' dir='ltr'><strong>supra</strong></span> <span class='ocrx_word' id='word_1_64' title='bbox 681 1115 839 1175; x_wconf 86' lang='lat' dir='ltr'><strong>confutata</strong></span> <span class='ocrx_word' id='word_1_65' title='bbox 872 1116 947 1175; x_wconf 89' lang='lat' dir='ltr'><strong>satis</strong></span> <span class='ocrx_word' id='word_1_66' title='bbox 975 1124 1053 1188; x_wconf 87' lang='lat' dir='ltr'><strong>sunt,</strong></span> 
     </span>
     <span class='ocr_line' id='line_1_11' title="bbox 131 1198 1053 1278; baseline 0.002 -21"><span class='ocrx_word' id='word_1_67' title='bbox 131 1199 204 1276; x_wconf 91' lang='lat' dir='ltr'><strong>quia</strong></span> <span class='ocrx_word' id='word_1_68' title='bbox 225 1204 297 1257; x_wconf 87' lang='lat' dir='ltr'><strong>anta</strong></span> <span class='ocrx_word' id='word_1_69' title='bbox 319 1198 521 1257; x_wconf 88' lang='lat' dir='ltr'><strong>ministerium</strong></span> <span class='ocrx_word' id='word_1_70' title='bbox 549 1217 650 1277; x_wconf 82' lang='lat' dir='ltr'><strong>papae</strong></span> <span class='ocrx_word' id='word_1_71' title='bbox 671 1206 702 1258; x_wconf 90' lang='lat' dir='ltr'><strong>et</strong></span> <span class='ocrx_word' id='word_1_72' title='bbox 734 1205 806 1258; x_wconf 87' lang='lat' dir='ltr'><strong>anta</strong></span> <span class='ocrx_word' id='word_1_73' title='bbox 839 1200 903 1258; x_wconf 90' lang='lat' dir='ltr'><strong>eius</strong></span> <span class='ocrx_word' id='word_1_74' title='bbox 925 1198 1053 1278; x_wconf 87' lang='lat' dir='ltr'><strong>disposi-</strong></span> 
     </span>
     <span class='ocr_line' id='line_1_12' title="bbox 130 1281 1051 1360; baseline -0.001 -19"><span class='ocrx_word' id='word_1_75' title='bbox 130 1283 247 1341; x_wconf 77' lang='lat' dir='ltr'><strong>tionem</strong></span> <span class='ocrx_word' id='word_1_76' title='bbox 280 1287 404 1360; x_wconf 89' lang='lat' dir='ltr'><strong>oportet</strong></span> <span class='ocrx_word' id='word_1_77' title='bbox 424 1282 584 1340; x_wconf 83' lang='lat' dir='ltr'><strong>remissam</strong></span> <span class='ocrx_word' id='word_1_78' title='bbox 617 1300 686 1341; x_wconf 87' lang='lat' dir='ltr'><strong>essa</strong></span> <span class='ocrx_word' id='word_1_79' title='bbox 708 1281 845 1360; x_wconf 91' lang='lat' dir='ltr'><strong>culpam,</strong></span> <span class='ocrx_word' id='word_1_80' title='bbox 874 1281 950 1341; x_wconf 94' lang='lat' dir='ltr'><strong>nihil</strong></span> <span class='ocrx_word' id='word_1_81' title='bbox 971 1282 1051 1342; x_wconf 82' lang='lat' dir='ltr'><strong>enirn</strong></span> 
     </span>
     <span class='ocr_line' id='line_1_13' title="bbox 131 1362 563 1424; baseline -0.002 0"><span class='ocrx_word' id='word_1_82' title='bbox 131 1364 216 1424; x_wconf 86' lang='lat' dir='ltr'><strong>valet</strong></span> <span class='ocrx_word' id='word_1_83' title='bbox 234 1369 286 1423; x_wconf 86' lang='lat' dir='ltr'><strong>tna</strong></span> <span class='ocrx_word' id='word_1_84' title='bbox 307 1362 414 1423; x_wconf 88' lang='lat' dir='ltr'><strong>fictitia</strong></span> <span class='ocrx_word' id='word_1_85' title='bbox 436 1365 563 1424; x_wconf 75' lang='lat' dir='ltr'><strong>attritio.</strong></span> 
     </span>
    </p>

    <p class='ocr_par' dir='ltr' id='par_1_3' title="bbox 130 1445 1051 1922">
     <span class='ocr_line' id='line_1_14' title="bbox 214 1445 1051 1527; baseline 0 -20"><span class='ocrx_word' id='word_1_86' title='bbox 214 1445 366 1524; x_wconf 82' lang='lat' dir='ltr'><strong>Secundo,</strong></span> <span class='ocrx_word' id='word_1_87' title='bbox 389 1446 492 1525; x_wconf 85' lang='lat' dir='ltr'><strong>quoad</strong></span> <span class='ocrx_word' id='word_1_88' title='bbox 513 1466 649 1527; x_wconf 86' lang='lat' dir='ltr'><strong>poenam</strong></span> <span class='ocrx_word' id='word_1_89' title='bbox 669 1466 689 1506; x_wconf 92' lang='lat' dir='ltr'><strong>a</strong></span> <span class='ocrx_word' id='word_1_90' title='bbox 709 1447 777 1508; x_wconf 89' lang='lat' dir='ltr'><strong>Deo</strong></span> <span class='ocrx_word' id='word_1_91' title='bbox 802 1446 950 1507; x_wconf 81' lang='lat' dir='ltr'><strong>initiatam</strong></span> <span class='ocrx_word' id='word_1_92' title='bbox 971 1466 1051 1527; x_wconf 90' lang='lat' dir='ltr'><strong>papa</strong></span> 
     </span>
     <span class='ocr_line' id='line_1_15' title="bbox 130 1529 1049 1609; baseline 0.001 -20"><span class='ocrx_word' id='word_1_93' title='bbox 130 1548 190 1589; x_wconf 90' lang='lat' dir='ltr'><strong>nec</strong></span> <span class='ocrx_word' id='word_1_94' title='bbox 210 1529 404 1608; x_wconf 89' lang='lat' dir='ltr'><strong>dispositive,</strong></span> <span class='ocrx_word' id='word_1_95' title='bbox 434 1548 492 1588; x_wconf 90' lang='lat' dir='ltr'><strong>nec</strong></span> <span class='ocrx_word' id='word_1_96' title='bbox 512 1530 750 1590; x_wconf 82' lang='lat' dir='ltr'><strong>ministerialiter</strong></span> <span class='ocrx_word' id='word_1_97' title='bbox 771 1550 805 1590; x_wconf 91' lang='lat' dir='ltr'><strong>se</strong></span> <span class='ocrx_word' id='word_1_98' title='bbox 827 1530 929 1609; x_wconf 87' lang='lat' dir='ltr'><strong>habet,</strong></span> <span class='ocrx_word' id='word_1_99' title='bbox 952 1539 987 1590; x_wconf 91' lang='lat' dir='ltr'><strong>ut</strong></span> <span class='ocrx_word' id='word_1_100' title='bbox 1007 1549 1049 1590; x_wconf 86' lang='lat' dir='ltr'><strong>rc-</strong></span> 
     </span>
     <span class='ocr_line' id='line_1_16' title="bbox 131 1613 1049 1693; baseline 0.002 -22"><span class='ocrx_word' id='word_1_101' title='bbox 131 1613 282 1690; x_wconf 76' lang='lat' dir='ltr'><strong>mittatur,</strong></span> <span class='ocrx_word' id='word_1_102' title='bbox 312 1613 372 1673; x_wconf 89' lang='lat' dir='ltr'><strong>hcc</strong></span> <span class='ocrx_word' id='word_1_103' title='bbox 399 1614 481 1674; x_wconf 86' lang='lat' dir='ltr'><strong>enim</strong></span> <span class='ocrx_word' id='word_1_104' title='bbox 504 1615 636 1692; x_wconf 86' lang='lat' dir='ltr'><strong>pertinet</strong></span> <span class='ocrx_word' id='word_1_105' title='bbox 657 1613 697 1673; x_wconf 90' lang='lat' dir='ltr'><strong>ad</strong></span> <span class='ocrx_word' id='word_1_106' title='bbox 719 1615 818 1674; x_wconf 88' lang='lat' dir='ltr'><strong>forum</strong></span> <span class='ocrx_word' id='word_1_107' title='bbox 840 1614 919 1691; x_wconf 87' lang='lat' dir='ltr'><strong>Dei,</strong></span> <span class='ocrx_word' id='word_1_108' title='bbox 935 1613 967 1672; x_wconf 92' lang='lat' dir='ltr'><strong>in</strong></span> <span class='ocrx_word' id='word_1_109' title='bbox 991 1632 1049 1693; x_wconf 88' lang='lat' dir='ltr'><strong>quo</strong></span> 
     </span>
     <span class='ocr_line' id='line_1_17' title="bbox 130 1697 1050 1775; baseline 0.004 -20"><span class='ocrx_word' id='word_1_110' title='bbox 130 1714 213 1775; x_wconf 85' lang='lat' dir='ltr'><strong>papa</strong></span> <span class='ocrx_word' id='word_1_111' title='bbox 227 1703 356 1774; x_wconf 42' lang='lat' dir='ltr'><strong>&gt;praeter</strong></span> <span class='ocrx_word' id='word_1_112' title='bbox 376 1697 630 1756; x_wconf 80' lang='lat' dir='ltr'><strong>intercessionem</strong></span> <span class='ocrx_word' id='word_1_113' title='bbox 651 1697 727 1758; x_wconf 94' lang='lat' dir='ltr'><strong>nihil</strong></span> <span class='ocrx_word' id='word_1_114' title='bbox 747 1697 935 1774; x_wconf 89' lang='lat' dir='ltr'><strong>iurishabet,</strong></span> <span class='ocrx_word' id='word_1_115' title='bbox 956 1703 994 1756; x_wconf 87' lang='lat' dir='ltr'><strong>ut·</strong></span> <span class='ocrx_word' id='word_1_116' title='bbox 1006 1715 1050 1759; x_wconf 83' lang='lat' dir='ltr'><strong>sa·</strong></span> 
     </span>
     <span class='ocr_line' id='line_1_18' title="bbox 131 1778 1048 1857; baseline 0.003 -20"><span class='ocrx_word' id='word_1_117' title='bbox 131 1780 169 1838; x_wconf 81' lang='lat' dir='ltr'><strong>tis</strong></span> <span class='ocrx_word' id='word_1_118' title='bbox 192 1778 305 1838; x_wconf 89' lang='lat' dir='ltr'><strong>dictum</strong></span> <span class='ocrx_word' id='word_1_119' title='bbox 328 1787 384 1857; x_wconf 89' lang='lat' dir='ltr'><strong>est,</strong></span> <span class='ocrx_word' id='word_1_120' title='bbox 407 1797 466 1839; x_wconf 92' lang='lat' dir='ltr'><strong>nec</strong></span> <span class='ocrx_word' id='word_1_121' title='bbox 488 1782 674 1840; x_wconf 90' lang='lat' dir='ltr'><strong>contrarium</strong></span> <span class='ocrx_word' id='word_1_122' title='bbox 687 1787 735 1840; x_wconf 89' lang='lat' dir='ltr'><strong>est</strong></span> <span class='ocrx_word' id='word_1_123' title='bbox 756 1778 994 1840; x_wconf 89' lang='lat' dir='ltr'><strong>determinatum</strong></span> <span class='ocrx_word' id='word_1_124' title='bbox 1012 1779 1048 1840; x_wconf 88' lang='lat' dir='ltr'><strong>ab</strong></span> 
     </span>
     <span class='ocr_line' id='line_1_19' title="bbox 131 1862 275 1922; baseline 0.007 -1"><span class='ocrx_word' id='word_1_125' title='bbox 131 1862 275 1922; x_wconf 83' lang='lat' dir='ltr'><strong>ecclesia.</strong></span> 
     </span>
    </p>

    <p class='ocr_par' dir='ltr' id='par_1_4' title="bbox 127 1944 1049 2357">
     <span class='ocr_line' id='line_1_20' title="bbox 192 1944 1049 2026; baseline -0.001 -20"><span class='ocrx_word' id='word_1_126' title='bbox 192 1945 243 2007; x_wconf 84' lang='lat' dir='ltr'><strong>Ad</strong></span> <span class='ocrx_word' id='word_1_127' title='bbox 265 1946 449 2005; x_wconf 77' lang='lat' dir='ltr'><strong>tricesimam</strong></span> <span class='ocrx_word' id='word_1_128' title='bbox 480 1964 611 2024; x_wconf 88' lang='lat' dir='ltr'><strong>nonam,</strong></span> <span class='ocrx_word' id='word_1_129' title='bbox 647 1946 771 2006; x_wconf 88' lang='lat' dir='ltr'><strong>tandem</strong></span> <span class='ocrx_word' id='word_1_130' title='bbox 799 1947 908 2026; x_wconf 85' lang='lat' dir='ltr'><strong>plenus</strong></span> <span class='ocrx_word' id='word_1_131' title='bbox 938 1944 1049 2005; x_wconf 80' lang='lat' dir='ltr'><strong>fidncia</strong></span> 
     </span>
     <span class='ocr_line' id='line_1_21' title="bbox 131 2027 1049 2108; baseline 0.001 -21"><span class='ocrx_word' id='word_1_132' title='bbox 131 2030 231 2108; x_wconf 89' lang='lat' dir='ltr'><strong>primo</strong></span> <span class='ocrx_word' id='word_1_133' title='bbox 252 2047 431 2108; x_wconf 86' lang='lat' dir='ltr'><strong>perversum</strong></span> <span class='ocrx_word' id='word_1_134' title='bbox 452 2027 622 2105; x_wconf 90' lang='lat' dir='ltr'><strong>doctorem,</strong></span> <span class='ocrx_word' id='word_1_135' title='bbox 645 2028 757 2089; x_wconf 89' lang='lat' dir='ltr'><strong>deinde</strong></span> <span class='ocrx_word' id='word_1_136' title='bbox 773 2029 979 2090; x_wconf 88' lang='lat' dir='ltr'><strong>detractorem</strong></span> <span class='ocrx_word' id='word_1_137' title='bbox 1002 2047 1049 2089; x_wconf 83' lang='lat' dir='ltr'><strong>re·</strong></span> 
     </span>
     <span class='ocr_line' id='line_1_22' title="bbox 129 2110 1048 2192; baseline 0.003 -22"><span class='ocrx_word' id='word_1_138' title='bbox 129 2112 254 2171; x_wconf 90' lang='lat' dir='ltr'><strong>nialium</strong></span> <span class='ocrx_word' id='word_1_139' title='bbox 280 2110 337 2192; x_wconf 88' lang='lat' dir='ltr'><strong>(ne</strong></span> <span class='ocrx_word' id='word_1_140' title='bbox 360 2110 473 2184; x_wconf 82' lang='lat' dir='ltr'><strong>dicam)</strong></span> <span class='ocrx_word' id='word_1_141' title='bbox 491 2111 644 2171; x_wconf 90' lang='lat' dir='ltr'><strong>venalium</strong></span> <span class='ocrx_word' id='word_1_142' title='bbox 666 2113 913 2191; x_wconf 88' lang='lat' dir='ltr'><strong>praedicatorum</strong></span> <span class='ocrx_word' id='word_1_143' title='bbox 934 2119 965 2172; x_wconf 92' lang='lat' dir='ltr'><strong>et</strong></span> <span class='ocrx_word' id='word_1_144' title='bbox 974 2131 1048 2192; x_wconf 90' lang='lat' dir='ltr'><strong>pou-</strong></span> 
     </span>
     <span class='ocr_line' id='line_1_23' title="bbox 127 2193 1047 2276; baseline 0.001 -22"><span class='ocrx_word' id='word_1_145' title='bbox 127 2193 216 2254; x_wconf 88' lang='lat' dir='ltr'><strong>tificis</strong></span> <span class='ocrx_word' id='word_1_146' title='bbox 232 2194 422 2273; x_wconf 84' lang='lat' dir='ltr'><strong>proclamas.</strong></span> <span class='ocrx_word' id='word_1_147' title='bbox 445 2194 564 2254; x_wconf 87' lang='lat' dir='ltr'><strong>Deinde</strong></span> <span class='ocrx_word' id='word_1_148' title='bbox 587 2215 683 2275; x_wconf 83' lang='lat' dir='ltr'><strong>negas</strong></span> <span class='ocrx_word' id='word_1_149' title='bbox 706 2196 852 2256; x_wconf 89' lang='lat' dir='ltr'><strong>bonarum</strong></span> <span class='ocrx_word' id='word_1_150' title='bbox 876 2195 1047 2276; x_wconf 88' lang='lat' dir='ltr'><strong>disciplina·</strong></span> 
     </span>
     <span class='ocr_line' id='line_1_24' title="bbox 127 2276 591 2357; baseline 0 -20"><span class='ocrx_word' id='word_1_151' title='bbox 127 2297 192 2337; x_wconf 87' lang='lat' dir='ltr'><strong>rum</strong></span> <span class='ocrx_word' id='word_1_152' title='bbox 216 2279 389 2357; x_wconf 90' lang='lat' dir='ltr'><strong>praeceptis</strong></span> <span class='ocrx_word' id='word_1_153' title='bbox 411 2276 591 2338; x_wconf 86' lang='lat' dir='ltr'><strong>institutum.</strong></span> 
     </span>
    </p>

    <p class='ocr_par' dir='ltr' id='par_1_5' title="bbox 127 2359 1055 2920">
     <span class='ocr_line' id='line_1_25' title="bbox 206 2359 1046 2439; baseline 0.001 -19"><span class='ocrx_word' id='word_1_154' title='bbox 206 2359 336 2439; x_wconf 85' lang='lat' dir='ltr'><strong>Oportet</strong></span> <span class='ocrx_word' id='word_1_155' title='bbox 346 2380 395 2419; x_wconf 91' lang='lat' dir='ltr'><strong>me</strong></span> <span class='ocrx_word' id='word_1_156' title='bbox 417 2360 542 2420; x_wconf 92' lang='lat' dir='ltr'><strong>tandem</strong></span> <span class='ocrx_word' id='word_1_157' title='bbox 564 2363 699 2420; x_wconf 90' lang='lat' dir='ltr'><strong>animum</strong></span> <span class='ocrx_word' id='word_1_158' title='bbox 711 2361 853 2438; x_wconf 82' lang='lat' dir='ltr'><strong>meuml)</strong></span> <span class='ocrx_word' id='word_1_159' title='bbox 878 2368 909 2421; x_wconf 86' lang='lat' dir='ltr'><strong>et</strong></span> <span class='ocrx_word' id='word_1_160' title='bbox 926 2362 1046 2422; x_wconf 82' lang='lat' dir='ltr'><strong>lectoris</strong></span> 
     </span>
     <span class='ocr_line' id='line_1_26' title="bbox 129 2445 1055 2522; baseline 0 -19"><span class='ocrx_word' id='word_1_161' title='bbox 129 2445 190 2503; x_wconf 88' lang='lat' dir='ltr'><strong>mei</strong></span> <span class='ocrx_word' id='word_1_162' title='bbox 211 2445 378 2522; x_wconf 72' lang='lat' dir='ltr'><strong>instituere,</strong></span> <span class='ocrx_word' id='word_1_163' title='bbox 402 2452 434 2503; x_wconf 90' lang='lat' dir='ltr'><strong>ut</strong></span> <span class='ocrx_word' id='word_1_164' title='bbox 455 2445 587 2504; x_wconf 89' lang='lat' dir='ltr'><strong>sciamus</strong></span> <span class='ocrx_word' id='word_1_165' title='bbox 600 2464 669 2504; x_wconf 89' lang='lat' dir='ltr'><strong>cum</strong></span> <span class='ocrx_word' id='word_1_166' title='bbox 682 2445 872 2505; x_wconf 76' lang='lat' dir='ltr'><strong>&#39;lhomastris</strong></span> <span class='ocrx_word' id='word_1_167' title='bbox 895 2446 1055 2505; x_wconf 85' lang='lat' dir='ltr'><strong>neminem</strong></span> 
     </span>
     <span class='ocr_line' id='line_1_27' title="bbox 128 2527 1047 2607; baseline -0.001 -19"><span class='ocrx_word' id='word_1_168' title='bbox 128 2545 221 2607; x_wconf 89' lang='lat' dir='ltr'><strong>posse</strong></span> <span class='ocrx_word' id='word_1_169' title='bbox 244 2527 343 2605; x_wconf 92' lang='lat' dir='ltr'><strong>loqui,</strong></span> <span class='ocrx_word' id='word_1_170' title='bbox 377 2528 436 2586; x_wconf 90' lang='lat' dir='ltr'><strong>nisi</strong></span> <span class='ocrx_word' id='word_1_171' title='bbox 457 2534 597 2606; x_wconf 89' lang='lat' dir='ltr'><strong>paratum</strong></span> <span class='ocrx_word' id='word_1_172' title='bbox 620 2528 718 2588; x_wconf 91' lang='lat' dir='ltr'><strong>altero</strong></span> <span class='ocrx_word' id='word_1_173' title='bbox 741 2528 835 2587; x_wconf 88' lang='lat' dir='ltr'><strong>verbo</strong></span> <span class='ocrx_word' id='word_1_174' title='bbox 865 2529 1047 2604; x_wconf 86' lang='lat' dir='ltr'><strong>convicium,</strong></span> 
     </span>
     <span class='ocr_line' id='line_1_28' title="bbox 129 2609 1047 2690; baseline 0 -20"><span class='ocrx_word' id='word_1_175' title='bbox 129 2611 259 2687; x_wconf 78' lang='lat' dir='ltr'><strong>crimen,</strong></span> <span class='ocrx_word' id='word_1_176' title='bbox 281 2609 505 2690; x_wconf 87' lang='lat' dir='ltr'><strong>blasphemiam</strong></span> <span class='ocrx_word' id='word_1_177' title='bbox 528 2610 642 2671; x_wconf 85' lang='lat' dir='ltr'><strong>audire.</strong></span> <span class='ocrx_word' id='word_1_178' title='bbox 671 2611 802 2690; x_wconf 86' lang='lat' dir='ltr'><strong>Diligitis</strong></span> <span class='ocrx_word' id='word_1_179' title='bbox 826 2611 908 2669; x_wconf 88' lang='lat' dir='ltr'><strong>enim</strong></span> <span class='ocrx_word' id='word_1_180' title='bbox 931 2612 1047 2690; x_wconf 90' lang='lat' dir='ltr'><strong>opinio-</strong></span> 
     </span>
     <span class='ocr_line' id='line_1_29' title="bbox 130 2693 1046 2773; baseline -0.002 -19"><span class='ocrx_word' id='word_1_181' title='bbox 130 2695 177 2754; x_wconf 89' lang='lat' dir='ltr'><strong>nis</strong></span> <span class='ocrx_word' id='word_1_182' title='bbox 199 2699 320 2754; x_wconf 87' lang='lat' dir='ltr'><strong>vestrae</strong></span> <span class='ocrx_word' id='word_1_183' title='bbox 343 2712 465 2753; x_wconf 88' lang='lat' dir='ltr'><strong>sensum</strong></span> <span class='ocrx_word' id='word_1_184' title='bbox 494 2694 579 2773; x_wconf 90' lang='lat' dir='ltr'><strong>plus,</strong></span> <span class='ocrx_word' id='word_1_185' title='bbox 609 2713 700 2773; x_wconf 85' lang='lat' dir='ltr'><strong>quarn</strong></span> <span class='ocrx_word' id='word_1_186' title='bbox 727 2712 844 2773; x_wconf 87' lang='lat' dir='ltr'><strong>onager</strong></span> <span class='ocrx_word' id='word_1_187' title='bbox 873 2713 960 2752; x_wconf 91' lang='lat' dir='ltr'><strong>sunm</strong></span> <span class='ocrx_word' id='word_1_188' title='bbox 988 2693 1046 2754; x_wconf 85' lang='lat' dir='ltr'><strong>foe·</strong></span> 
     </span>
     <span class='ocr_line' id='line_1_30' title="bbox 128 2775 1047 2857; baseline -0.001 -20"><span class='ocrx_word' id='word_1_189' title='bbox 128 2783 201 2837; x_wconf 86' lang='lat' dir='ltr'><strong>tum.</strong></span> <span class='ocrx_word' id='word_1_190' title='bbox 223 2775 393 2836; x_wconf 85' lang='lat' dir='ltr'><strong>Audiamus</strong></span> <span class='ocrx_word' id='word_1_191' title='bbox 408 2796 481 2857; x_wconf 87' lang='lat' dir='ltr'><strong>ergo</strong></span> <span class='ocrx_word' id='word_1_192' title='bbox 505 2779 594 2837; x_wconf 92' lang='lat' dir='ltr'><strong>istam</strong></span> <span class='ocrx_word' id='word_1_193' title='bbox 609 2776 804 2857; x_wconf 87' lang='lat' dir='ltr'><strong>magnificam</strong></span> <span class='ocrx_word' id='word_1_194' title='bbox 821 2784 893 2836; x_wconf 86' lang='lat' dir='ltr'><strong>tuae</strong></span> <span class='ocrx_word' id='word_1_195' title='bbox 916 2777 1047 2857; x_wconf 87' lang='lat' dir='ltr'><strong>disputa·</strong></span> 
     </span>
     <span class='ocr_line' id='line_1_31' title="bbox 127 2859 918 2920; baseline -0.01 0"><span class='ocrx_word' id='word_1_196' title='bbox 127 2861 220 2920; x_wconf 88' lang='lat' dir='ltr'><strong>tionis</strong></span> <span class='ocrx_word' id='word_1_197' title='bbox 243 2859 366 2919; x_wconf 90' lang='lat' dir='ltr'><strong>bullam.</strong></span> <span class='ocrx_word' id='word_1_198' title='bbox 915 2896 918 2901; x_wconf 87' lang='lat'><em>-</em></span> 
     </span>
    </p>

    <p class='ocr_par' dir='ltr' id='par_1_6' title="bbox 126 2942 1048 3607">
     <span class='ocr_line' id='line_1_32' title="bbox 211 2942 1043 3022; baseline 0.001 -21"><span class='ocrx_word' id='word_1_199' title='bbox 211 2943 290 3021; x_wconf 90' lang='lat' dir='ltr'><strong>Duo,</strong></span> <span class='ocrx_word' id='word_1_200' title='bbox 309 2944 419 3020; x_wconf 89' lang='lat' dir='ltr'><strong>inquis,</strong></span> <span class='ocrx_word' id='word_1_201' title='bbox 441 2950 704 3022; x_wconf 85' lang='lat' dir='ltr'><strong>praeceptatenes</strong></span> <span class='ocrx_word' id='word_1_202' title='bbox 727 2943 814 3019; x_wconf 84' lang='lat' dir='ltr'><strong>falsa,</strong></span> <span class='ocrx_word' id='word_1_203' title='bbox 831 2942 918 3021; x_wconf 73' lang='lat' dir='ltr'><strong>&#39;quaa</strong></span> <span class='ocrx_word' id='word_1_204' title='bbox 940 2943 1043 3002; x_wconf 86' lang='lat' dir='ltr'><strong>venias</strong></span> 
     </span>
     <span class='ocr_line' id='line_1_33' title="bbox 129 3025 1045 3104; baseline -0.004 -18"><span class='ocrx_word' id='word_1_205' title='bbox 129 3031 278 3103; x_wconf 84' lang='lat' dir='ltr'><strong>evertunt,</strong></span> <span class='ocrx_word' id='word_1_206' title='bbox 300 3045 403 3104; x_wconf 91' lang='lat' dir='ltr'><strong>unum,</strong></span> <span class='ocrx_word' id='word_1_207' title='bbox 427 3025 510 3104; x_wconf 90' lang='lat' dir='ltr'><strong>quod</strong></span> <span class='ocrx_word' id='word_1_208' title='bbox 532 3045 605 3086; x_wconf 90' lang='lat' dir='ltr'><strong>vera</strong></span> <span class='ocrx_word' id='word_1_209' title='bbox 627 3027 769 3086; x_wconf 88' lang='lat' dir='ltr'><strong>contritio</strong></span> <span class='ocrx_word' id='word_1_210' title='bbox 783 3025 909 3086; x_wconf 91' lang='lat' dir='ltr'><strong>aboleat</strong></span> <span class='ocrx_word' id='word_1_211' title='bbox 927 3042 1045 3085; x_wconf 91' lang='lat' dir='ltr'><strong>omnem</strong></span> 
     </span>
     <span class='ocr_line' id='line_1_34' title="bbox 126 3108 1046 3189; baseline 0 -20"><span class='ocrx_word' id='word_1_212' title='bbox 126 3128 270 3189; x_wconf 91' lang='lat' dir='ltr'><strong>poenam,</strong></span> <span class='ocrx_word' id='word_1_213' title='bbox 293 3108 432 3186; x_wconf 86' lang='lat' dir='ltr'><strong>alterum,</strong></span> <span class='ocrx_word' id='word_1_214' title='bbox 456 3109 539 3187; x_wconf 91' lang='lat' dir='ltr'><strong>quod</strong></span> <span class='ocrx_word' id='word_1_215' title='bbox 560 3129 633 3168; x_wconf 89' lang='lat' dir='ltr'><strong>vera</strong></span> <span class='ocrx_word' id='word_1_216' title='bbox 656 3110 798 3170; x_wconf 85' lang='lat' dir='ltr'><strong>contritio</strong></span> <span class='ocrx_word' id='word_1_217' title='bbox 822 3127 941 3188; x_wconf 90' lang='lat' dir='ltr'><strong>poenas</strong></span> <span class='ocrx_word' id='word_1_218' title='bbox 964 3125 1046 3188; x_wconf 77' lang='lat' dir='ltr'><strong>pras-</strong></span> 
     </span>
     <span class='ocr_line' id='line_1_35' title="bbox 128 3190 1046 3274; baseline -0.003 -23"><span class='ocrx_word' id='word_1_219' title='bbox 128 3193 223 3274; x_wconf 86' lang='lat' dir='ltr'><strong>eligat</strong></span> <span class='ocrx_word' id='word_1_220' title='bbox 244 3210 375 3270; x_wconf 90' lang='lat' dir='ltr'><strong>semper.</strong></span> <span class='ocrx_word' id='word_1_221' title='bbox 417 3192 549 3250; x_wconf 92' lang='lat' dir='ltr'><strong>Primum</strong></span> <span class='ocrx_word' id='word_1_222' title='bbox 573 3193 755 3272; x_wconf 85' lang='lat' dir='ltr'><strong>impugnas,</strong></span> <span class='ocrx_word' id='word_1_223' title='bbox 794 3199 826 3252; x_wconf 89' lang='lat' dir='ltr'><strong>et</strong></span> <span class='ocrx_word' id='word_1_224' title='bbox 853 3192 883 3251; x_wconf 93' lang='lat' dir='ltr'><strong>id</strong></span> <span class='ocrx_word' id='word_1_225' title='bbox 906 3211 970 3251; x_wconf 92' lang='lat' dir='ltr'><strong>non</strong></span> <span class='ocrx_word' id='word_1_226' title='bbox 993 3190 1046 3252; x_wconf 89' lang='lat' dir='ltr'><strong>nisi</strong></span> 
     </span>
     <span class='ocr_line' id='line_1_36' title="bbox 128 3275 1045 3355; baseline -0.003 -18"><span class='ocrx_word' id='word_1_227' title='bbox 128 3275 207 3337; x_wconf 85' lang='lat' dir='ltr'><strong>bene</strong></span> <span class='ocrx_word' id='word_1_228' title='bbox 229 3276 433 3334; x_wconf 89' lang='lat' dir='ltr'><strong>institutorum</strong></span> <span class='ocrx_word' id='word_1_229' title='bbox 447 3275 662 3354; x_wconf 88' lang='lat' dir='ltr'><strong>theologorum</strong></span> <span class='ocrx_word' id='word_1_230' title='bbox 676 3275 897 3355; x_wconf 89' lang='lat' dir='ltr'><strong>paradigmate,</strong></span> <span class='ocrx_word' id='word_1_231' title='bbox 922 3275 1045 3348; x_wconf 86' lang='lat' dir='ltr'><strong>scilicet,</strong></span> 
     </span>
     <span class='ocr_line' id='line_1_37' title="bbox 128 3355 1048 3440; baseline 0 -21"><span class='ocrx_word' id='word_1_232' title='bbox 128 3359 181 3422; x_wconf 91' lang='lat' dir='ltr'><strong>ubi</strong></span> <span class='ocrx_word' id='word_1_233' title='bbox 203 3357 362 3420; x_wconf 83' lang='lat' dir='ltr'><strong>offendens</strong></span> <span class='ocrx_word' id='word_1_234' title='bbox 384 3355 416 3440; x_wconf 81' lang='lat'><strong>²)</strong></span> <span class='ocrx_word' id='word_1_235' title='bbox 446 3360 603 3419; x_wconf 90' lang='lat' dir='ltr'><strong>hominem</strong></span> <span class='ocrx_word' id='word_1_236' title='bbox 630 3360 797 3418; x_wconf 88' lang='lat' dir='ltr'><strong>restituitur</strong></span> <span class='ocrx_word' id='word_1_237' title='bbox 812 3360 851 3418; x_wconf 83' lang='lat' dir='ltr'><strong>in</strong></span> <span class='ocrx_word' id='word_1_238' title='bbox 874 3359 1048 3433; x_wconf 84' lang='lat' dir='ltr'><strong>amicitiam,</strong></span> 
     </span>
     <span class='ocr_line' id='line_1_38' title="bbox 128 3441 1046 3522; baseline 0 -20"><span class='ocrx_word' id='word_1_239' title='bbox 128 3444 275 3503; x_wconf 86' lang='lat' dir='ltr'><strong>nonsine</strong></span> <span class='ocrx_word' id='word_1_240' title='bbox 298 3441 445 3516; x_wconf 87' lang='lat' dir='ltr'><strong>emenda,</strong></span> <span class='ocrx_word' id='word_1_241' title='bbox 471 3444 514 3501; x_wconf 91' lang='lat' dir='ltr'><strong>ita</strong></span> <span class='ocrx_word' id='word_1_242' title='bbox 535 3442 618 3502; x_wconf 90' lang='lat' dir='ltr'><strong>Dens</strong></span> <span class='ocrx_word' id='word_1_243' title='bbox 648 3442 717 3522; x_wconf 89' lang='lat' dir='ltr'><strong>lege</strong></span> <span class='ocrx_word' id='word_1_244' title='bbox 744 3443 900 3502; x_wconf 90' lang='lat' dir='ltr'><strong>communi</strong></span> <span class='ocrx_word' id='word_1_245' title='bbox 932 3441 1046 3502; x_wconf 84' lang='lat' dir='ltr'><strong>abolito</strong></span> 
     </span>
     <span class='ocr_line' id='line_1_39' title="bbox 127 3525 964 3607; baseline -0.001 -21"><span class='ocrx_word' id='word_1_246' title='bbox 127 3527 217 3606; x_wconf 88' lang='lat' dir='ltr'><strong>culpa</strong></span> <span class='ocrx_word' id='word_1_247' title='bbox 240 3525 304 3584; x_wconf 91' lang='lat' dir='ltr'><strong>vult</strong></span> <span class='ocrx_word' id='word_1_248' title='bbox 325 3533 521 3604; x_wconf 89' lang='lat' dir='ltr'><strong>peccatorum</strong></span> <span class='ocrx_word' id='word_1_249' title='bbox 545 3525 706 3585; x_wconf 87' lang='lat' dir='ltr'><strong>emendam</strong></span> <span class='ocrx_word' id='word_1_250' title='bbox 735 3527 883 3607; x_wconf 89' lang='lat' dir='ltr'><strong>praestari</strong></span> <span class='ocrx_word' id='word_1_251' title='bbox 906 3534 964 3585; x_wconf 88' lang='lat' dir='ltr'><strong>etc.</strong></span> 
     </span>
    </p>
   </div>
   <div class='ocr_carea' id='block_1_3' title="bbox 128 3689 336 3701">
    <p class='ocr_par' dir='ltr' id='par_1_7' title="bbox 128 3689 336 3701">
     <span class='ocr_line' id='line_1_40' title="bbox 128 3689 336 3701; baseline -0.014 0"><span class='ocrx_word' id='word_1_252' title='bbox 128 3689 336 3701; x_wconf 49' lang='grc' dir='ltr'>μυ...-</span> 
     </span>
    </p>
   </div>
   <div class='ocr_carea' id='block_1_4' title="bbox 164 3781 864 3856">
    <p class='ocr_par' dir='ltr' id='par_1_8' title="bbox 164 3781 864 3856">
     <span class='ocr_line' id='line_1_41' title="bbox 164 3781 864 3856; baseline -0.003 -16"><span class='ocrx_word' id='word_1_253' title='bbox 164 3784 195 3856; x_wconf 79' lang='lat'><strong>1)</strong></span> <span class='ocrx_word' id='word_1_254' title='bbox 215 3783 300 3838; x_wconf 65' lang='lat' dir='ltr'><strong>Ibida</strong></span> <span class='ocrx_word' id='word_1_255' title='bbox 318 3785 439 3838; x_wconf 89' lang='lat' dir='ltr'><strong>animam</strong></span> <span class='ocrx_word' id='word_1_256' title='bbox 458 3800 558 3839; x_wconf 89' lang='lat' dir='ltr'><strong>meam.</strong></span> <span class='ocrx_word' id='word_1_257' title='bbox 579 3783 608 3850; x_wconf 84' lang='lat'><strong>2)</strong></span> <span class='ocrx_word' id='word_1_258' title='bbox 628 3783 710 3838; x_wconf 85' lang='lat' dir='ltr'><strong>lbid.:</strong></span> <span class='ocrx_word' id='word_1_259' title='bbox 733 3781 864 3838; x_wconf 80' lang='lat' dir='ltr'><strong>offendes.</strong></span> 
     </span>
    </p>
   </div>
   <div class='ocr_carea' id='block_1_5' title="bbox 0 0 1182 4200">
    <p class='ocr_par' dir='ltr' id='par_1_9' title="bbox 0 0 1182 4200">
     <span class='ocr_line' id='line_1_42' title="bbox 0 0 1182 4200; baseline 0 0"><span class='ocrx_word' id='word_1_260' title='bbox 0 0 1182 4200; x_wconf 95' lang='lat' dir='ltr'><strong> </strong></span> 
     </span>
    </p>
   </div>
  </div>
 </body>
</html>
