2356 4200
127 291 191 360 412
366 291 493 364 upana
513 293 541 347 n.
559 292 669 346 unsar
687 290 801 345 mnes

129 464 310 526 uberrimam
333 463 427 525 totius
450 480 563 523 causae
584 481 673 523 meae
693 460 900 542 exponendae
916 461 1053 522 messio

129 567 201 609 nam
223 546 335 608 datam.
369 546 470 608 Unum
499 544 598 606 solum
626 543 665 605 ab
696 543 904 605 illustrissima
926 543 1051 606 Oelsitu·

131 631 203 691 dine
224 636 277 691 tua
298 635 441 709 precatus
463 629 558 699 tuero,
579 635 614 688 ut
633 626 789 689 sordidum
812 627 894 688 hunc
916 632 950 688 et
971 647 1052 687 men·

130 713 231 776 Deum
254 712 462 781 Fraterculum
485 710 632 792 splendor
650 710 869 792 magnitudinis
899 717 973 771 tuae
995 711 1052 770 cle

130 798 319 857 mestissime
342 795 453 856 toleret
476 795 707 857 balbutientem.

212 879 345 939 Primum
368 897 440 938 vere
460 877 564 939 scribit
583 876 959 939 Reverendus'Dominus
983 876 1053 938 Gar-

130 961 255 1040 dinalis,
288 981 337 1022 me
357 960 444 1022 salvo
468 961 621 1021 conductu
649 961 785 1021 voluisse
808 961 920 1020 muniri
951 979 1050 1020 meam

129 1043 524 1126 Augustaepraesentiam.
558 1042 666 1123 Neque
692 1042 724 1103 id
748 1044 805 1103 feci
826 1049 881 1103 aut
904 1062 976 1104 meo
1001 1050 1053 1104 aut

130 1127 352 1188 illustrissimae
375 1128 600 1188 Dominationis
623 1134 694 1187 tuae
715 1127 863 1202 consilio,
893 1125 952 1186 sed
982 1126 1053 1186 ami-

130 1211 447 1292 corumaingulorum
471 1218 501 1269 et
514 1206 660 1288 omnium,
683 1209 790 1289 quibus
812 1208 933 1271 fueram
956 1207 1052 1270 literis

130 1291 372 1371 commendatus,
394 1298 526 1372 excepto
547 1310 627 1369 uno,
649 1290 812 1372 magnifico
836 1290 973 1353 Domino
996 1292 1053 1354 Ur-

128 1375 211 1438 bano
234 1376 372 1455 Oratore,
394 1377 445 1455 qui
467 1376 551 1435 solus
572 1376 674 1436 multis
695 1374 796 1436 verbis
812 1373 965 1437 dissuasit.
991 1374 1052 1436 sed

129 1477 258 1522 necesse
278 1458 335 1519 luit
355 1458 446 1537 mihi,
469 1465 502 1519 ut
523 1471 631 1520 omues
653 1459 836 1540 praeferrem
860 1459 931 1539 uni,
961 1478 1003 1520 ue
1028 1460 1053 1518 si

129 1540 202 1622 quid
223 1548 339 1603 temere
360 1542 434 1602 mihi
455 1544 645 1623 contigisset,
669 1561 717 1601 me
739 1542 966 1622 contempsisse
983 1542 1053 1602 scri·

129 1623 289 1686 borentot
311 1624 535 1685 illustrissimae
553 1625 778 1719 Dominationis
801 1631 872 1685 tuae
894 1643 1051 1686 commen·

130 1706 286 1768 dationem
320 1714 352 1768 et
371 1709 507 1788 ipsorum
529 1707 738 1768 fidelissimam
760 1726 897 1788 operam.
932 1707 1054 1769 Deinde

130 1808 192 1851 non
222 1792 371 1871 capitosi,
402 1790 457 1851 sed
481 1791 627 1851 naturalis
664 1789 791 1850 affectus
829 1797 898 1866 est,
939 1791 1052 1852 multos

128 1871 301 1947 Germanos
322 1881 414 1934 antea
436 1875 578 1954 cognitos
613 1881 706 1954 atque
733 1874 798 1934 vita
826 1879 858 1934 et
884 1875 1052 1940 autoritate

129 1955 277 2036 celebres,
289 1977 308 2016 a
319 1976 369 2018 mo
380 1956 534 2035 Germano
549 1957 693 2038 praeferri
706 1958 758 2016 uni
771 1955 863 2018 Italo.
884 1957 958 2037 lpsa
973 1958 1052 2019 enirn

128 2041 212 2100 natio
221 2045 252 2100 et
261 2030 423 2101 multitudo
436 2059 496 2119 me,
508 2058 608 2119 spero,
620 2040 784 2099 iustissime
795 2038 1001 2119 excusabunt,
1015 2058 1053 2100 ne

130 2121 242 2184 Orator
261 2123 315 2183 ille
335 2123 476 2184 dominus
499 2121 678 2204 magnificus
691 2141 725 2181 se
748 2141 767 2180 a
779 2128 1051 2204 mecontemptum

129 2207 230 2286 possit
257 2207 384 2266 causari.

191 2287 261 2349 Non
284 2307 357 2369 ergo
381 2295 442 2367 tua,
465 2288 667 2348 illustrissime
688 2287 855 2368 Princeps,
878 2285 1053 2350 diffidentis

130 2370 288 2452 arguenda
307 2371 378 2449 fuit,
408 2373 470 2432 imo
500 2372 568 2451 plus
589 2372 620 2430 in
642 2370 932 2431 reverendissimum
956 2370 1052 2433 domi-

128 2473 201 2514 num
213 2454 361 2535 Legatum
374 2453 522 2514 confisum
547 2460 602 2534 est,
625 2473 716 2533 quam
729 2460 930 2534 speraverant
951 2455 1054 2529 amici,

128 2537 172 2598 ita
193 2543 227 2597 ut
255 2556 354 2598 meam
386 2539 588 2598 temeritatem
612 2539 809 2613 mirarentur,
838 2555 892 2597 seu
920 2535 974 2620 (nt
995 2539 1051 2619 ipsi

128 2619 339 2695 honorabant)
365 2619 541 2699 audaciam,
571 2619 653 2700 quod
686 2621 752 2680 sine
773 2619 928 2680 conductu
951 2640 1052 2683 essem

128 2703 286 2785 ingressus
314 2702 494 2783 Augustam.
544 2702 747 2764 Mandaverat
779 2704 860 2763 enim
884 2702 958 2764 mihi
988 2704 1052 2765 illu·

129 2787 278 2847 strissima
300 2793 352 2847 tua
366 2786 543 2847 Dominatio
565 2804 621 2866 per
638 2785 827 2866 Spoletinum
852 2805 966 2865 meum,
990 2806 1052 2849 non

54 2886 57 2893 ’
129 2886 199 2928 esse
220 2869 293 2929 mihi
315 2871 521 2930 necessarium
534 2869 652 2929 salvum
668 2867 862 2946 conductum,
884 2869 968 2931 adeo
986 2870 1053 2931 illu·

129 2951 223 3010 striss.
246 2958 298 3012 tua
319 2952 422 3015 Oelsit.
452 2953 557 3013 omnia
577 2951 660 3013 bona
682 2951 721 3013 de
742 2950 902 3015 reverend.
933 2952 1052 3034 Legata

129 3034 354 3113 praesumebat.
1017 3038 1020 3043 “

210 3117 387 3179 Percurram
419 3124 450 3178 et
478 3125 580 3196 cetera
611 3117 763 3200 epistolae
789 3115 1054 3178 Reverendissinri

129 3196 244 3260 domini
252 3200 358 3282 Legati
379 3201 530 3278 membra,
555 3219 592 3261 ao
606 3201 712 3280 paucis
723 3199 921 3280 respondebo
944 3199 985 3260 ad
1009 3219 1054 3262 ea.

212 3282 295 3344 Vere
318 3284 422 3345 scribit
445 3304 493 3344 me
527 3284 651 3345 undem
675 3284 885 3363 comparuisse
913 3291 945 3344 et
980 3281 1053 3343 dila·

128 3365 244 3427 tionem
267 3385 394 3428 acessus
422 3385 461 3426 ac
493 3367 571 3427 salvi
603 3366 773 3428 conductus
801 3366 1053 3446 impetrationem

129 3467 318 3530 excusasse„
363 3448 510 3511 Dicebam
545 3450 626 3510 enim
657 3467 706 3510 me
742 3469 762 3511 a
793 3449 897 3530 magni
928 3447 1054 3509 Ordinis

128 3531 286 3611 utriusque
313 3532 409 3593 status
442 3532 514 3592 viris
544 3532 638 3594 fuisse
673 3531 846 3609 monitum,
875 3551 917 3591 ne
949 3550 1054 3593 muros

127 3613 378 3697 Vuittembergae
401 3614 579 3696 egrederer,
608 3635 677 3676 esse
705 3616 786 3675 enim
822 3614 896 3674 mihi
925 3614 1053 3676 insidias

127 3703 181 3758 aut
200 3697 271 3759 ferri
293 3705 347 3759 aut
367 3699 478 3759 veneni
499 3705 631 3778 paratas.
663 3696 783 3759 Deinde
803 3697 908 3758 addidi
931 3705 964 3759 et
986 3717 1054 3760 osu·

123 3799 192 3847 sam
213 3780 421 3870 praedictam,
440 3779 558 3844 scilicet
578 3782 745 3844 amicorum
768 3779 902 3853 sardium
926 3784 1054 3846 nomina
