2356 4200
375 296 410 356 αὖ
428 299 501 358 Dici,
519 298 548 358 F.
572 300 638 358 silv.
657 298 804 357 morietis
1006 288 1045 366 31

129 488 220 530 manu
237 470 379 553 ecclesia,
402 470 613 553 Regnlsfidei,
635 470 807 551 probatum.
840 470 942 549 Miror,
964 468 1065 551 quod-

127 555 206 614 inter
240 560 288 614 tot
319 555 469 616 ecclesiae
499 554 641 615 doctores
668 572 731 614 non
758 553 925 632 aliquando
954 554 1048 614 ulium

128 654 252 717 quoque
279 642 332 697 snt
361 644 478 698 textum
513 637 686 717 Scripturas
715 636 858 714 inducas,
890 630 962 697 ideo
1016 655 1049 698 er

126 717 357 781 fundumentum
379 719 546 781 secundum
567 724 676 780 iterum
692 724 756 778 torn
778 726 823 797 te,
854 735 944 798 quem
1016 722 1048 780 ό-

127 814 209 862 mem
237 803 360 882 reiicio,
387 804 459 883 quic
487 811 517 863 et
547 802 737 884 Augustinus
767 808 908 881 receptus
935 808 983 862 est
1008 800 1047 863 eb

127 884 260 945 ecclesie
282 888 380 966 magis
403 906 493 966 quam
512 885 542 946 S.
560 884 705 964 Thomas,
728 884 839 944 Paulus
861 891 964 944 sutem
986 902 1046 944 ms-

126 968 220 1046 xime,
238 971 293 1049 qui
316 969 546 1029 fundamentum
571 986 669 1028 meum
693 970 823 1048 primum
845 974 901 1028 est.

211 1050 355 1113 Secundo
378 1054 481 1130 miror,
505 1051 577 1131 quid
598 1051 685 1129 velis,
708 1050 790 1130 quod
814 1049 975 1111 ecclesiam
987 1050 1047 1112 Ro-

127 1150 250 1194 manum
281 1133 353 1195 fidei
381 1136 518 1214 regulum
542 1140 646 1197 vocas.
688 1133 757 1215 Ego
779 1132 894 1194 credidi
916 1148 1046 1215 semper,

127 1215 210 1297 quod
232 1215 309 1277 fides
333 1225 415 1278 esset
437 1218 544 1299 regule
565 1218 725 1277 Romanae
748 1217 907 1296 eeclesiae,
931 1225 963 1278 et
984 1234 1047 1291 oru-

125 1301 209 1361 nium
239 1299 456 1378 ecclesiarum,
495 1307 528 1360 nt
556 1299 727 1379 Apostolus
755 1298 823 1360 cal.
854 1304 886 1364 6:
922 1298 963 1360 Et
984 1302 1046 1379 qui-

127 1400 247 1462 cunque
268 1382 349 1442 hunc
370 1384 507 1464 regulam
531 1383 628 1443 secuti
650 1383 770 1460 fuerint,
794 1400 856 1462 pax
879 1402 971 1464 super
992 1400 1046 1444 eos

129 1472 187 1526 etc.
231 1466 321 1546 Rogo
343 1485 495 1546 eousque
519 1465 652 1544 digneris
681 1464 798 1525 adulari
818 1466 980 1526 Romanae
1000 1485 1048 1527 eo-

126 1546 249 1626 clesiee,
272 1556 305 1608 ut
326 1569 394 1608 eam
418 1551 574 1630 permittes
586 1548 765 1628 discipulam
782 1566 851 1608 esse
865 1546 945 1627 fidei,
968 1568 1047 1628 qnae

125 1632 283 1713 reguletur
303 1631 375 1710 fide,
396 1652 460 1693 non
480 1633 600 1713 regulet
620 1630 720 1692 fldem.
881 1636 883 1643 '

208 1712 270 1776 Sed
291 1715 370 1776 iorte
391 1716 468 1776 hoec
490 1715 575 1775 verbi
598 1722 645 1774 est
666 1714 886 1793 controversis,
910 1714 981 1794 quis
1001 1732 1047 1776 re·

165 1796 230 1857 lem
252 1795 325 1859 fldei
345 1800 510 1879 improprie
543 1798 663 1858 locutus
685 1815 790 1874 vocas,
812 1796 894 1877 quod
916 1797 955 1857 sd
979 1810 1048 1858 eam

125 1816 236 1960 ἔξω,
260 1901 351 1960 quern
379 1882 520 1941 Romane
547 1881 680 1941 ecclesie
704 1879 878 1960 profitetur,
911 1881 1047 1941 omnium

123 1963 201 2025 fides
225 1964 318 2026 debet
339 1965 533 2027 conformari.
576 1962 616 2023 Et
637 1963 742 2043 placet
763 1960 900 2041 mirifice,
922 1976 993 2022 nam
1016 1973 1048 2026 et

123 2066 183 2128 ego
205 2049 318 2128 gratias
340 2064 399 2127 ogo
423 2046 554 2126 Christo,
579 2047 660 2126 quod
683 2045 764 2106 hcnc
777 2044 1047 2108 nnumecclesiem

123 2132 153 2191 in
175 2130 264 2189 terris
293 2131 335 2189 itu
362 2136 464 2190 servat
485 2131 616 2210 ingenti,
647 2135 678 2190 et
705 2128 788 2209 qnod
816 2130 915 2189 solum
949 2133 1049 2208 possit

123 2213 256 2295 probare
285 2211 375 2271 fidem
409 2218 546 2273 nostram
574 2232 642 2273 esse
663 2231 786 2291 verum,
820 2211 984 2289 miraculo,
1015 2218 1048 2275 ut

123 2314 281 2375 nunqnam
308 2313 326 2354 a
357 2314 429 2355 vera
458 2293 520 2356 fide
544 2297 607 2355 nilo
637 2315 693 2356 sno
722 2295 846 2355 decreto
875 2298 1046 2379 recesserit,

124 2397 184 2439 nec
205 2384 252 2438 tot
273 2377 421 2438 barathris
444 2380 648 2458 pessimorum
677 2397 795 2438 morum
818 2374 960 2438 diabolus
984 2383 1048 2440 tsn-

124 2467 189 2522 tum
212 2459 335 2521 efficere
356 2462 465 2541 potuit,
488 2469 522 2521 ut
543 2480 639 2541 penes
662 2461 742 2521 hanc
763 2480 826 2522 non
849 2468 987 2521 maneret
1010 2462 1047 2524 ab

125 2545 245 2625 origine
265 2563 321 2604 sua
342 2545 560 2604 canonicorum
583 2543 700 2605 Bibliae
721 2544 867 2604 librorum
891 2549 921 2604 et
951 2546 1047 2607 eccle·

124 2628 317 2688 siasticorum
331 2634 451 2708 patrum
465 2635 495 2688 et
505 2629 704 2707 interpretum
718 2629 877 2705 autoritas,
893 2634 924 2687 et
935 2630 1047 2690 autori·

125 2712 197 2770 tetis
221 2711 341 2769 sincera
362 2711 525 2790 professio,
549 2709 623 2770 licet
643 2710 730 2771 multi
752 2712 833 2770 sorte
855 2717 926 2770 sunt
947 2711 1048 2792 nimis,

126 2793 177 2874 qui
207 2793 348 2872 privatim
387 2793 433 2853 his
470 2793 554 2854 libris
588 2811 714 2874 prorsus
758 2793 873 2852 nullam
906 2789 1066 2856 habeant¹

124 2874 229 2954 iidem,
251 2895 309 2935 nec
331 2895 386 2938 eos
408 2884 515 2936 uurent
536 2884 589 2937 out
612 2876 715 2956 legere
738 2881 790 2935 aut
810 2875 994 2956 intelligere.
1130 2880 1132 2885 ’

209 2958 329 3039 Tertio,
363 2961 447 3019 illam
470 2961 721 3038 consequentiam
745 2965 777 3017 tu
806 2960 891 3038 ipse,
921 2978 1060 3040 quueso,¹

125 3041 294 3123 perpende.
336 3042 468 3102 Animae
490 3048 639 3122 expetunt
658 3040 818 3122 suffragia,
851 3060 926 3122 ergo
950 3045 1050 3104 sciunt

126 3144 160 3186 se
190 3143 259 3185 esse
294 3126 468 3187 salvandus.
522 3126 659 3185 Fuistine
686 3127 806 3204 tuipse
828 3124 994 3203 aliquando
1017 3127 1050 3187 in

125 3208 263 3288 periculo
285 3208 335 3268 vel
357 3211 462 3269 mortis
484 3209 535 3268 vel
556 3209 679 3269 ulterius
702 3209 910 3288 necessitatis,
931 3211 962 3270 in
987 3228 1047 3289 quo

126 3291 300 3368 nesciebas,
317 3310 355 3350 an
373 3292 428 3352 tibi
446 3298 529 3352 esset
540 3292 730 3372 pereundum
741 3289 791 3352 vel
809 3292 1048 3372 emergendnm‘?

127 3372 158 3435 Si
180 3373 279 3452 firisti,
313 3375 476 3435 recordare
498 3392 631 3455 quaeso,
656 3394 745 3454 quam
768 3375 860 3435 anxie
882 3378 1048 3455 quaesieris

128 3457 276 3517 auxilium
295 3464 326 3518 et
346 3458 507 3518 consilium
524 3477 562 3518 eo
580 3461 723 3538 maxime,
747 3477 807 3538 quo
822 3458 946 3539 ignarus
967 3458 1050 3520 fuisti
1152 3470 1158 3491 ¹

128 3539 234 3599 auxilii
258 3548 289 3599 et
311 3541 445 3619 consilii,
480 3548 511 3601 et
540 3544 590 3618 (ut
618 3541 671 3602 ille
697 3541 756 3623 uit]
786 3541 856 3602 Una
883 3543 965 3603 salus
994 3543 1048 3605 tibi

128 3623 182 3683 fuit
203 3623 320 3683 nullam
342 3644 465 3703 sperare
486 3626 632 3702 salutem,
654 3627 680 3684 si
701 3644 764 3685 non
786 3625 884 3706 fuisti,
907 3627 1047 3708 obsecro,

129 3707 205 3766 velis
228 3706 354 3767 credere
374 3707 439 3785 his,
469 3709 519 3786 qui
540 3708 670 3769 inerunt.
712 3708 773 3769 Ubi
795 3716 842 3769 est
863 3729 938 3791 ergo
960 3729 1047 3791 ergu-

131 3796 265 3851 mentnm
287 3796 385 3872 tunm,
408 3791 519 3854 Petunt
540 3791 694 3873 suffragio,
716 3811 790 3875 ergo
813 3793 913 3856 sciunt
934 3795 1048 3859 sesul-
