2356 4200
100 306 175 376 ,438
502 310 635 366 Asterlsci

113 480 315 543 humansrum
339 481 441 562 legum
457 480 681 561 ponderatores
703 481 733 540 ln
749 476 923 542 Ecclesisul
941 480 1039 542 irtlrd·

112 564 272 626 duxerunt.
316 564 388 626 ldeo
422 565 546 645 relapso
579 566 609 624 in
646 572 806 645 peccatum
831 563 1039 626 remittendae

112 656 182 708 sunt
204 662 311 710 omnes
333 648 490 708 iniunctae
511 649 738 728 poenitentiae,
769 660 830 707 neo·
849 649 971 726 longius
993 649 1037 708 ln-

109 731 299 811 iungendae,
326 744 430 811 ,quarn
467 731 567 790 donec
600 733 639 790 sit
675 733 707 790 in
741 731 849 810 gratia.
879 731 924 792 ‘si
956 732 1037 791 enirn

111 816 251 893 corporis
273 814 412 875 laborem
445 830 507 875 non
530 821 619 894 potes
642 816 817 894 imponere,
846 815 906 874 nist
936 813 1039 875 donec

110 897 215 957 valeat
237 917 291 958 cor
315 917 359 973 us,
384 903 498 975 quanto
522 899 619 976 magis
635 899 756 956 animae
776 897 865 957 labor
886 914 948 956 non
972 896 1038 958 lon·

52 982 177 1067 fflgius
218 917 401 1060 inteliigitur
433 981 605 1060 impositus,
629 999 719 1058 qnam
744 982 782 1039 sit
804 980 949 1040 valetudo
975 981 1038 1040 ani·

88 1058 202 1122 'macl
246 1063 375 1125 Mortuis
398 1063 472 1122 nihil
494 1063 716 1142 imponendum
740 1069 795 1122 est.

114 1180 118 1185 -
147 1190 148 1193 ,
192 1147 286 1207 Porro
317 1164 376 1226 ego
410 1164 473 1206 non
508 1146 675 1222 dissentio,
716 1145 799 1224 quod
826 1145 1038 1224 indulgentiae

109 1226 240 1308 possunt
272 1227 337 1289 dari
373 1229 466 1288 etiam
496 1248 558 1289 non
596 1230 744 1310 contritis,
766 1248 829 1289 non
860 1226 1038 1288 necessario

109 1311 308 1372 fundamento
333 1311 428 1385 Eccil,
452 1312 505 1371 sed
520 1313 602 1391 quod
624 1311 765 1392 remissio
781 1318 921 1392 poenae,
937 1317 970 1371 ut
992 1316 1039 1371 est

109 1395 289 1454 vilissimum
321 1392 435 1455 donum
465 1395 629 1473 ecclesiae,
657 1401 762 1475 potest
783 1397 875 1454 etlam
894 1393 1038 1536 'indignis

109 1476 232 1554 donari,
263 1477 362 1558 dignis
386 1479 465 1537 eninr
489 1480 591 1558 potios
614 1478 937 1556 etlam‘imponitura
988 1494 1037 1537 co.

108 1558 195 1634 Quae
226 1562 331 1620 omnia
360 1580 398 1618 ex
429 1580 466 1620 eo
482 1559 689 1621 thirdamente
712 1561 802 1638 dico,
829 1559 1040 1639 <ruodhardus

107 1650 178 1703 sunt
199 1645 423 1707 satisfactorias
446 1658 577 1724 poenae,
590 1643 658 1703 nisi
678 1632 1039 1727 per·dooleslam³libere

16 1735 18 1740 ’
107 1727 273 1805 institutae,
295 1732 328 1786 et
348 1726 421 1807 olim
434 1734 508 1786 ante
522 1727 755 1811 ,ahsolutionem
777 1726 895 1805 imponi
917 1725 1039 1803 solitae,

107 1826 189 1868 nunc
203 1823 304 1888 'quare
325 1810 526 1888 imponantur
543 1815 616 1889 post
639 1809 882 1889 absolutionem,
908 1809 1037 1889 ignoto.

392 1920 477 2007 XVI.
503 1936 722 2019 Obeliscus.*)
776 1991 779 2001 .

189 2053 243 2112 Ec.
279 2053 330 2134 'Ap
373 2055 494 2126 ndicem‘
515 2056 723 2116 conclusionis
764 2072 824 2115 non
849 2044 1039 2134 'recipimus

108 2136 225 2215 alioqui
248 2136 324 2197 abso
339 2144 442 2197 uturus
464 2146 535 2218 post
555 2140 779 2219 poenitentiam
799 2132 967 2196 iniunctam
989 2134 1038 2197 de·

109 2217 328 2298 heretdicers,
350 2220 432 2298 quod
457 2224 556 2281 minus
578 2223 707 2299 iniunxi,
730 2221 872 2300 suppleat
893 2220 1038 2279 voluntas

111 2320 222 2380 papae,
257 2321 325 2361 oum
349 2303 444 2380 dicat,
482 2305 686 2384 quodminus
728 2305 863 2383 iniunxi‘,
896 2302 1039 2383 suppleat

111 2403 216 2443 amara
240 2387 345 2463 passio
375 2385 504 2465 Christi,
526 2407 627 2466 neque
650 2388 758 2466 aliquis
782 2385 929 2448 sacerdos
957 2391 1040 2447 esset

111 2466 258 2527 dicendus
280 2469 410 2528 vicarius
433 2472 500 2547 Dei,
524 2471 578 2530 sed
602 2488 713 2550 papae,
734 2475 765 2529 et
787 2469 935 2549 episcopi,

192 2550 280 2610 Loth.
310 2551 351 2611 Et
391 2554 450 2612 ista
477 2554 580 2614 fabula
614 2561 661 2612 est
696 2553 822 2632 eadem,
855 2567 1039 2631 quasupra

111 2631 198 2710 dixit,
220 2652 274 2712 per
296 2643 522 2696 sacramentum
544 2637 656 2696 remitti
677 2654 795 2716 poenas
820 2634 1036 2714 aDcoimpo·

110 2716 194 2775 sitas.
239 2715 330 2790 ouod
354 2721 466 2798 negari
489 2726 520 2778 et
540 2738 638 2800 nego,
662 2736 721 2778 nec
741 2721 808 2798 ipse
829 2717 962 2800 proheta
983 2733 1037 2796 po

110 2805 179 2860 test.
222 2799 342 2859 Deinde
365 2801 472 2861 iterum
495 2801 677 2878 inculcat,¹)
721 2802 802 2880 quod
825 2801 931 2883 passio
953 2797 1036 2858 Ohri-

110 2880 148 2940 sti
169 2900 223 2941 seu
262 2893 484 2944 sacramentum
521 2886 620 2945 solum
654 2887 789 2945 remittat
821 2900 957 2964 poenas,
995 2882 1037 2940 sic

110 2965 192 3023 enim
230 2965 312 3024 solet
344 2966 521 3047 dignificare
557 2966 762 3028 casamentum
794 2975 825 3028 et
858 2968 1035 3047 passionem

111 3045 222 3107 Christi
244 3049 274 3106 in
299 3058 491 3111 sacramento
515 3053 681 3130 operantis,
705 3058 819 3111 utnon
842 3050 959 3130 cuipas,
981 3045 1034 3107 sed

112 3147 230 3206 poenas
253 3132 403 3210 remittat,
439 3152 497 3194 nec
526 3134 580 3192 har
612 3135 668 3192 nisi
699 3134 885 3214 temporales
908 3138 1034 3192 rantum.

113 3211 193 3271 Vere
216 3213 340 3292 grandis
363 3217 462 3296 gloria
484 3218 638 3296 passionis
661 3213 787 3294 Christi,
811 3214 893 3295 quod
916 3216 1033 3296 poenas

110 3295 299 3374 temporales
322 3301 464 3380 remittit,
485 3318 560 3379 quas
585 3300 675 3360 etiarn
700 3306 809 3379 gentes
824 3301 1032 3359 contemnunt.

193 3377 288 3439 Porro
312 3380 384 3440 illud
408 3384 614 3443 acutissimum
639 3395 767 3457 acumen
791 3381 940 3460 admiror,
973 3394 1031 3460 quo

108 3477 149 3518 ex
172 3461 262 3520 trivio
286 3463 378 3524 etiam
408 3466 526 3526 invenit
554 3465 699 3524 adversus
733 3478 782 3524 nte
811 3472 1031 3546 argumentum,

21 3676 42 3725 ο
165 3747 198 3815 *)
217 3748 359 3803 Adversus
379 3751 421 3804 34.
445 3750 572 3803 Conclus.
593 3748 710 3802 Lutheri.

158 3818 192 3893 t)
209 3820 242 3878 In
264 3822 307 3878 sd.
328 3822 403 3878 Wltt.
417 3826 451 3877 et
469 3828 512 3893 sp.
533 3820 660 3875 boalcha
680 3820 809 3875 resulcat.
911 3838 914 3845 ·
