2356 4200
272 699 279 713 Ι
385 677 387 681 ¹
446 740 507 834 Dc
549 737 747 837 iuridica
809 768 811 773 ’

582 907 612 970 et

132 1029 408 1109 Irreiragabili
431 1029 612 1092 Veritate
635 1027 1053 1095 RomanaeEoolesiae

133 1113 375 1191 Romanique
403 1113 637 1188 Pontificis,
672 1113 788 1175 Liber
816 1112 973 1190 tertius,
1003 1111 1053 1173 In·

134 1195 204 1256 dex
227 1194 376 1275 quidem
396 1195 670 1276 longissimus,
691 1196 757 1257 sed
779 1196 1053 1257 brevissimum

496 1279 692 1360 Epstoma

215 1513 421 1593 Posteaquam
434 1515 467 1592 a)
499 1516 625 1576 iuvante
657 1517 725 1576 Deo
752 1533 870 1576 errores
892 1511 1053 1581 adversarii

134 1595 318 1674 deteximus,
338 1598 411 1657 item
434 1604 465 1657 et
478 1599 650 1678 reicoimus,
672 1617 754 1659 nnnc
768 1597 960 1676 brevissime,
982 1613 1055 1679 quae

133 1681 195 1738 iam
218 1678 300 1738 dicta
322 1687 400 1758 sunt,
422 1681 606 1742 recolamus.

215 1760 297 1822 Libri
311 1781 385 1843 ergo
396 1765 484 1842 primi
498 1765 728 1844 capntprimum
746 1763 784 1825 dc
797 1764 946 1840 nostrab)
961 1764 1053 1823 inten-

133 1845 218 1905 tione
240 1852 323 1922 erat,
347 1865 427 1925 quae
450 1849 548 1907 estin
572 1854 640 1908 toto
663 1846 811 1927 opusculo
834 1846 981 1942 detegere
1002 1845 1053 1926 pri·

132 1947 230 2007 mum,
267 1926 379 1989 deinde
410 1948 484 1989 vero
519 1931 609 1989 etiam
634 1936 771 1990 evertere
792 1928 914 1989 Martinr
935 1926 1053 1989 Lutheri

131 2011 212 2071 mala
242 2010 397 2091 dogmata.
452 2012 571 2072 Deinde
599 2031 673 2073 vero
703 2013 866 2093 specialius
899 2014 930 2070 in
957 2013 1051 2092 primo

128 2092 208 2154 libro
231 2093 394 2155 ostendere
414 2095 523 2174 primo,
547 2095 670 2175 qu0d2)
696 2095 829 2156 ecclesia
849 2094 985 2154 militans
1017 2094 1052 2153 sit

130 2173 242 2236 Christi
259 2195 387 2257 regnum
402 2178 630 2239 monarchicum
658 2174 696 2238 et‘
709 2177 941 2257 hierarchicum,
965 2184 996 2238 et
1016 2178 1052 2251 2,

129 2256 212 2338 quod
233 2259 264 2318 in
286 2259 345 2320 hac
365 2259 537 2321 hierarchia
558 2280 703 2322 romanus
725 2260 850 2322 Praesul
872 2260 989 2341 primus
1017 2276 1049 2320 ac

129 2356 264 2401 summus
285 2341 446 2404 hierarcha
465 2345 513 2423 sit,
533 2346 696 2405 autoritate
708 2344 821 2420 divina,
844 2343 928 2404 solus
952 2360 1049 2425 supre-

128 2444 245 2485 marum
258 2424 481 2487 dubitationum
494 2428 727 2507 resolutivus,et
748 2426 832 2487 solus
854 2425 949 2487 iudex
969 2424 1049 2487 inini-

126 2507 218 2571 libilis
241 2509 387 2588 veritatis,
408 2510 438 2568 in
461 2510 669 2590 spectantibus
693 2509 732 2570 ad
753 2508 845 2570 fidem
868 2515 900 2570 et
921 2516 1031 2570 mo'res.

212 2590 286 2672 Cap.
311 2592 378 2666 2⁰)
404 2590 493 2668 Quod
517 2594 648 2654 eeclesia
672 2593 802 2653 militans
825 2593 864 2651 sit
887 2592 967 2652 coeli
988 2606 1048 2673 reg·

128 2692 211 2751 num,
234 2680 265 2735 et
288 2671 398 2735 Christi
422 2676 611 2754 monarchia,
634 2678 706 2737 item
729 2681 758 2736 et
779 2675 960 2736 hierarchia.
1070 2684 1073 2689 ’

137 2772 150 2779 ··
211 2756 251 2818 Et
283 2756 323 2817 ibi
359 2762 385 2821 1.
421 2758 502 2838 quod
536 2758 668 2820 ecclesia
699 2766 807 2820 sancta
834 2757 988 2819 catholica
1014 2755 1048 2817 sit

126 2838 254 2922 regnum
277 2838 398 2904 christi.

210 2922 250 2983 Et
271 2926 300 2986 2.
324 2924 519 3002 quodetiam
543 2926 610 3005 ipsa
631 2925 791 3006 imperium
815 2922 927 2985 Christi
950 2925 995 2984 sit.
1023 2958 1029 2989 r

128 3005 250 3150 antonini
271 3007 298 3071 3.
307 3005 340 3087 d)
362 3004 449 3089 'quod
472 3008 511 3067 sit
532 3027 660 3089 regnum
684 3013 714 3068 et
741 3008 901 3087 imperium
932 3024 1046 3068 monar-

370 3221 577 3249 -4—

182 3299 212 3357 a)
232 3296 416 3363 Observabis,
434 3296 529 3361 lector,
550 3295 662 3348 schema
680 3296 859 3362 praeteritum
877 3308 929 3363 pro
950 3295 1045 3346 futuro.

127 3368 160 3436 b)
181 3369 270 3421 Probe
291 3370 328 3420 ait
346 3368 380 3420 de
399 3370 550 3420 intentione
568 3383 619 3419 sna
638 3367 816 3451 inissaqnia,
830 3381 891 3416 cum
903 3366 1044 3418 frustratus

89 3455 97 3467 ‘
126 3439 194 3491 nihil
225 3441 351 3505 effecerit,
381 3445 501 3491 ostentat
529 3444 634 3490 tantum
662 3435 880 3507 Ψευδοπυραῑ).
927 3436 957 3504 a)
977 3435 1044 3488 Haec

126 3512 179 3563 nisi
191 3527 226 3563 ex
238 3511 370 3563 Silvestro
380 3527 462 3564 nemo
473 3513 558 3562 novit.
579 3509 611 3568 dt
626 3509 832 3561 SicutChristns
844 3506 1044 3577 dicit,Regnnn

127 3598 217 3634 meum
226 3598 282 3634 non
294 3589 336 3633 est
345 3581 378 3634 de
390 3581 597 3645 hocmnnd0,et
608 3580 759 3632 concordat
772 3579 938 3632 vocabulum
950 3580 1044 3632 hierar

126 3654 200 3719 chia,
220 3669 296 3705 sacer
316 3657 494 3721 principatus,
512 3654 586 3706 idem
607 3652 680 3720 qnod
701 3651 857 3704 mundanus
877 3653 1043 3720 etprofanns

121 3727 302 3795 principatus,
322 3728 393 3777 sicut
411 3724 534 3778 Christus
554 3730 581 3777 ct
600 3723 687 3776 Belial
705 3723 778 3775 idem
799 3727 871 3776 sunt

175 3801 207 3867 1)
231 3799 260 3854 In
281 3797 419 3856 adden:
438 3793 623 3867 Ψευᾶόπηρα.
660 3796 690 3860 2)
711 3795 792 3851 ibid:
813 3795 891 3864 qnod
909 3796 942 3848 si.
