2356 4200
466 286 694 344 marauna
985 280 1046 349 123

136 453 301 521 deserendo
330 455 405 517 faoit
431 457 494 517 hoo
513 457 608 521 Deua.
650 457 684 518 Id
713 463 816 518 autem
842 455 916 516 inde
943 454 1048 516 videa

135 559 211 617 nus,
239 547 356 618 quanta
376 541 506 601 stultitia
527 543 566 601 sit
586 542 731 619 avaritia,
764 542 834 601 sive>
851 541 890 600 sit
910 540 1047 620 spiritua

134 623 175 701 iis,
197 624 263 683 sive
282 625 462 705 eorporalis.
505 625 637 684 Primum
660 625 802 685 volueres
824 623 915 702 coeli,
938 623 1047 702 quibus

132 707 220 786 pluris
244 726 360 786 sumus,
376 727 432 788 par
451 707 513 769 hoo
535 707 707 769 efficiuntur
727 708 865 784 minoris,
887 705 958 766 dum
975 706 1048 767 illae

131 809 189 850 non
211 791 291 851 siout
312 810 370 853 nos
391 790 534 852 diffidunt
560 791 599 852 da
620 792 699 853 Deo.
742 790 885 852 Saoundo
921 796 953 850 et
983 789 1049 851 lilia

131 875 191 954 agri
214 893 273 935 nos
295 875 453 936 excellunt
474 874 583 936 eadem
605 894 708 936 eausa.
740 874 845 936 Tertio
863 875 964 954 ipsum
983 892 1048 934 oor-

130 977 182 1037 pua
209 964 369 1037 nostrum,
402 958 483 1038 quod
514 978 575 1018 non
604 977 767 1039 possumus
799 959 843 1018 sio
863 963 917 1017 aut
937 957 981 1016 sio
998 955 1047 1037 ⁴⁸).

131 1039 167 1100 Et
182 1042 221 1100 si¹
237 1042 306 1120 quis
328 1041 422 1123 digne
445 1049 564 1122 pensat,
588 1044 660 1122 quia
680 1032 787 1121 poss'et
807 1039 943 1114 eredere,
965 1039 1048 1121 quod

128 1123 220 1184 homo
243 1124 360 1184 nuliam
382 1124 475 1186 habat
497 1127 527 1185 in
549 1125 616 1186 Deo
639 1124 797 1201 fiduciam,
827 1125 877 1203 qui
898 1123 974 1184 velit
994 1142 1048 1184 no·

129 1207 177 1283 lit,
199 1226 315 1286 eorpus
337 1227 425 1268 suurn
448 1214 551 1269 tamen
571 1227 634 1269 non
656 1213 760 1288 potest
781 1207 895 1269 habero
916 1208 948 1266 in
971 1205 1048 1267 arbi·

127 1290 183 1350 trio
206 1309 276 1368 su0,
300 1309 358 1350 neo
378 1293 475 1352 vitam
498 1311 557 1352 neo
578 1311 711 1352 sensum.
754 1291 881 1352 Deinde>
895 1290 1048 1350 frumenta

126 1373 194 1452 plus
228 1392 321 1452 quam
356 1376 465 1456 majori
504 1382 591 1454 parte
630 1376 777 1455 temporis
818 1374 937 1454 cogitur
978 1373 1047 1434 Deo

126 1458 334 1534 committere,
369 1466 400 1517 et
428 1458 547 1536 reliquo
586 1458 643 1518 sibi
673 1457 797 1519 modioo
826 1456 990 1518 committit
1015 1461 1048 1516 et

126 1539 192 1599 Deo
215 1559 280 1601 non
303 1540 408 1601 eredit.
452 1540 587 1602 Confidis
607 1540 692 1616 Deo,
720 1540 843 1620 quando
871 1546 943 1600 aunt
970 1540 1046 1610 foris

126 1623 156 1682 in
178 1640 267 1702 agro,
290 1630 321 1683 at
340 1625 435 1700 timet,
457 1624 581 1703 quando
598 1624 691 1685 habat
707 1625 737 1684 in
754 1625 867 1684 horreo
890 1630 921 1683 et
942 1622 1046 1684 domo.

126 1704 171 1765 Ita
193 1712 226 1765 et
247 1707 279 1765 ia
303 1706 415 1767 latiore
436 1708 537 1786 spatio
566 1706 649 1767 bona
678 1726 735 1767 sua
759 1707 855 1767 oradit
875 1707 958 1783 Deo,
992 1705 1047 1766 sed

127 1807 193 1848 sum
226 1790 258 1848 in
290 1789 430 1863 domum,
468 1790 569 1850 losum
592 1790 710 1850 soilioet
731 1791 958 1870 angustiorem,
979 1807 1046 1868 per·

126 1871 263 1948 duxerit,
286 1891 349 1933 non
372 1873 485 1950 eredit,
515 1874 602 1951 quasi
619 1874 722 1951 Deus,
751 1875 802 1952 qui
824 1878 1046 1952 temporetam

125 1954 222 2034 longo
246 1963 278 2014 et
298 1954 370 2016 looo
392 1963 455 2016 tam
478 1957 616 2036 spatioso
639 1975 700 2015 non
725 1957 824 2016 solum
844 1955 1049 2031 oonservavit,

125 2037 179 2096 sed
202 2039 296 2097 etiam
308 2037 419 2117 dedit,
457 2056 520 2099 non
542 2040 642 2118 possit
665 2041 758 2098 stiam
781 2039 853 2098 data
874 2044 905 2099 et
926 2057 1048 2098 eonsen-

125 2128 197 2180 vata
218 2120 383 2183 custodire.
426 2122 472 2181 lta
500 2128 532 2181 st
559 2141 628 2181 oum
657 2122 732 2182 foris
762 2129 847 2198 sunt,
878 2120 1048 2199 multipliei-

126 2203 181 2262 bus
204 2205 364 2282 perieulis,
394 2205 488 2281 aeria,
510 2205 659 2283 fulminis,
681 2205 853 2279 hominurn,
882 2204 1048 2263 bestiarum

126 2287 269 2366 exposita
293 2294 372 2364 sunt,
397 2296 427 2346 et
449 2289 650 2348 committitur
672 2288 823 2365 hooDeo,
845 2288 926 2347 intus
945 2292 1047 2346 autem

125 2388 194 2428 oum
217 2368 344 2446 fuerint,
375 2371 472 2448 surgit
493 2369 677 2440 diffidentia,
705 2391 768 2431 non
791 2370 872 2449 quod
895 2368 1048 2430 servanda

126 2471 187 2512 non
212 2452 287 2528 sint,
316 2451 370 2511 sed
400 2452 482 2530 quod
504 2473 599 2513 avara
620 2453 795 2514 sollicitudo
818 2460 849 2514 et
870 2472 958 2513 amor
978 2471 1048 2532 pos-

125 2540 232 2594 sessae
264 2535 308 2594 rei
337 2535 416 2595 adeo
453 2536 492 2594 do
520 2536 588 2596 Deo
620 2535 763 2616 desperat
791 2543 823 2597 at
849 2538 880 2595 in
902 2554 1049 2615 possessa

124 2617 271 2695 confidit,
306 2637 373 2677 ourn
402 2625 505 2679 tamen
537 2621 567 2678 in
590 2620 778 2699 possidenda
799 2640 861 2680 non
884 2619 985 2698 potuit
1005 2619 1049 2678 ita

124 2719 250 2780 sperare
273 2708 305 2759 et
326 2700 492 2761 confidere.
536 2702 597 2762 Sed
618 2703 679 2762 hoo
700 2704 798 2782 magis
822 2708 910 2782 urget
932 2708 963 2761 et
977 2721 1046 2780 pro-

124 2783 178 2843 bat
199 2782 410 2842 stultissimam
433 2783 648 2863 diffidentiam,
670 2786 752 2864 quod
777 2787 886 2866 majori
908 2790 1048 2862 tempore

124 2867 207 2926 vitae
235 2867 302 2924 sine
335 2868 431 2926 nostri
462 2886 536 2927 eura
564 2869 693 2928 vivimus
726 2875 757 2928 et
789 2867 926 2948 pluribus
959 2867 1046 2926 loois.

124 2949 237 3010 Nonne
259 2967 334 3008 erne
357 2949 489 3009 medium
512 2951 594 3010 vitae
621 2951 808 3012 dormimus?
850 2951 892 3009 Et
913 2950 979 3028 quis
1001 2951 1047 3009 sui

125 3050 229 3091 auram
257 3033 322 3110 agit
351 3033 530 3094 dormiens?
583 3034 703 3094 Deinde
730 3036 821 3094 etiarn
850 3034 881 3092 in
910 3031 1047 3112 pluribus

124 3114 201 3174 loeis
224 3122 256 3174 et
282 3116 440 3194 operibus,
467 3118 623 3196 personis,
651 3117 757 3194 rebus,
786 3115 945 3197 perieulis,
981 3117 1048 3175 sine

125 3216 199 3256 aura
221 3199 318 3256 nostri
341 3217 455 3260 sumus.
509 3198 584 3273 Quis
606 3201 687 3259 enirn
710 3200 822 3279 ubique
846 3205 877 3259 et
898 3200 930 3258 in
953 3199 1048 3258 omni-

125 3280 181 3340 bus
210 3280 354 3358 operibus
376 3280 459 3362 apud
483 3300 590 3341 ornnes
611 3285 643 3341 in
666 3283 807 3343 omnibus
828 3282 973 3362 perieulis
997 3299 1047 3341 oo-

124 3365 215 3442 gitat‚
248 3363 406 3440 quomodo
439 3384 473 3424 se
509 3367 692 3425 conservet?
726 3386 795 3429 oum
825 3385 884 3426 neo
914 3363 1049 3444 panionia

123 3448 203 3506 seire
225 3446 318 3506 lioeat
339 3466 395 3525 per
416 3466 585 3525 numerum,
609 3449 736 3509 etmille
749 3449 882 3528 undique
904 3449 1049 3526 ingruant

124 3548 224 3589 casus.
267 3529 431 3589 Praetereo
454 3530 602 3591 infantiae
619 3532 749 3612 tempus,
769 3532 919 3611 pueritiae
931 3536 962 3589 et
974 3530 1047 3588 alia·
1092 3601 1095 3607 .

123 3633 189 3672 rurn
220 3614 436 3690 mansionum,
469 3615 500 3672 in
535 3614 644 3692 quibus
672 3616 722 3675 vel
746 3616 836 3699 ¹levas
866 3632 971 3674 sumus
997 3611 1048 3671 val

161 3786 190 3847 ⁸)
208 3784 261 3833 Hie
276 3784 378 3835 laeana
394 3785 606 3849 observaturjn
627 3785 725 3842 eodioe
745 3783 832 3843 usu.
