2356 4200
67 3890 97 3936 k

532 70 538 103 l

186 304 250 373 182
440 305 635 363 Resolutionss
653 306 758 376 lilspnt
775 306 855 362 tusa
884 287 904 305 ³

184 476 357 557 putaverit,
378 473 458 536 bane
479 492 603 554 quoque
624 474 714 536 facile
734 473 881 550 admittit,
913 473 976 535 imo
998 487 1069 535 cum
1082 473 1113 534 in

186 559 277 621 coelo
299 557 460 619 credamus
484 576 614 637 regnare
634 575 755 637 pacem,
778 557 924 637 gaudium
946 563 978 617 et
998 556 1113 619 secun-

185 647 281 703 tstem
302 641 333 701 in
356 639 425 701 luce
446 639 523 719 Dei,
550 640 582 700 in
611 640 729 699 inferno
763 659 836 701 vero
864 646 972 700 contra
992 639 1114 700 saevire

186 723 445 804 desperationem,
468 721 624 801 dolorem,
647 729 677 782 et
698 722 872 795 horribilem
895 723 998 802 lugam
1017 722 1049 781 in
1072 729 1114 782 te

185 805 288 868 nebris
312 803 523 866 exterioribus.

270 888 482 967 Purgatorium
512 905 584 947 vero
614 887 653 946 sit
679 886 812 947 medium
841 889 919 948 inter
940 895 1113 966 utrunrque,

186 972 235 1032 sic
257 979 371 1048 tamen,
393 978 426 1031 ut
447 971 573 1051 propius
595 969 634 1028 sit
655 968 784 1049 inferno,
807 988 898 1048 quarn
914 968 1001 1031 caelo
1021 967 1114 1052 (quis

186 1073 248 1116 non
269 1052 384 1114 habent
405 1051 551 1132 gaudium
574 1058 604 1112 et
624 1071 749 1131 pacem,
779 1054 841 1114 imo
865 1053 937 1115 nihil
960 1051 998 1112 de
1020 1051 1112 1115 coelo

130 1194 142 1204 „
185 1137 384 1217 participant,
415 1153 484 1195 cum
517 1141 651 1216 ponatur
678 1154 746 1194 esse
779 1135 886 1196 eadem
917 1154 1112 1216 poenosum

185 1219 315 1296 inferno,
337 1218 404 1279 sola
427 1217 588 1278 duratione
610 1217 786 1294 differente]
810 1220 884 1279 eatis
907 1225 1006 1298 patet,
1028 1216 1113 1298 quod

187 1308 219 1363 et
240 1303 271 1362 in
292 1301 423 1381 ipso'sit
445 1299 630 1380 desperatio,
654 1301 736 1380 luga,
757 1301 874 1377 horror,
897 1309 927 1362 et
950 1301 1049 1363 dolor.

270 1383 332 1445 Sed
353 1382 456 1444 addidi
478 1401 575 1525 prope
606 1382 851 1463 desperationem
885 1385 1005 1462 dicens,
1040 1385 1114 1464 quia

188 1466 311 1527 tandem
334 1471 436 1527 cessat
456 1465 508 1526 illa
550 1467 713 1546 asperatio.
749 1467 892 1545 Alioquin
904 1487 1021 1546 revera,
1039 1467 1111 1529 dum

186 1554 235 1611 est
255 1550 284 1609 in
307 1548 375 1626 illo,
412 1549 514 1609 anima
542 1566 603 1607 non
627 1549 733 1628 sentit,
762 1551 818 1609 nisi
854 1551 1112 1631 desperationem,

188 1650 250 1691 non
273 1631 355 1710 quod
379 1631 530 1711 desperet,
553 1629 608 1691 sed
630 1631 713 1710 quod
735 1632 766 1691 in
789 1639 873 1693 lanta
896 1631 1113 1713 estperturba·

186 1715 281 1792 tione,
303 1721 333 1774 et
354 1713 535 1775 confusione
555 1714 690 1792 pavoris,
713 1721 818 1775 utnon
835 1717 947 1776 sentiat
959 1735 1028 1776 sese
1045 1734 1113 1797 spe

185 1816 263 1861 rare.
306 1795 396 1857 Solus
419 1795 547 1876 Spiritus
569 1795 694 1857 adiuvat
715 1797 757 1856 ibi
777 1817 868 1876 quam
885 1800 1018 1860 maxime
1031 1798 1112 1861 infir-

187 1880 323 1940 mitatem
346 1898 468 1956 eorum,
498 1878 662 1958 gemitibus
690 1880 944 1941 inenarrabilibus
976 1901 1032 1961 pro
1068 1883 1112 1944 eis

184 1960 440 2042 interpellans*).

268 2043 319 2105 Sic
342 2045 422 2105 enim
445 2043 478 2105 lit
500 2050 531 2103 et
552 2044 675 2105 tentatis
698 2045 728 2104 in
750 2045 896 2125 haesita,
917 2047 1112 2128 utnesciant,

185 2146 225 2188 sn
247 2135 373 2207 sperent
392 2127 442 2187 vel
464 2126 635 2205 desperent,
658 2127 720 2188 imo
742 2127 799 2188 sibi
821 2129 986 2210 desperare
1008 2130 1110 2192 viden·

185 2216 248 2284 tur,
280 2209 348 2271 solo
379 2210 541 2289 superstite
573 2210 688 2287 gemitu
717 2229 774 2289 pro
808 2213 932 2272 auxilio.
976 2213 1110 2293 Exque

186 2291 275 2370 signo
298 2311 360 2352 non
382 2293 460 2372 ipsi,
493 2290 546 2351 sed
575 2291 625 2351 alii
648 2293 820 2372 intelligunt
844 2314 898 2354 eos
921 2294 1022 2356 adbuc
1044 2316 1110 2377 spe·

184 2393 262 2435 rare.
306 2373 367 2434 Sed
399 2375 507 2435 omitto
540 2372 699 2435 verbosius
722 2375 759 2434 de
782 2396 819 2435 ea
840 2398 873 2437 re
894 2378 995 2456 loqui,
1030 2398 1111 2459 quae

186 2464 232 2516 est
253 2455 490 2532 abstrusissima,
513 2475 551 2516 ne
574 2457 693 2517 etmihi
711 2458 858 2520 obiiciant
872 2461 1007 2523 veniales
1019 2481 1111 2542 quae·

184 2546 292 2620 stores,
315 2539 398 2617 quod
420 2540 487 2598 sine
507 2538 691 2618 probatione
704 2540 820 2619 loquar,
838 2561 1023 2622 quamquam
1040 2565 1111 2619 non,

185 2628 218 2681 nt
238 2621 291 2696 illi,
313 2639 434 2698 assero,
459 2640 538 2699 quae
559 2623 685 2701 ignoro,
709 2623 762 2684 sed
787 2624 909 2704 disputo
932 2635 962 2687 et
984 2646 1110 2706 quaero,

185 2710 217 2765 et
245 2722 350 2764 eorum
383 2711 611 2784 praesumptam
645 2706 855 2767 certitudinem
880 2709 1014 2788 dubiam,
1049 2713 1110 2771 imo

184 2786 297 2848 nullam
320 2805 390 2846 esse
412 2785 576 2849 contenda.

462 2985 686 3047 Conclusio
709 2987 826 3049 XVII.

267 3107 482 3170 Necessarium
515 3112 650 3189 videtur,
679 3115 839 3176 animabus
871 3119 900 3176 in
931 3125 1110 3200 purgatorio

184 3192 263 3249 sicut
286 3192 379 3249 minui
402 3193 570 3271 horrorem,
593 3197 635 3256 ita
658 3205 688 3256 et
710 3201 814 3278 augeri
838 3203 1006 3263 caritatem.

267 3273 306 3332 Et
327 3272 404 3334 haec
427 3278 529 3336 nititur
550 3280 804 3356 praecedentibus
828 3283 920 3343 tribus
940 3286 1110 3349 conclusio·

183 3354 281 3416 nibus.
337 3355 398 3418 Sed
431 3367 531 3420 tamen
561 3360 752 3424 declaremus
779 3384 863 3444 earn,
894 3374 924 3427 et
957 3387 1109 3447 ponamus

186 3438 283 3512 (sicut
303 3442 475 3520 coepimus)
501 3443 670 3505 animarum
689 3446 901 3509 decedentium
915 3451 973 3510 tria
985 3472 1108 3531 genera.

265 3520 398 3582 Primum
422 3543 538 3603 earum,
564 3545 643 3606 quae
666 3537 736 3589 sunt
758 3530 818 3590 fide
841 3533 966 3603 omnino
990 3553 1108 3598 vacuae

187 3603 234 3677 (id
257 3613 304 3664 est
326 3604 519 3689 damnatae),
542 3609 596 3668 has
618 3630 746 3672 necesse
769 3622 814 3673 est
836 3616 864 3673 in
889 3624 987 3676 morte
1008 3620 1106 3700 excipi

241 3791 272 3860 ‘l
291 3792 372 3846 Rom.
393 3793 419 3848 8.
460 3795 506 3860 ⁶⁸)
525 3796 597 3850 Psal.
618 3793 677 3851 llo.
696 3797 738 3852 34.
