2356 4200
132 267 196 331 Ill
380 268 506 337 Ep'ntcla
523 267 557 321 D.
577 267 685 320 liertici
704 267 815 321 lothari

134 456 218 517 quer,
240 436 334 497 doleo
354 432 430 496 'totis
451 436 621 497 visceribus
639 435 806 496 hanc-rem
835 433 910 495 tidei
931 443 1050 497 nocuas

132 522 165 581 ln
186 519 319 580 eeclesia
333 538 395 580 non
418 517 651 581 solumdubism
665 526 698 579 et
716 519 868 598 ignotam,
890 518 945 579 sed
962 519 1049 579 etlam
1074 552 1082 571 a

132 603 241 665 falsam
263 604 373 682 putari
395 601 518 678 Verum,
542 604 658 682 optime
676 601 833 682 Princeps,
856 620 963 662 coram
986 602 1049 662 Dea

134 686 305 766 etrangelis
325 686 391 745 elus
414 691 584 764 protestor,
617 684 671 745 liat
691 684 732 745 de
752 685 816 745 alio
836 696 908 744 mea
921 703 1050 766 respon·

134 770 223 831 mone
243 767 388 847 quiequid
411 767 478 828 fieri
496 775 610 848 potest,
632 769 672 829 sit
692 767 780 845 falso,
800 769 843 828 sit
863 776 976 828 conos
996 766 1050 828 llx-

133 858 362 931 travagsntem,
383 851 423 911 sit
443 850 633 928 damnanda,
657 851 913 928 sitrevoodnda,
945 852 1050 912 faciem

133 936 184 997 hic
203 935 317 1013 omnia,
338 936 365 999 si
385 935 430 993 ita
451 941 604 1014 oporteat
634 933 723 995 Hanc
744 942 845 994 autern
869 935 1050 994 seutentiam

134 1018 267 1081 moriens
289 1014 472 1096 confitebor,
491 1024 525 1077 et
544 1018 649 1078 omnia
670 1017 775 1097 potius
794 1017 941 1097 negabo,
965 1034 1050 1096 quam

132 1101 216 1163 illam
237 1099 404 1162 resonabo.
429 1099 509 1160 Nam
535 1102 602 1161 sive
629 1101 738 1160 merita
759 1099 871 1175 Christi
901 1100 965 1160 sint
992 1099 1050 1159 the

133 1202 241 1245 taurus
264 1183 544 1263 Indulgentiarum,
573 1200 637 1243 non
668 1183 740 1244 ideo
766 1182 969 1263 indulgentiis
1002 1181 1050 1242 all·

133 1265 206 1346 quu'd
228 1266 363 1344 secedit,
379 1266 446 1326 sive
466 1284 528 1326 non
551 1266 623 1346 sint,
644 1266 719 1327 nihil
742 1266 813 1326 ideo
836 1265 971 1327 decedit.
992 1265 1050 1327 hle·

134 1359 207 1409 nent
228 1350 437 1429 indulgentiae
458 1348 490 1408 id
513 1348 595 1428 quod
618 1357 698 1429 sunt,
719 1367 906 1429 quomrnque
927 1348 1049 1410 tandem

133 1435 259 1494 nomiae
278 1433 470 1493 honorentur
491 1439 522 1492 et
542 1430 695 1493 inflentur,
720 1432 786 1492 Nee
807 1451 875 1492 sum
895 1431 971 1494 ideo
992 1451 1049 1492 ma

132 1515 388 1591 lusChristianuS,
410 1516 436 1574 si
457 1514 663 1595 indulgentias
686 1516 791 1594 nolim,
815 1515 970 1594 quasilla
989 1522 1050 1576 ton·

132 1606 199 1660 tum
214 1598 300 1659 eolss
322 1597 444 1659 extollit
470 1605 502 1659 et
522 1616 581 1678 pro
608 1599 653 1660 eis
674 1605 797 1681 pugnat.
841 1597 904 1659 Sed
925 1600 953 1660 si
975 1599 1050 1659 hanc

132 1681 204 1742 fidei
226 1682 409 1741 sententiam
432 1691 601 1760 mutavero,
623 1680 774 1742 Christum
799 1701 967 1762 negavero.
1003 1681 1051 1743 sic

133 1765 237 1844 sapio,
270 1766 316 1825 sic
337 1765 474 1844 sapiam,
503 1764 604 1825 donee
631 1766 785 1825 contraria
810 1766 967 1825 sententia
999 1783 1051 1845 per

132 1849 296 1928 scripturas
319 1847 408 1908 suerit
428 1847 568 1927 probata,
590 1853 622 1908 et
642 1847 793 1908 adductae
814 1866 870 1928 per
892 1867 944 1908 me
967 1853 1049 1909 anto·

131 1935 238 1993 ritates
259 1931 437 2010 dissolutae,
461 1929 544 2010 qnod
566 1931 704 1992 nondum
725 1931 926 2011 estfactum,
950 1950 1048 2013 neque

132 2013 186 2076 liet
209 2014 294 2085 (Deo
316 2013 470 2094 propitio)
496 2031 640 2092 unquam.

142 2144 145 2149 ,
212 2096 335 2158 Deinde
351 2097 423 2176 quia
443 2096 653 2183 indglgentiae
668 2095 834 2173 movebant
854 2097 940 2177 plus,
960 2117 1048 2177 qnam

129 2184 256 2252 materia
277 2180 333 2240 illa
353 2178 434 2257 fidei,
459 2181 537 2239 sicut
559 2187 592 2240 et
612 2181 732 2259 scribit,
755 2181 889 2240 maxime
914 2182 1045 2260 (inquit)

82 2318 85 2323 ,
128 2283 221 2344 super
241 2263 451 2342 indulgentiis,
474 2263 576 2323 attulit
596 2263 859 2344 llxtravagantem
882 2263 1048 2324 clamenus

129 2348 180 2408 Vl.
204 2354 312 2407 contra
333 2347 580 2425 propositionem
602 2366 700 2406 meam
724 2346 838 2425 LVIII,
865 2346 916 2407 ubi
940 2348 1048 2428 negari

130 2433 239 2492 merita
260 2429 444 2491 Sanctorum
466 2434 497 2489 et
518 2429 631 2489 Christi
659 2449 728 2490 esse
755 2430 934 2490 thesaurum
955 2429 1050 2490 indul·

129 2515 317 2594 gentiarum,
350 2513 429 2572 sicut
449 2511 551 2573 adhue
571 2531 668 2593 nego,
700 2513 809 2573 saltem
839 2520 872 2573 ut
894 2514 1050 2574 incentat

127 2606 239 2658 sonant
247 2595 350 2673 verba,
360 2601 630 2674 quantumcunque
640 2597 708 2676 ipse
720 2595 832 2656 claram
846 2605 1049 2676 apertamque

127 2682 220 2741 iactet
237 2679 516 2759 Extravagantem,
540 2698 599 2759 ego
623 2688 731 2740 contra
754 2679 936 2757 obscuram,
959 2679 1050 2740 embi-

128 2784 229 2844 guam,
251 2763 449 2844 impropriam
471 2761 562 2840 dico,
596 2764 673 2824 slent
699 2764 730 2823 in
753 2764 960 2843 responsione
984 2781 1051 2823 mea

128 2849 232 2926 priore
253 2852 347 2924 patet.
786 2856 790 2863 '

211 2927 303 3002 Quod
330 2934 441 2989 autem·
455 2929 487 2987 in
508 2927 605 2988 literis
627 2931 689 2988 suis
711 2927 830 3007 scribit,
862 2948 913 2989 me
935 2929 1050 2990 dixisse

128 3011 167 3071 ad
188 3011 452 3091 Extravagantem
481 3012 588 3072 neseio
610 3011 684 3090 quid
704 3012 858 3072 relatione
878 3012 1050 3093 indignum,

126 3093 187 3154 hoo
223 3101 367 3173 tanquam
390 3093 482 3154 Laieo
518 3093 632 3156 scribit.
666 3094 743 3155 lllud
778 3094 939 3176 indignum
975 3096 1050 3156 rela-

125 3177 210 3238 tione
245 3184 297 3252 (ut
323 3176 426 3237 odium
450 3176 535 3237 verbi
558 3176 640 3238 illius
661 3178 814 3256 revelem,
837 3184 869 3239 et
890 3186 1050 3258 appareat,

127 3280 166 3319 an
188 3261 249 3321 hoc
270 3262 311 3321 sit
333 3266 461 3340 paterne
473 3280 523 3320 rne
540 3266 716 3340 quaerere),
739 3261 799 3321 hoe
820 3263 887 3336 fnit,
910 3261 1049 3322 illustris-

126 3344 203 3404 sime
226 3344 380 3424 Princeps,
402 3343 487 3422 quod
509 3343 572 3403 dixi
593 3344 857 3426 Extraragantem
878 3347 965 3407 illam
988 3366 1049 3409 non

125 3427 200 3488 satis
231 3426 335 3486 velere
365 3434 474 3488 eontra
505 3446 607 3488 meam
634 3428 884 3505 conclusionem,
916 3434 1050 3490 maxime

125 3526 194 3568 eum
217 3515 360 3588 torqueat
380 3511 411 3570 in
432 3509 569 3571 alienum
589 3530 714 3572 sensum
729 3511 900 3592 Scripturas
925 3521 957 3574 et
977 3515 1049 3575 abc·

124 3597 206 3653 tatur
228 3593 281 3670 eis,
304 3593 364 3654 hoe
386 3593 530 3671 verbum,
553 3601 697 3675 torquere
720 3604 751 3656 et
773 3595 867 3672 abuti,
889 3599 968 3658 mire
990 3605 1049 3658 tor-

124 3674 238 3752 quebat
258 3675 416 3738 hominem
437 3677 592 3739 etadhuc
612 3686 745 3759 torquet,
768 3688 801 3740 ut
817 3679 963 3743 indicant
984 3681 1048 3741 lite·

123 3774 177 3819 rae
198 3759 273 3861 eius.
300 3758 407 3822 Voluit
427 3763 517 3841 enim.
530 3767 562 3824 et
585 3761 651 3823 vult
670 3761 766 3824 rerba
788 3762 925 3825 humana
947 3763 1048 3826 Ponti·
