2356 4200
123 256 186 326 208
372 259 568 316 Resolutlonaa
586 257 695 330 Disput.
715 259 794 317 Lutla

210 432 305 513 Igitur
327 433 540 513 argumentum
561 432 615 492 vix
636 432 736 513 potuit
757 430 912 493 robustius
924 429 1051 510 firmari,

127 534 219 595 quam
242 515 295 576 tali
318 516 481 579 solutione.
505 514 685 590 Quaerimus
701 517 793 589 enim,
817 514 898 594 quod
924 514 1050 575 taudem

126 618 240 661 nornen
261 600 318 659 crit
337 599 426 659 huius
448 618 560 659 caueae
592 597 807 659 rationabilis?
840 597 974 659 Constat
1000 617 1051 659 au·

125 691 207 760 tem,
239 681 321 761 quod
344 682 394 742 vel
416 701 473 762 pro
496 681 578 743 bello
602 689 711 743 contra
730 679 889 759 infideles,
918 679 970 741 vel
994 699 1051 762 pro

125 772 276 827 structura
298 783 386 825 sacra
411 771 464 825 aut
486 766 642 829 communi
665 765 765 825 aliave
787 765 975 825 necessitate
998 763 1052 824 hu-

126 850 174 911 ius
196 849 278 908 vitae
298 846 508 929 indulgentiae
529 848 691 911 donantur.
735 845 795 909 sed
822 847 908 907 nulla
928 846 1053 907 illarum

128 939 215 993 tanta
236 937 303 1008 est,
340 932 411 1010 quin
434 930 714 1012 incomparabiliter
733 931 832 992 maior
858 931 898 991 sit
928 931 1054 1009 caritas,

127 1015 235 1077 iustior
266 1021 298 1073 et
328 1013 548 1075 rationabilior.
591 1013 622 1074 Si
657 1015 761 1093 itaque
791 1014 906 1075 iustitia
945 1012 1054 1075 diviua

127 1118 191 1160 uon
214 1095 397 1174 offenditur,
421 1097 446 1157 si
468 1104 595 1178 propter
617 1116 748 1178 corpora
768 1094 926 1172 fidelium,
948 1103 983 1157 ct
1002 1115 1053 1177 reo

126 1200 234 1243 eorum
257 1178 385 1240 tuendas
410 1178 459 1257 ¹),
481 1189 534 1239 aut
554 1198 610 1260 pro
635 1188 681 1240 ter
701 1180 883 1239 inanimatas
907 1179 1053 1258 fabricas,

128 1272 182 1326 aut
198 1282 292 1323 usum
320 1261 408 1322 huius
442 1200 646 1342 corruptibilis
668 1263 750 1323 vitoe
771 1261 985 1323 brevissimum
1008 1281 1053 1325 re·

129 1349 287 1408 mittuntur
314 1351 382 1424 tot,
423 1356 498 1424 quot
539 1344 670 1406 volucrit
715 1345 853 1421 (etiamsi
882 1364 994 1406 omnes
1022 1347 1053 1407 iu

129 1448 167 1490 eo
202 1447 328 1490 numero
363 1427 620 1508 comprehendis,
657 1435 690 1489 ut
717 1429 762 1489 sic
793 1429 885 1489 etiam
922 1446 1054 1490 evacue-

128 1518 176 1573 tur
196 1512 448 1593 purgatorium),
472 1513 700 1592 quantomagis
723 1531 785 1572 non
808 1509 992 1589 offenditur,
1027 1510 1055 1575 ei

127 1615 184 1678 pro
207 1599 314 1655 sancta
347 1594 473 1654 caritate
500 1592 686 1655 redimantur
710 1594 838 1654 omncs?
880 1593 947 1665 Nisi
972 1593 1055 1657 forte

128 1678 243 1739 iustitia
264 1677 451 1738 divinatam
474 1684 522 1737 cst
542 1678 660 1757 iniqua,
695 1682 748 1737 aut
765 1676 843 1738 forte
872 1675 1055 1739 melancho-

129 1761 206 1840 lica,
242 1768 275 1821 ut
307 1759 375 1840 plus
397 1761 500 1845 lavent
527 1761 647 1821 caritati
674 1760 705 1820 in
739 1779 871 1839 corpora
896 1768 930 1822 et
960 1779 1056 1841 petor

129 1844 195 1904 nias
217 1844 405 1922 viventium,
437 1862 528 1922 quam
561 1843 591 1903 in
620 1844 739 1904 animas
768 1852 829 1902 tam
853 1861 969 1924 egenas
1003 1862 1055 1903 ex·

130 1928 253 1988 hibitus.
295 1927 429 1987 Maxime
458 1945 526 1986 cum
549 1933 704 1987 tantares
726 1926 767 1987 sit
789 1944 968 1987 succurrere
991 1926 1055 1986 ani·

130 2010 252 2088 mabus,
289 2016 322 2070 ut
348 2007 455 2069 fideles
477 2008 611 2070 debeant
641 2008 733 2070 malle
754 2010 868 2071 servire
889 2007 1001 2069 Turcia
1024 2015 1056 2071 et

131 2094 332 2174 corporaliter
354 2091 468 2169 occidi,
498 2111 590 2171 quam
623 2093 741 2152 animas
773 2111 835 2153 uon
857 2090 978 2153 redimi.
1023 2090 1056 2153 si

131 2195 205 2258 ergo
227 2182 354 2256 propter
375 2174 423 2249 id,
446 2175 527 2253 quod
551 2176 650 2235 minus
674 2185 729 2252 est,
750 2173 895 2252 infinitas,
919 2181 951 2235 et
972 2174 1055 2237 forte

131 2279 187 2340 per
207 2258 268 2319 hoc
288 2260 386 2338 ipsum
411 2276 518 2318 omues
541 2257 685 2337 redimet,
713 2278 765 2318 cur
787 2278 848 2319 uon
872 2266 903 2319 et
923 2265 1056 2339 proptor

131 2341 173 2421 id,
197 2341 279 2421 quod
303 2342 467 2401 maximum
491 2350 547 2418 est,
569 2341 600 2400 id
624 2350 679 2418 cst,
702 2340 882 2402 caritatem?
923 2339 983 2400 Hic
1012 2348 1055 2401 tc·

133 2445 202 2485 meu
231 2445 290 2505 ego
314 2425 373 2484 illio
403 2425 545 2504 angustia
576 2425 688 2485 clausis
721 2425 881 2485 consilium
905 2423 1055 2498 dederim,

132 2517 165 2569 ut
186 2509 290 2569 dicant
311 2527 434 2568 caueam
461 2506 674 2567 rationabilem
706 2508 820 2567 nullam
849 2526 918 2567 esse
950 2525 1055 2587 posse,

132 2600 165 2653 ut
192 2594 237 2652 sic
261 2610 369 2651 secure
398 2590 558 2649 elabantur
579 2590 650 2650 huic
677 2591 852 2652 obiectioni.
896 2590 937 2649 nt
962 2591 1009 2650 ita
1030 2590 1055 2650 si

131 2694 213 2756 papa
234 2675 334 2754 possit
367 2673 468 2752 quood
503 2693 551 2749 se,
579 2692 640 2734 uon
670 2680 771 2733 tamen
806 2680 910 2754 potest
951 2671 1054 2753 quoad

68 2828 70 2831 ⁸
133 2776 267 2833 causam,
290 2775 368 2836 quae
390 2775 539 2816 essenon
563 2763 675 2836 potest.

215 2839 368 2915 Secundo,
390 2841 456 2919 ipse
472 2840 566 2921 xstilus
578 2859 678 2919 papae
700 2837 780 2898 idem
803 2838 923 2917 probat,
946 2839 1053 2917 inquo

133 2924 243 2984 dicitur
264 2923 304 2983 de
325 2923 467 2982 iniunctis
484 2923 691 3002 poenitentiis.
715 2921 908 2983 Manifestum
932 2932 982 2982 est
1004 2940 1056 2981 au·

134 3015 205 3085 tem,
219 3006 301 3087 quod
315 3013 431 3065 tontum
447 3004 552 3081 donat,
575 3015 719 3084 quantum
735 3012 835 3081 sonat,
858 3014 889 3063 et
900 3024 940 3064 eo
960 3003 1054 3064 ruodo

133 3090 245 3165 donat,
273 3106 335 3167 quo
356 3097 470 3166 sonat,
499 3096 532 3147 ut
552 3090 596 3148 sic
617 3089 781 3167 episcopus
803 3089 853 3164 40,
876 3087 968 3147 Gard.
995 3091 1054 3152 100

134 3173 199 3233 dies
214 3173 254 3233 dc
267 3171 410 3232 iniunctis
427 3171 633 3250 poenitentiis,
656 3172 698 3230 ito
709 3189 791 3249 papa
805 3189 930 3249 prorsus
945 3188 1054 3231 omnes

132 3256 270 3336 plenarie
292 3254 357 3314 dieo
380 3254 418 3313 de
440 3252 555 3314 eisdem
577 3255 718 3313 iniunctis
740 3252 875 3332 relaxat,
908 3252 964 3313 sed
987 3271 1055 3333 pur·

133 3339 246 3421 gctorii
267 3357 385 3418 poenas
408 3337 491 3396 nulla
512 3336 607 3396 clavis
628 3336 767 3399 iniunxit.

216 3422 274 3482 Hic
300 3439 373 3480 vero
402 3419 498 3479 bellus
528 3419 650 3498 quidam
673 3419 843 3479 somniator
869 3418 914 3477 sic
936 3417 1055 3478 fabula·

135 3512 197 3566 tur:
233 3503 363 3579 Quando
385 3522 468 3583 popa
490 3502 586 3562 dicit:
614 3503 732 3588 Damus
759 3500 969 3581 indulgentias
991 3518 1054 3561 om-

189 3682 219 3752 l)
240 3685 271 3737 ln
290 3683 332 3736 ed.
351 3684 453 3750 princ:
473 3679 584 3734 tuenda.
