2356 4200
36 322 38 326 ,
123 270 186 340 126
468 275 616 328 Sermones
633 274 744 328 lutheri

123 445 201 506 haee
222 444 362 505 videntes
385 463 446 504 uon
468 444 623 522 videmus,
644 462 724 523 quae
746 444 828 504 eninr
850 445 984 505 crassior
999 444 1042 524 ig·

123 531 273 608 notantia,
296 548 387 608 quarn
407 530 439 587 in
461 529 564 589 multis
587 529 673 588 seire
687 547 721 587 ιι
740 528 806 587 Deo
835 529 1044 606 commissum,

124 617 155 672 et
175 614 207 671 in
230 613 336 692 paneis
358 612 543 692 desperare?
574 611 648 672 Ideo
676 611 767 689 dicit,
796 611 927 690 primum
949 629 1042 691 quae·

122 696 181 755 rite
201 715 329 776 reguum
351 696 410 754 Dei
432 703 463 755 et
484 696 628 755 iustitiam
660 695 739 770 eins,
769 693 830 754 hoe
858 700 921 773 est,
955 701 990 755 ιιι
1011 695 1041 753 ιιι

123 797 220 858 reguo
244 779 307 838 eius
336 779 401 838 sitis
432 786 464 838 et
491 779 562 838 iusti
584 797 689 838 eoram
709 777 780 856 illo,
814 778 929 838 iustitia
960 779 1043 838 enim

123 862 182 921 Dei
205 869 261 941 est,
284 861 407 941 quando
429 862 502 920 iusti
523 880 627 921 sumus
656 881 695 920 ex
716 861 784 920 Deo
806 859 990 922 iustificante
1012 867 1045 920 et

122 946 303 1042 imputante,
327 964 405 1023 quae
418 946 504 1004 instit
505 946 535 1004 ia
555 963 619 1004 non
632 946 773 1004 consistit
787 946 818 1003 in
840 945 994 1025 operibus,
1004 943 1040 1018 ⁸)

124 1029 214 1088 sed
206 1049 237 1088 rn
266 1027 343 1105 fide,
379 1047 451 1108 spe,
484 1028 621 1088 earit.ate
669 1027 739 1088 Non
768 1029 849 1088 enim
882 1028 932 1107 qui
962 1029 1044 1087 iusto

18 1120 20 1132 '
125 1119 268 1192 operatur
288 1113 384 1171 iustus
407 1119 463 1187 est,
485 1111 627 1171 ιιιΑιιιι
629 1111 727 1170 οιιιιι
749 1113 811 1186 ait,
838 1129 939 1189 neque
970 1129 1042 1190 ope

123 1194 220 1256 raudo
241 1196 322 1255 iusta
343 1201 375 1254 et
395 1194 523 1254 dicimur
540 1195 624 1272 iusti,
656 1193 711 1254 sed
734 1155 888 1254 eredendo
923 1200 954 1253 et
975 1212 1043 1273 spe

123 1277 261 1338 raudo
253 1297 284 1337 m
312 1278 422 1337 Deum.
465 1277 533 1337 Hoc
568 1283 616 1337 est
648 1276 731 1355 quod
761 1278 878 1356 passim
913 1276 1043 1336 dicimus

123 1363 364 1442 resignationem
397 1366 429 1421 et
456 1360 695 1440 abnegationem
729 1362 785 1420 sui.
827 1360 927 1420 Nemo
960 1361 1044 1419 enim

44 1440 52 1451 ’
124 1463 193 1508 ιιιι
214 1446 352 1524 resignat
340 1445 430 1504 ntisi
453 1444 504 1523 qui
532 1443 629 1504 eredit
651 1449 682 1504 et
709 1450 813 1523 sperat
840 1462 877 1503 ae
906 1449 988 1503 totus
1010 1443 1042 1502 iu

124 1528 225 1588 Deum
234 1526 370 1588 eoufidrt
393 1525 815 1606 ProindedefinrtroMagrstrr
824 1527 1044 1586 sententiarum

125 1611 164 1671 de
186 1630 257 1754 spe,
290 1611 372 1689 quod
401 1611 441 1670 sit
463 1616 548 1670 eerta
569 1611 760 1690 exspectatio
783 1609 980 1671 beatitudinis
1003 1628 1043 1669 ex

124 1695 201 1754 meri
203 1696 241 1754 tis
263 1695 459 1774 proveniens,
481 1712 544 1752 non
567 1693 664 1753 solum
689 1691 821 1752 obseura
839 1700 903 1771 est,
936 1691 1044 1757 sedet

125 1797 144 1838 a
164 1777 303 1858 plurimrs
324 1777 517 1836 falsissime
508 1782 554 1836 rnt
542 1776 676 1836 tel.leeta
703 1775 857 1855 Numquid
880 1777 961 1836 euim
983 1776 1043 1836 boe

125 1860 320 1921 sentiendum
347 1867 408 1939 est,
441 1859 524 1937 quod
556 1858 627 1920 ideo
663 1860 848 1939 sperandum
877 1861 937 1937 sit,
970 1860 1044 1938 quia

125 1944 234 2003 merita
255 1942 426 2004 habentur?
449 1943 571 2003 Sieeine
591 1942 772 2022 intelligitur
793 1962 863 2022 spes
885 1943 917 2003 in
933 1942 1044 2021 Deum,

125 2032 158 2086 ut
179 2045 242 2086 non
263 2028 295 2086 in
317 2027 472 2086 anteriora
493 2025 690 2104 extendatur,
725 2025 756 2086 id
785 2033 845 2105 est,
867 2027 910 2085 ,ιιι
932 2027 1043 2102 Deum,

97 2160 103 2166 .
126 2109 180 2170 sed
201 2111 232 2169 in
246 2117 373 2190 tergum,
396 2110 633 2188 retrospiciatur,
655 2109 761 2188 idest,
783 2110 945 2187 inmerito,
963 2127 1044 2188 quae

125 2193 385 2273 praecesserunt?
416 2192 525 2251 Nullus
548 2199 667 2272 sperat,
697 2194 748 2271 qui
770 2194 815 2252 sio
837 2200 949 2273 sperat,
979 2193 1042 2251 imo

124 2278 293 2356 praesumit
314 2283 345 2336 et
366 2275 482 2337 idolum
505 2295 627 2336 suorum
646 2278 822 2336 meritorum
840 2276 924 2337 eolit.
948 2275 1045 2355 lgitur

126 2360 165 2420 ad
186 2358 263 2419 illud
286 2379 401 2437 eamus,
423 2359 505 2418 unde
527 2366 559 2420 ιι
574 2359 722 2439 Magister
743 2360 845 2420 hausit
866 2360 947 2421 haue
968 2357 1042 2419 deti·

125 2444 285 2520 uitionem,
317 2461 429 2522 nempe
456 2461 496 2502 ex
524 2443 668 2521 apostolo
690 2443 780 2504 Rom.
808 2448 842 2507 5:
872 2442 1042 2502 Tribulatio

127 2527 309 2606 patientiam
331 2532 483 2605 operatur,
505 2526 655 2604 patientia
675 2523 900 2605 probationem,
933 2524 1042 2605 proba

125 2610 169 2669 tio
192 2628 266 2669 vero
289 2627 386 2689 spem,
409 2627 479 2688 spes
502 2628 660 2669 veronen
687 2608 856 2671 confundit.
891 2609 949 2668 Hie
970 2626 1044 2688 epo·

126 2692 224 2753 stolus
247 2692 392 2772 numquid
415 2692 490 2770 vult,
512 2699 545 2752 ut
565 2694 597 2752 in
618 2692 805 2772 probatione
824 2693 975 2773 patientia
995 2693 1045 2752 tri-

125 2774 299 2838 bulationis·
315 2777 475 2855 speretur?
513 2775 588 2850 Quis
609 2777 653 2836 ita
675 2776 817 2856 desipiat,
841 2776 926 2835 utin
949 2776 1042 2836 tribu·

125 2858 274 2921 lationem
295 2858 479 2939 sperandam
500 2859 632 2919 doceat?
674 2860 705 2920 Si
737 2860 853 2920 nonin
875 2859 1043 2918 tribulatio·

125 2961 175 3022 ne,
198 2962 273 3025 ergo
296 2961 355 3002 nee
376 2944 406 3002 in
429 2943 586 3022 patientia,
607 2961 667 3002 neo
687 2944 719 3002 in
740 2941 941 3022 probatione,
972 2943 1045 3020 quia

125 3025 173 3086 his
207 3026 349 3088 omnibus
388 3026 558 3105 aequaliter
596 3025 719 3104 tribuit,
758 3025 841 3104 quod
879 3036 1045 3108 operentur

124 3128 223 3189 spem.
266 3110 316 3168 An
338 3110 370 3168 in
392 3109 487 3170 verbo
511 3118 666 3190 operatur,
688 3109 794 3169 illusus
818 3114 865 3168 est
886 3112 1043 3191 Magister,
1096 3113 1099 3122 '

125 3194 175 3253 vel
207 3195 310 3274 potius
345 3193 396 3271 qui
420 3212 489 3254 eum
512 3200 680 3272 sequuntur
711 3193 790 3253 false
823 3194 1043 3275 intelligentes,

70 3318 77 3327 ,
125 3294 193 3335 eum
227 3277 309 3337 idem
342 3277 410 3356 ipse
436 3295 491 3356 per
522 3277 598 3337 illud
625 3278 819 3358 participium
846 3281 1043 3359 proveniens,

125 3360 209 3438 quod
231 3359 390 3440 apostolus
413 3380 469 3440 per
490 3360 618 3421 verbum
632 3367 786 3441 operatur,
811 3363 886 3421 velit
900 3362 1042 3442 intelligi.

125 3442 203 3524 Spes
226 3445 344 3504 scilieet
364 3443 398 3503 fit
417 3463 457 3504 ex
479 3445 594 3504 meritis
615 3445 635 3506 i.
659 3464 686 3506 e.
709 3444 853 3526 operibus
876 3451 908 3505 et
925 3448 1043 3526 passio·

179 3652 350 3723 >Egregie
375 3653 512 3704 consessio
536 3650 679 3704 doetrinae
703 3649 736 3704 de
758 3653 967 3724 iustificatione,
996 3660 1044 3713 sed

124 3723 250 3852 ppudutgr
274 3725 308 3780 ab
335 3725 411 3775 omni
440 3724 603 3777 confusione
631 3738 692 3776 cnm
716 3725 830 3778 articulo
855 3697 1045 3794 renovaliouis

134 3812 212 3851 rere
