2356 4200
132 238 196 305 416
373 240 500 309 Epistola
517 239 550 294 D.
570 240 677 294 liertini
695 239 806 294 Lutheri

132 408 303 471 Decretalis
326 408 449 486 dixero,
477 409 557 471 hanc
578 409 762 471 contrariam
789 409 1048 490 propositionem:

133 490 345 553 Sacerdotium
357 491 468 553 Christi
481 511 550 553 cum
571 494 612 554 sit
632 498 801 571 aeternum,
823 511 888 553 non
900 497 948 552 εει
960 498 1048 553 nans·

132 574 227 636 latum
256 575 287 635 in
310 573 342 637 S.
363 574 495 637 Petrum.
538 574 601 636 Aut
628 574 720 637 etiem
742 572 792 635 hic
821 594 872 635 me
894 579 987 656 coget
1009 593 1050 634 re-

132 656 310 722 verendissi.
338 657 487 719 Dominus
508 657 651 740 Legatos,
672 664 706 718 ut
726 676 830 718 verum
849 677 977 719 sensum
998 675 1045 719 ne-

7 736 14 751 ‘
132 759 203 821 gem
237 745 268 802 et
289 740 459 803 Decretalis
481 759 604 802 sensum
627 739 725 802 solum
749 739 939 821 amplectar?
967 738 1051 801 Talia

133 830 204 885 sunt
224 824 256 884 in
276 824 342 885 iure
364 822 525 885 Canonico
547 823 659 900 multa,
682 823 790 903 quihus
815 825 867 902 (ut
888 843 959 884 cum
980 820 1051 883 fldu·

132 907 181 1053 ἕίοε
210 907 333 987 loquar)
365 908 390 967 si
418 927 480 969 non
509 902 667 988 corrupta,
696 913 778 968 certe
808 906 976 968 obscurata
1008 912 1052 967 est

172 991 303 1051 ritura„

196 1009 289 1133 p‘l'ale
312 1071 383 1153 quid
413 1079 445 1134 et
473 1074 504 1133 in
525 1073 788 1153 Extravagantem
818 1092 837 1132 a
867 1072 1051 1133 melacium

133 1162 194 1236 est,
222 1175 294 1217 nam
316 1156 518 1217 certissimum
542 1161 590 1216 est
610 1156 718 1216 merita
740 1153 851 1216 christi
873 1174 938 1216 non
961 1172 1052 1236 posse

132 1257 189 1320 per
209 1238 365 1301 hominem
388 1237 569 1318 dispensari.
603 1237 723 1299 Deinde
745 1238 836 1299 etiam
859 1239 929 1319 ipsa
951 1236 1051 1319 potiris

132 1322 305 1403 imponunt,
328 1340 418 1400 quem
440 1321 582 1383 relaxant
603 1322 687 1383 bona
708 1339 803 1403 opera
825 1319 929 1401 (quod
942 1327 992 1382 εει
1010 1321 1051 1381 in·

132 1403 305 1486 dulgentiam
328 1403 414 1486 esse)
437 1405 665 1485 poenitentiae,
695 1411 729 1464 ut
750 1403 856 1467 Petrus
879 1411 989 1485 aperte
1011 1400 1051 1463 di·

132 1489 181 1549 cit:
200 1487 336 1548 Christus
358 1506 414 1567 pro
437 1487 526 1549 nobis
548 1505 657 1568 pessus
679 1493 741 1566 est,
764 1486 853 1549 vobis
874 1486 1050 1569 relinquens

132 1570 318 1651 exemplum,
340 1577 373 1631 ut
394 1571 564 1651 sequamini
574 1571 706 1653 vestigia
722 1571 796 1634 eius.
817 1568 889 1631 Non
910 1569 965 1648 eit,
985 1586 1050 1651 pas

132 1672 196 1717 sus,
208 1659 255 1713 est
275 1672 332 1734 pro
354 1653 464 1732 vohis,
487 1673 527 1717 ne
547 1673 604 1715 vos
625 1652 829 1734 pateremini,
862 1658 916 1713 aut
942 1658 977 1715 nt
995 1670 1051 1715 uos

131 1735 356 1815 relaxaremini,
379 1735 434 1798 sed
456 1737 631 1817 exemplum
653 1735 776 1817 reliquit
798 1734 967 1816 sequendi,
988 1753 1049 1797 non

130 1817 253 1899 reliquit
275 1818 451 1880 thesaurum
474 1817 636 1881 omittendi
658 1825 716 1880 eto.

213 1902 299 1964 llaec
331 1909 379 1963 εει
409 1903 491 1971 enirn
525 1896 649 1984 propiis
673 1899 709 1988 ⁴²)
742 1903 837 1963 virtus
872 1901 1049 1964 meritorum

132 1983 253 2065 Christi,
274 2005 394 2047 armare
406 1985 445 2047 ad
464 2003 552 2066 opus,
575 2004 638 2047 non
649 2003 767 2066 ponere
787 1984 932 2065 cervical,
954 1991 986 2046 et
998 2002 1050 2065 po

132 2088 206 2130 nere
226 2069 369 2150 pulvinos
392 2067 447 2130 sub
470 2067 578 2129 cubitis
601 2076 631 2130 et
652 2068 818 2149 capitibus,
850 2075 884 2129 nt
918 2070 964 2128 ait
983 2086 1050 2149 pro

129 2152 223 2232 pheta
251 2151 407 2214 Ezechiel.
444 2152 518 2213 ldeo
542 2150 650 2213 contr'a
677 2151 961 2233 Extravugantem,
989 2151 1049 2212 iuno

128 2242 237 2296 contra
266 2234 378 2295 malurn
408 2236 472 2295 eins
501 2234 690 2296 intellectum
713 2235 864 2316 opposui,
895 2242 929 2296 et
949 2233 1049 2295 adbuc

129 2337 265 2399 oppono.
298 2317 364 2378 Neo
384 2323 432 2378 est
451 2319 512 2378 ista
539 2319 709 2379 communis
744 2318 895 2379 ecclesiae
921 2335 1048 2380 cousue-

129 2401 214 2482 tudo,
237 2419 327 2482 quarn
349 2402 452 2480 iactat,
474 2399 529 2461 sed
551 2402 724 2481 corruptela
747 2401 915 2480 etubusus‚
940 2407 1046 2463 contra

19 2542 28 2553 .
129 2484 304 2566 Scripturae
328 2486 486 2546 veritatem
510 2483 652 2546 militans.

210 2569 302 2650 igitur
323 2569 467 2649 permitto
478 2567 741 2648 Extravegantem
763 2585 832 2627 esse
853 2585 970 2643 veram,
994 2564 1046 2627 sed

128 2671 209 2735 nego
231 2671 354 2712 sensum
377 2649 443 2712 eius
456 2670 534 2728 esse,
557 2670 646 2730 quem
662 2650 796 2711 adducta
807 2649 901 2710 verba
915 2648 1047 2730 Scriptu-

126 2755 180 2798 rae
208 2735 323 2797 habent
355 2736 386 2795 in
409 2753 464 2795 sno
487 2733 579 2814 loco,
607 2734 686 2814 quae
716 2733 811 2795 verba
836 2734 944 2812 utique
976 2751 1047 2794 vera

126 2819 248 2879 fuerunt
268 2818 336 2898 plns
359 2836 450 2897 quum
462 2837 527 2898 per
549 2816 711 2879 duodecim
731 2835 880 2877 annornm
904 2821 1046 2876 centena

126 2902 172 2960 ria
193 2907 265 2961 unte
286 2902 535 2963 constitutionem
556 2900 646 2961 huius
666 2899 915 2980 Extravsgantis.
938 2898 1045 2979 Neque

127 2981 165 3043 eb
187 2982 432 3065 Extravagante,
454 2984 504 3045 vel
526 3003 545 3043 a
566 2990 705 3064 ternpore
727 2984 792 3043 cius
814 2983 947 3062 primum
970 2983 1046 3044 veri·

125 3071 219 3127 tatem
241 3075 435 3147 acceperunt.
466 3067 545 3128 Nam
568 3068 594 3127 si
616 3068 676 3128 ista
697 3066 792 3127 verbe
812 3066 987 3145 scripturae
1008 3065 1046 3126 de

124 3148 323 3230 indulgentiis
336 3149 449 3211 debent
458 3149 588 3231 intelligi
608 3151 734 3230 proprio
747 3156 778 3210 et
789 3149 927 3230 genuino
944 3167 1045 3220 sensu,

124 3233 184 3293 iam
208 3240 338 3313 possent
361 3251 399 3293 ex
422 3253 509 3294 sacra
531 3232 686 3314 Scriptura
708 3231 829 3314 probari
863 3237 896 3291 et
918 3230 1045 3293 demon-

125 3319 213 3377 strari
233 3315 457 3397 indulgentiae,
489 3316 571 3397 quod
592 3316 633 3379 ad
654 3336 745 3377 unum
770 3333 878 3376 omnes
901 3322 1045 3377 constan·

124 3400 240 3469 tissime
263 3407 387 3480 negent.

206 3483 300 3564 Igitur
321 3483 394 3544 volo
419 3488 579 3564 utrumqne
601 3501 744 3561 servare,
766 3488 798 3542 et
818 3479 931 3543 dicitur
953 3481 1043 3545 mihi:

123 3567 187 3627 lmo
209 3567 301 3626 istum
324 3567 462 3648 (scilicet
480 3568 619 3648 peiorem
641 3563 783 3648 sensum)
798 3563 949 3645 servabis,
971 3566 1043 3627 alte-

177 3757 208 3827 ·)
227 3759 300 3814 Edit
317 3759 394 3815 Jen.:
412 3763 532 3830 proprie.
