2356 4200
379 309 414 364 dc
431 310 534 363 virtute·
545 298 796 378 indulgenuarnmll
978 302 1041 371 ‘2¹55

123 478 289 558 propitiatu
312 478 374 538 noli
396 478 462 538 sine
484 483 566 537 metu
589 494 671 539 esse.¹
709 478 749 538 ut
770 479 893 538 iterum:
919 477 1040 538 Delicta

124 561 193 639 quis
213 559 375 638 intelligit?
418 563 458 620 At
477 560 721 643 inquiuntrllon
744 560 877 620 tollimus
899 561 1040 621 timorem

123 643 190 703 Dei.
235 641 266 703 Si
286 651 389 722 potest
418 645 563 703 securitas
593 663 648 724 per
674 645 781 704 venias
809 650 890 703 stare
917 661 984 702 cum
1008 645 1041 702 ti-

124 725 307 804 mcrchei‚
339 745 410 786 vere
442 726 647 805 sustollitis,
675 725 730 786 sed
752 726 884 806 populus
906 728 1041 806 acceptis

123 808 234 889 literis,
262 827 330 868 cum
348 816 439 869 tanto
462 810 624 877 iuramenti
637 810 727 886 ‚hiatu
749 807 984 888 commendatis,
1016 811 1042 868 si

124 892 220 966 timet,
242 891 323 970 quod
347 911 408 951 non
432 891 585 952 sufficiunt
606 891 712 953 literae
734 910 836 953 coram
860 892 946 967 Deo,
967 911 1041 970 quo·

125 973 219 1034 modo
247 976 304 1034 erit
332 993 405 1034 vera
430 975 484 1035 illa
504 976 640 1054 gloriosa
661 975 831 1034 securitatis
853 975 1041 1056 promissio?

125 1056 177 1117 Sin
201 1055 327 1116 confidit
349 1056 503 1135 sufficere,
525 1057 682 1136 quomodo
703 1056 840 1117 timebit?
873 1056 982 1117 Infelix
1004 1059 1044 1118 slt

126 1141 226 1199 omnis
247 1139 298 1199 llle
321 1158 421 1200 sermo
449 1142 480 1200 iu
503 1141 760 1220 aeternum‚'qul'
786 1142 978 1200 securitatem
1012 1147 1043 1201 et

125 1222 268 1282 fiduciam
290 1222 398 1283 suadet
418 1223 447 1281 in
472 1230 523 1283 aut
544 1242 599 1302 per
620 1236 684 1283 tem
697 1233 911 1303 quamcunque
923 1229 1045 1303 praeter

126 1304 239 1364 nudam
263 1305 501 1366 misericordiam
523 1305 590 1384 Dei,
606 1319 692 1384 'quae
714 1305 850 1367 Christus
873 1312 928 1367 est.
971 1305 1042 1368 Om-

125 1406 180 1446 nes
202 1389 299 1447 sancti
320 1406 383 1447 non
408 1387 507 1449 solum
528 1389 643 1467 timent,
668 1387 721 1448 sed
740 1391 831 1448 etiam
845 1389 1042 1470 desperantes

126 1469 232 1530 dicunt
242 1471 297 1548 *):
340 1471 409 1530 Non
431 1471 524 1530 intres
547 1471 577 1530 in
599 1470 743 1531 iudicium
765 1490 833 1531 cum
863 1488 951 1533 servo
979 1480 1041 1551 tuo,

126 1553 267 1613 coroner
310 1552 349 1612 Et
377 1561 408 1612 tu
431 1572 485 1613 ecs
507 1572 562 1633 per
588 1553 690 1615 literas
720 1570 845 1627 securos
873 1555 1042 1616 introducis

125 1638 156 1694 in
180 1636 323 1697 iudicium
346 1638 434 1697 etus:
463 1636 552 1696 Unde
584 1655 643 1717 ego
663 1636 747 1696 illam
768 1635 918 1716 subulam,
950 1652 1041 1719 quarn

126 1716 249 1798 quidam
271 1719 302 1777 in
324 1723 387 1778 tarn
409 1718 537 1779 effrenes
559 1718 710 1780 mendacii
732 1720 867 1800 gurgites
879 1716 1043 1799 fluxerunt,

125 1801 339 1861 corvariam
361 1803 480 1880 penitus
504 1820 631 1883 vacuam
654 1802 763 1881 credo,
785 1803 902 1864 scilicet
922 1806 1048 1865 venisse¹

127 1883 279 1964 quendam
302 1891 453 1944 mortuum
480 1886 664 1945 cum'literis
697 1886 853 1945 veniarum
887 1885 928 1946 ed
954 1886 1044 1949 inler-

127 1986 210 2045 num,
231 1985 286 2046 per
307 1961 422 2045 easque
434 1969 567 2047 petiisse
585 1967 765 2049 libertatem,
789 1975 860 2028 tunc
873 1971 1046 2031 occurrisse

127 2049 325 2126 daemonem,
354 2051 404 2128 qui
436 2049 541 2130 legens
569 2052 648 2111 inter
676 2069 784 2111 manus
809 2032 1043 2135 (praeservare

125 2133 238 2212 igniet
255 2151 354 2192 ceram
386 2139 417 2192 et
450 2144 602 2214 papyrum
631 2134 838 2214 consumpsit,
861 2140 1044 2215 ‘secumque

126 2217 219 2275 traxit
239 2217 269 2274 in
293 2214 487 2294 protundum.

427 2392 644 2493 Conclusio
664 2414 746 2498 ΗΠ,
854 2386 856 2392 ¹

209 2542 321 2603 Hostes
334 2543 444 2604 Christi
466 2551 497 2604 et
519 2560 619 2624 papae
632 2550 712 2620 sunt,
734 2546 785 2624 qui
798 2551 926 2643 propter
938 2546 1045 2607 venias

126 2625 349 2707 praedicandas
372 2625 497 2687 verbum
522 2628 578 2686 Dei
605 2628 635 2687 in
665 2628 731 2688 aliis
760 2628 1046 2709 ecclesiis²penitusJ

127 2708 351 2773 silereiubeut.
616 2728 623 2739 ·
747 2726 750 2731 ·
950 2724 954 2737 ·
1042 2738 1046 2744 ·

212 2790 289 2866 Quia
311 2790 443 2851 officium
467 2798 498 2851 et
520 2811 605 2852 mens
628 2812 728 2873 papae
750 2800 811 2872 est,
834 2801 866 2852 ut
889 2799 960 2854 ante
982 2812 1045 2854 om-

126 2876 188 2949 nia,
214 2893 334 2954 semper
357 2874 523 2955 etsubique
544 2876 624 2935 velit·
638 2853 762 2935 verbum
784 2876 841 2936 Dei
864 2876 1044 2958 praedicari,

127 2960 206 3017 sicut
235 2955 291 3016 sibi
312 2960 510 3037 praeceptum
540 2976 608 3018 esse
636 2977 655 3016 a
677 2957 797 3018 Christo
825 2959 919 3021 novit.
963 2958 1047 3035 Quc-

127 3039 221 3100 modo
250 3043 324 3120 ergo
348 3040 516 3100 credendus
544 3047 590 3100 est
612 3038 733 3100 Christo
763 3048 792 3100 et
823 3040 880 3101 sibi
915 3043 972 3122 ipsi
1000 3048 1046 3103 re·'

127 3123 288 3203 pugnare?
332 3124 373 3183 At
395 3124 490 3183 nostri
504 3123 542 3182 ·id
564 3117 677 3182 sudent
698 3124 777 3183 sicut
798 3132 827 3184 et
849 3127 961 3187 omnia.

430 3321 644 3417 Conclusio
666 3320 742 3383 LIV.
840 3380 844 3385 .

209 3447 321 3511 Iniuria
343 3449 377 3508 lit
397 3449 490 3511 verbo
513 3451 585 3532 Dei,
615 3450 686 3511 dum
717 3453 748 3511 in
771 3451 880 3512 eodem
902 3468 1048 3512 sermone

127 3532 284 3674 aequaleui
303 3532 350 3592 vel
390 3533 511 3613 lougius
553 3543 673 3615 tempus
712 3535 895 3616 impenditur
926 3536 1048 3635 :veniitr

127 3634 252 3694 quami
289 3666 294 3676 .
327 3638 331 3645 ·
691 3640 695 3651 ¹
868 3652 871 3656 ·
1046 3644 1048 3649 ·

202 3796 231 3864 'J
253 3797 325 3850 Pscl.
345 3798 405 3852 143.
