2356 4200
344 280 373 345 1⁴⁴.
396 283 566 356 Silp.„Prler.
586 278 621 344 ad
639 288 674 345 D.
694 279 729 345 ii.
749 290 827 344 tutu.
1008 287 1053 354 97

207 455 247 516 lit
269 456 311 517 ibi
335 463 364 521 1.
393 457 476 537 quod
506 463 579 539 post
613 459 830 520 contritionem
858 466 890 520 et
942 459 1051 521 ratium

125 546 268 600 remanet
288 539 382 601 homo
405 539 559 622 obligatus
589 548 675 601 reatu
696 560 819 621 poenae
843 479 1055 603 exsolvendae

125 621 348 703 temporaliter,
371 622 454 703 quod
476 623 685 704 multiplieiter
733 644 766 685 er
788 625 953 705 scripturas
967 623 999 701 b)
1023 629 1057 695 et

125 701 279 801 Doctores
302 713 333 766 et
355 704 499 787 Oenones
522 706 685 786 probatur,
711 643 784 767 dcet
803 705 864 768 hoo
885 716 979 787 neget
1000 704 1052 766 ad-

124 804 287 848 versamus.

208 868 249 930 Et
270 872 300 933 2.
325 869 408 950 quod
432 876 479 931 est
500 870 610 952 aliquis
633 871 721 932 loeus
733 860 960 954 purgandarum
978 890 1052 952 poe-

127 971 237 1013 narum
261 960 333 1033 post
355 954 583 1035 contritionem,
606 953 802 1036 apurgando
818 954 927 1033 dietus,
950 960 981 1014 et
1002 951 1054 1031 ibi,

126 1033 284 1114 quomodo
307 1037 347 1096 sit
367 1039 578 1116 purgatorium
602 1036 725 1117 duplex,
750 1037 947 1115 ordinarium,
971 1035 1053 1116 quod

125 1117 304 1192 credituro)
337 1121 543 1180 communiter
577 1139 646 1180 esse
674 1120 730 1181 sub
762 1133 857 1199 terra,
890 1118 965 1180 lieet
993 1118 1056 1189 hoo

124 1200 276 1262 incertum
309 1202 363 1280 sit,
397 1209 429 1261 et
451 1202 727 1283 dispensatorium,
763 1202 846 1282 quod
868 1201 978 1263 saltam
1001 1201 1054 1262 ali·

125 1283 249 1362 quando
272 1291 320 1346 est
339 1285 371 1344 in
394 1283 456 1345 hoo
470 1283 504 1363 d)
529 1284 654 1348 mundo.

207 1366 248 1427 Et
263 1371 292 1432 3.
316 1365 399 1446 quod
420 1369 451 1426 in
466 1368 644 1448 purgatorio
667 1368 830 1428 remittitur
852 1374 905 1430 aut
926 1366 1054 1429 solvitur

123 1469 228 1530 poena
249 1456 356 1511 taxata
378 1469 435 1530 per
455 1451 602 1510 iustitiam
625 1450 770 1511 divinam.

206 1532 248 1593 Et
268 1535 297 1598 4.
319 1533 467 1614 probatur
494 1532 682 1594 haereticum
714 1551 784 1594 esse
814 1533 932 1611 dicere,
968 1532 1051 1612 quod

125 1633 189 1676 non
217 1617 316 1695 possit
337 1615 421 1696 Papa
451 1634 506 1696 per
528 1615 734 1697 indulgentias
767 1615 894 1688 abolere
915 1633 1052 1696 poenam

124 1705 262 1759 taxatam
284 1718 339 1779 per
361 1700 505 1759 iustitiam
529 1699 673 1759 divinam.

207 1780 248 1841 Et
268 1786 297 1846 5.
320 1780 359 1841 de
381 1782 512 1860 quadam
534 1783 681 1863 opinione
703 1799 786 1843 nova
807 1785 839 1842 et
858 1779 947 1860 falsa,
968 1799 1053 1861 quae

125 1872 182 1943 est,
205 1863 288 1943 quod
311 1865 409 1944 possit
431 1865 553 1944 quidem
574 1866 659 1944 Papa
682 1864 780 1925 diotas
801 1865 972 1947 remittere,
996 1863 1052 1924 ssd

123 1954 228 2011 tamen
255 1946 317 2008 hoe
354 1945 393 2009 de
421 1947 544 2021 lestolt
578 1967 641 2009 non
673 1947 751 2030 iaoit
782 1947 891 2024 etiam,
925 1944 1051 2026 quando

123 2030 263 2111 plenarie
284 2029 437 2111 indulget,
468 2031 522 2091 sed
552 2032 616 2091 sein
641 2050 673 2090 er
694 2029 823 2092 remittit
849 2030 1001 2090 iuiunotaa
1033 2049 1052 2091 a

124 2113 298 2192 sacerdote,
320 2112 399 2173 haee
421 2115 526 2194 opinio
549 2050 679 2174 neoddm
701 2119 747 2173 est
770 2112 977 2194 promulgata,
999 2112 1051 2173 vel
1164 2106 1170 2114 ⁸

124 2195 285 2277 publicata
306 2197 420 2277 potius.
882 2195 902 2216 ²

209 2277 283 2359 Cap.
306 2281 335 2342 4.
379 2277 543 2354 Quomodo
567 2279 628 2339 sint
656 2277 867 2360 indulgentiae
878 2281 910 2353 θ)
940 2277 1054 2340 intelli·

125 2360 366 2443 fflmmm
675 2372 677 2376 ‘

127 2526 145 2588 d
209 2444 284 2525 Cap.
307 2449 335 2510 5.
379 2442 543 2519 Quomodo
575 2445 636 2504 sint
661 2441 881 2525 intelligendae
905 2461 945 2504 ex
966 2449 1053 2523 parte

148 2528 240 2589 antis.

210 2610 285 2691 Cap.
309 2612 336 2673 6.
381 2607 545 2684 Quomodo
576 2607 796 2691 intelligendae
822 2628 861 2668 ex
892 2615 978 2689 parte
1003 2627 1051 2668 ao·

125 2695 154 2754 oi
177 2695 278 2756 ientis.

154 2713 175 2775 p
210 2775 284 2856 Oap.
307 2781 334 2840 7.
379 2775 512 2851 Qu0d2)
538 2794 612 2835 vera
632 2780 703 2834 sunt
733 2772 950 2852 fundamenta,
972 2773 1052 2851 quaa

126 2859 204 2922 olim
226 2861 285 2921 ieci
303 2866 413 2921 eontra
433 2859 651 2919 adversarium.
911 2932 914 2937 ι

208 2942 249 3003 Et
269 2941 310 3004 ibi
335 2947 360 3006 l.
385 2942 467 3022 quod
489 2940 621 3001 eeclesia
644 2938 823 3000 universalis
844 2936 1051 3018 essentialiter

125 3033 173 3086 est
196 3027 381 3087 oonvooetio
404 3027 436 3084 in
460 3024 596 3084 divinum
617 3022 733 3083 eultum
763 3022 899 3082 omnium
923 3022 1049 3083 oreden-

124 3109 198 3170 tium
221 3110 252 3169 in
275 3107 438 3170 Christum.
466 3105 608 3167 Eoolesia
629 3121 704 3168 vero
727 3104 910 3166 universalis
931 3124 1054 3185 reprae-

196 3288 230 3351 b)
252 3286 283 3338 ld
302 3293 351 3346 est,
372 3302 421 3353 per
441 3283 590 3338 conllatum
609 3288 735 3354 quintum
746 3285 880 3339 silvestri.
920 3284 950 3351 c)
971 3286 1053 3350 Note,

125 3356 248 3413 ereditur
260 3361 374 3412 verbum
386 3359 571 3422 impersonale
587 3364 629 3411 est
645 3358 855 3411 fundamentum
867 3356 1054 3410 Thomisticaa

80 3460 87 3468 κ
124 3437 153 3486 et
172 3432 315 3484 Romanae
334 3429 519 3498 Theologiae,
549 3431 602 3483 hoc
632 3433 712 3495 enim.
733 3431 852 3498 probant
880 3431 975 3482 omnia
995 3444 1053 3480 sua.

125 3502 158 3568 d)
181 3502 323 3555 Antorites
357 3502 491 3554 Silvestri.
545 3510 575 3559 et
599 3501 789 3571 Indulgentiae
819 3501 924 3553 habent
953 3499 1052 3567 triplex

124 3590 197 3643 esse,
216 3575 452 3641 metaphysicum,
481 3573 607 3625 naturale
626 3582 654 3625 et
670 3573 810 3644 logicum,
838 3576 967 3642 quartum
984 3577 1053 3624 tace·

125 3653 180 3711 tur,
198 3645 273 3715 quod
293 3653 342 3703 est.
363 3644 540 3697 chimericum
562 3651 588 3697 et
608 3647 839 3713 propriissimum.
1062 3658 1064 3661 ’

199 3716 229 3787 1)
252 3718 283 3769 ln
302 3716 363 3769 ooll.
379 3716 453 3770 len:
475 3715 510 3769 de
529 3717 582 3769 hoe
601 3719 683 3772 iacto.
721 3715 753 3786 2)
776 3717 805 3768 ln
824 3712 1052 3770 coll.Wittemb.:

124 3804 220 3860 quam.

152 3882 245 3926 numeri
259 3892 311 3934 opp.
325 3881 352 3925 V.
366 3881 393 3922 Δ.
407 3879 437 3922 ad
449 3880 490 3922 rat.
504 3881 554 3922 hist.
568 3881 583 3923 i.
597 3891 620 3933 p·
634 3879 684 3926 Vol.
698 3879 728 3922 Π.
824 3877 842 3944 7
