2356 4200
132 288 194 354 438
360 285 520 358 Appellatio
539 283 569 340 F.
588 285 697 338 llartlni
716 282 830 337 lutheri

126 462 257 544 repetite
282 478 401 540 eaeque
432 457 585 520 editiones
608 456 666 517 nisi
691 454 847 518 scribendi
870 453 992 514 ratione
1019 458 1047 510 et

127 546 283 607 literarum
308 541 500 623 compendiis
523 541 603 601 inter
624 558 659 600 se
680 558 744 600 non
767 537 921 598 differunt.
973 548 976 553 '

209 627 295 688 Haec
322 625 489 708 appellatio
523 624 635 704 legitur
664 623 772 682 Latine
803 622 834 681 in
867 619 939 680 coll.
973 618 1047 700 Opp.

126 708 213 773 hrth.
235 709 303 771 Jen.
317 708 340 788 1,
361 729 391 790 p.
407 710 477 784 217,
490 706 638 767 Wittenh.
651 706 674 785 I,
697 725 726 786 p.
744 707 817 787 231,
837 704 870 764 in
886 701 1048 764 Loeseherl

127 790 262 856 Reform.
286 793 354 853 Act.
376 791 402 852 ll
423 810 454 872 p.
478 793 549 867 505,
571 789 756 850 Germanice
777 807 828 867 ap.
846 785 970 869 Walch.
987 783 1048 863 XV,

127 896 157 958 p.
179 879 250 942 797.
561 932 565 941 ,
943 900 947 911 ·

469 1087 721 1210 Appellatio

296 1256 328 1317 F.
350 1253 472 1314 Martini
491 1252 615 1312 Lutheri
637 1251 678 1313 ed
699 1251 885 1322 Gentilium.

180 1460 185 1471 ⁸
212 1442 246 1503 ln
268 1442 403 1502 Nomine
425 1441 561 1517 Domini,
583 1440 694 1500 Amen.
736 1440 828 1502 Anno
851 1458 872 1501 a
891 1442 1049 1502 natiribte

129 1525 266 1588 eiusdem
282 1525 321 1585 ll.
334 1525 369 1585 D.
384 1522 496 1599 XVIII,
519 1523 689 1584 indictione
701 1523 867 1601 sexta,die
879 1542 958 1586 vero
968 1523 1050 1601 saur,

129 1608 269 1671 XXVIII.
289 1608 404 1667 mensis
425 1605 619 1679 Novembris,
641 1606 839 1686 pontificatus
868 1607 1050 1668 ansam

129 1694 160 1752 in
183 1690 304 1752 Ohristo
329 1690 478 1770 petiiset
499 1688 617 1749 domini
643 1688 756 1767 nostri,
789 1689 908 1751 domini
930 1689 1049 1768 leonis,

130 1773 235 1835 divina
271 1772 465 1854 providentia
485 1789 586 1851 papae
613 1772 657 1848 X,
685 1790 767 1832 anno
790 1781 892 1852 sexto,
921 1773 954 1832 in
984 1789 1051 1833 mee

130 1858 243 1918 notarii
265 1856 378 1936 publici
402 1855 587 1932 testiumque
608 1855 688 1914 infra
719 1856 903 1935 scriptulum
932 1856 1050 1916 adhoc

131 1939 307 2022 specialiter
327 1947 507 1998 vocatorum
531 1944 563 1997 et
575 1945 752 2018 rogatorum
772 1939 962 2018 praesentia,
983 1956 1051 1999 corr

131 2025 253 2084 stitutus
276 2020 463 2082 reverendus
484 2020 577 2080 Pater
604 2021 750 2083 dominus
770 2022 920 2089 Martinus
943 2021 1052 2082 Luther

132 2106 372 2186 augustinianus
392 2102 705 2183 Vuittembergensis,
737 2122 844 2165 sacrae
875 2103 1050 2186 theologiae

132 2190 298 2270 magister,
330 2206 368 2247 ec
394 2185 508 2246 ibidem
542 2186 639 2248 lector
669 2186 840 2247 ordinarius
874 2187 1050 2268 theologiae

44 2307 47 2315 ·
131 2270 318 2354 principalis,
340 2288 378 2328 ac
390 2268 601 2349 principaliter
621 2288 677 2349 pro
700 2271 832 2350 seipso,
856 2271 935 2330 citra
949 2279 1049 2331 tamen

132 2370 383 2434 quorumcunque
404 2358 636 2431 procuratorum
670 2369 794 2413 suorum
817 2353 1050 2433 quomodolibet

131 2438 280 2498 hactenus
302 2455 358 2516 per
379 2454 448 2494 eum
471 2436 705 2496 constitutorum
728 2438 981 2515 revocationem,
1002 2435 1049 2496 ha

131 2519 208 2582 bens
231 2526 262 2579 et
283 2526 391 2579 tenens
420 2519 533 2576 suisio
558 2519 698 2578 manibus
725 2519 879 2598 quandam
903 2536 1049 2600 provoca

129 2605 224 2664 'tionis
246 2608 277 2662 et
298 2599 516 2681 appellationis
538 2602 648 2682 papyri
670 2601 863 2685 schedulam,
894 2605 1000 2663 animo
1022 2608 1050 2662 et

131 2687 304 2746 intentione
336 2682 529 2764 provocandi
561 2691 592 2744 et
620 2685 795 2766 appellandi
828 2685 1050 2766 apostolosque

130 2767 272 2847 petendi,
295 2767 414 2843 dicens,
451 2785 594 2843 narrans,
628 2787 803 2847 provocans
826 2774 858 2829 et
878 2766 1049 2849 appellans,

131 2851 221 2909 certis
244 2855 276 2908 et
298 2849 442 2930 legitimis
480 2850 519 2909 de
551 2852 668 2928 causis,
700 2853 731 2911 in
760 2850 868 2912 eadem
904 2851 1049 2913 schedula

131 2933 283 2992 contentis
315 2939 345 2991 et
375 2931 620 3011 comprehensis,
653 2933 693 2993 ad
715 2933 886 2994 Concilium
909 2935 1048 3014 proxime

131 3018 162 3074 et
181 3013 360 3075 immediate
385 3014 526 3086 torturum,
550 3016 658 3076 saltem
681 3018 711 3076 in
735 3018 842 3097 spiritu
854 3024 965 3078 sancto
978 3017 1048 3098 legi-

129 3097 204 3158 time
226 3104 457 3178 congregatum,
479 3097 546 3157 aliis
568 3117 643 3160 vero
664 3099 969 3182 congregationibus,
990 3101 1047 3160 fac-

129 3179 264 3242 tionibus
308 3187 339 3240 et
372 3180 572 3240 concionibus
605 3184 731 3262 privatis
765 3183 888 3263 penitus
922 3182 1047 3244 seclusis

53 3266 56 3272 '
127 3268 304 3342 protestans
321 3262 582 3341 aliaquelaciens,
604 3271 696 3345 prout
717 3267 747 3325 in
763 3265 845 3325 dieta
867 3266 1047 3346 appellatio·

128 3346 175 3405 nis
197 3344 347 3407 schedula
367 3345 488 3425 plenius
511 3347 699 3424 continetur,
718 3348 864 3410 'habetur
893 3356 927 3409 et
946 3348 1048 3410 disari-

127 3426 216 3505 bitur,
239 3429 324 3488 cuius
346 3435 436 3494 tenor
456 3430 594 3509 sequitur
614 3438 646 3490 ct
668 3439 716 3491 est
737 3431 823 3492 talis:

211 3511 287 3572 Cum
310 3511 527 3591 appellationis
554 3513 723 3573 remedium
759 3516 790 3574 in
821 3513 993 3577 subsidium
1020 3523 1048 3577 et

126 3592 301 3655 relevamen
325 3613 541 3675 oppressorum
573 3615 593 3654 a
619 3597 729 3658 iurium
765 3597 979 3660 conditoribus
1012 3601 1049 3660 sit

42 3722 45 3727 .
126 3675 336 3754 adinventum,
358 3685 390 3739 et
409 3697 471 3740 non
494 3679 594 3740 solum
617 3678 655 3740 ab
677 3680 786 3759 illatis,
819 3698 927 3742 verum
957 3683 1048 3744 etiam

10 3792 46 3944 ἱ
126 3757 165 3820 ab
187 3758 363 3840 inferendis,
385 3768 417 3824 et
437 3762 541 3824 inter-ri
556 3763 752 3824 comminatis
765 3765 1000 3845 gravaminIbus
1019 3771 1049 3830 et
