2356 4200
406 361 408 365 ¹
449 298 554 354 Contra
572 297 650 354 obst.
669 299 752 354 Eceii.
998 292 1061 362 453

144 466 370 552 eruditioribus,
392 487 455 529 uon
477 468 603 532 invenio
623 467 768 548 pusillos,
802 468 860 528 nisi
883 474 985 548 patres
1008 487 1061 529 no·

143 557 236 627 siros,
258 552 401 630 antiquos
424 551 606 632 prophetas,
628 550 659 611 id
682 557 743 630 est,
772 550 978 614 scholasticos
999 570 1061 611 rna·

142 640 256 778 grstros
277 641 402 696 nostros
425 634 565 695 eximios.
609 635 651 695 At
669 634 777 694 horum
795 632 973 696 scandalum
985 635 1061 694 seie-

161 714 211 778 am'
234 716 377 792 futurum,
402 717 564 796 sciensque
586 737 622 777 ac
641 717 777 798 prudeus
799 718 965 793 contemsi,
997 734 1060 777 nou

143 801 240 863 solum
269 800 300 861 ln
322 800 396 879 hae,
419 799 526 863 sedin
549 801 692 862 omnibus
714 801 781 861 aliis
804 802 881 860 meis
903 799 1060 882 positioni·

142 882 203 947 bus.
247 883 359 962 Recte,
379 883 520 964 inquies,
542 883 673 964 pusillos
694 890 799 962 vocat,
822 902 879 944 nec
900 883 939 944 sd
961 882 1060 942 ullum

142 964 222 1027 aliud
246 966 381 1027 cilicium
404 964 545 1044 idoneos,
568 984 659 1046 quam
682 960 717 1028 ut
738 965 992 1027 scandalizentur.

428 1093 537 1155 XXVI.
559 1093 777 1168 obeliscum

221 1221 277 1298 Ec.
305 1221 336 1282 Si
365 1220 444 1281 haee
470 1241 544 1282 vera
574 1229 645 1282 sunt
671 1231 769 1303 (papa
790 1221 863 1282 dicit
885 1223 1060 1283 thesaurum

143 1303 399 1386 indulgentiarum
421 1302 534 1365 hauriri
557 1325 595 1365 ex
618 1306 726 1366 merito
748 1305 889 1385 Christi),
912 1325 965 1368 eur
986 1324 1060 1387 ergo

147 1386 294 1448 Lutherus
316 1386 456 1470 superius
478 1386 684 1448 contradixit?

221 1468 308 1534 Lnth.
330 1468 457 1551 Egone,
492 1470 533 1530 mi
555 1470 647 1549 Ecci,
680 1471 781 1531 statim
812 1469 975 1532 admittere
1007 1468 1062 1532 tibi

143 1553 257 1630 videor,
279 1549 537 1633 indulgentiarum
551 1552 723 1615 thesaurum
739 1572 808 1614 esse
820 1555 929 1615 merita
940 1552 1061 1632 Christi,

160 1637 211 1697 uia
238 1633 355 1695 suadeo
385 1633 593 1716 indulgentias
622 1655 691 1696 cum
719 1638 892 1697 reverentia
926 1637 1061 1716 permitti

143 1654 274 1781 debere?
316 1715 448 1779 Adeone
470 1717 551 1778 idem
575 1727 636 1797 est,
659 1718 867 1800 indulgentias
889 1718 1062 1796 admittere,
1170 1714 1173 1718 ’

142 1808 171 1862 et
194 1799 403 1882 indulgentias
439 1800 548 1862 merita
577 1800 687 1862 Christi
718 1800 897 1883 appellare?
948 1801 1062 1862 Nonne

141 1891 170 1945 et
191 1883 519 1946 excommunicationis
547 1891 578 1944 et
605 1883 810 1945 absolutionis
832 1884 970 1962 decreta,
1000 1890 1059 1945 sta·

141 1973 212 2047 tuta,
227 1980 352 2047 ¹rursum
374 1965 610 2047 abrogationes,
633 1965 873 2044 declarationes,
902 1966 1058 2048 dispensa·

142 2051 240 2112 tiones
263 2066 364 2129 papae
386 2055 510 2128 oportet
532 2067 600 2109 cum
621 2050 794 2110 reverentia
822 2051 996 2129 suscipere,
1028 2055 1059 2109 et

141 2132 240 2193 nullus
263 2138 365 2192 tamen
386 2131 465 2191 haec
487 2137 580 2192 vocat
602 2130 856 2192 meritaChr-isti?
892 2130 1058 2207 Quomodo

140 2236 170 2276 er
192 2236 211 2276 o
234 2221 266 2274 tu
289 2215 425 2274 somnias
448 2214 521 2275 mihi
543 2235 582 2274 ex
605 2215 794 2296 logicissima
815 2215 917 2296 logica
939 2221 991 2275 tua
1008 2234 1058 2276 me

140 2237 211 2359 mihi
232 2297 293 2378 ipsi
315 2295 555 2377 contradixisse,
584 2298 666 2376 quod
697 2299 834 2378 superius
864 2298 988 2379 negavi,
1015 2299 1058 2358 iu·

141 2380 314 2463 dulgentias
337 2398 406 2439 esse
428 2380 537 2440 merita
558 2379 679 2456 Christi,
703 2389 734 2440 et
756 2379 806 2441 hic
827 2380 896 2442 dico
919 2401 972 2444 eas
991 2401 1060 2442 esse

141 2461 369 2526 admittendas?
411 2461 461 2522 Au
489 2469 520 2522 te
552 2470 635 2522 tuum
666 2461 786 2523 Petrum
814 2462 984 2544 Hispanum
1006 2462 1059 2525 do·

140 2566 209 2609 cere
238 2544 354 2623 debeo,
395 2545 433 2605 de
463 2545 730 2686 propositionibus
764 2554 894 2626 utroque
928 2548 1058 2608 termino

141 2626 414 2713 participantibus?
480 2648 496 2686 n
521 2646 581 2707 qua
605 2648 678 2690 vero
700 2628 783 2689 bulla
804 2630 924 2690 iuvenis
946 2638 1059 2710 pap'am

141 2713 259 2789 dicere,
280 2710 487 2790 indulgentias
509 2710 620 2771 hauriri
643 2731 682 2771 ex
704 2714 812 2772 merito
843 2712 971 2790 christi,
1001 2711 1059 2772 nisi
1160 2746 1163 2753 ·

139 2797 168 2856 iu
196 2795 252 2855 illa
282 2799 501 2874 extravagante
528 2793 593 2854 cle.
622 2794 705 2873 V¹],
729 2794 767 2854 de
790 2814 850 2875 qua
873 2791 1060 2874 supradixi,

140 2886 170 2940 et
191 2897 248 2938 suo
273 2883 412 2955 tempore
434 2876 523 2935 latius
546 2876 671 2937 dicam?

221 2960 275 3020 Ec.
300 2958 433 3019 Omnem
456 2977 589 3037 poenam
613 2960 746 3025 debitam
769 2959 968 3020 relaxandam
988 2958 1062 3019 dicit

139 3063 238 3124 papa,
268 3061 322 3102 cur
348 3061 422 3122 ergo
451 3040 599 3102 Lutherus
627 3044 736 3103 invitat
764 3044 802 3105 ad
830 3043 911 3103 solas
940 3060 1059 3123 poenas

139 3126 264 3187 arbitrio
286 3142 387 3206 papae
406 3125 591 3203 impositas?
622 3126 668 3186 lta
689 3146 745 3206 per
766 3127 843 3186 alies
857 3142 969 3206 pergas
986 3144 1060 3186 con·

139 3209 294 3273 clusiones
317 3207 499 3286 superiores.

221 3290 309 3352 Luth.
333 3290 402 3350 Non
425 3309 515 3370 papa,
539 3290 595 3351 sed
616 3291 726 3351 Eccius
743 3291 826 3368 dicit,
848 3305 971 3351 omnem
987 3308 1059 3369 pne·

139 3394 210 3435 nam
233 3372 443 3435 relaxandam.
487 3373 672 3434 (iurantem
695 3393 754 3454 ego
776 3373 808 3435 id
830 3371 940 3451 dicam,-
968 3390 1061 3452 supra

139 3459 214 3518 satis
238 3457 312 3533 dixi,
357 3455 437 3530 Quia
458 3474 521 3516 non
544 3456 746 3530 scholastica,
773 3456 829 3518 sed
851 3454 1061 3516 ecclesiastica

139 3541 287 3620 quaesivi,
310 3555 373 3598 uon
395 3539 524 3599 frivolos
546 3541 736 3620 superiorum
759 3539 982 3617 declaraturos,
1005 3537 1060 3598 sed

137 3623 329 3706 approbatos
352 3621 503 3682 ecclesiae
525 3629 658 3684 autores.
752 3660 757 3668 ·

193 3799 224 3862 'l
243 3799 349 3861 Contra
367 3799 411 3856 69.
430 3799 560 3855 (lonclus.
579 3798 720 3853 butham·
754 3822 779 3833 ·-

195 3871 223 3938 1)
244 3870 274 3924 ln
295 3869 337 3924 ed.
357 3872 430 3926 wis.
450 3876 478 3925 et
494 3870 567 3941 opud
584 3869 713 3926 uuum:
734 3867 790 3925 ill.-
892 3900 898 3919 ,
946 3906 951 3927 ,
