2356 4200
390 298 425 356 D.
444 299 523 354 itsrt.
543 298 652 354 notheri
670 292 786 354 Gnosio.
985 295 1048 363 335

125 471 218 530 sonet
241 465 284 528 etl
312 464 415 530 Galat
444 469 481 532 ὃς
524 469 558 530 lu
580 467 701 530 Oirristo
785 484 824 530 ue
846 458 1048 549 circumcisio,

124 568 226 632 usquc
252 551 447 632 praeputium
473 551 589 632 aliquid
608 552 702 631 volet,
725 560 759 612 s·
793 569 876 612 nova
897 557 1047 613 creatura.

166 654 181 687 ·=
205 633 342 695 Proinde
361 634 558 695 confessurus
580 635 610 696 id
632 636 827 717 potissimum
848 642 881 696 ct
894 638 967 696 cute
984 650 1048 696 orn-

92 788 96 796 ,
123 718 173 778 nin
194 723 302 779 noum
323 716 441 798 cogite,
463 717 536 798 qnid
557 719 691 797 taceres,
714 720 738 780 si
758 731 831 779 *uon
858 723 941 779 esset
960 735 1048 801 prac-

125 800 254 882 ceptnm
272 799 456 880 confitendi,
478 803 502 862 si
525 782 610 862 nulia
630 807 715 862 esset
741 800 992 883 quadragesima,
1021 801 1048 862 si

122 883 198 945 uuili
221 882 453 964 confiterentur,
474 884 614 946 si'uuiius
635 891 717 945 esset
738 883 924 966 pudor,·sed
946 884 1047 945 omnis

124 968 266 1029 omnium
290 968 445 1049 pisasque
474 967 621 1030 libertas?
668 966 717 1028 Au
749 970 840 1028 etism
867 969 915 1028 sic
950 966 1049 1028 selles
1111 971 1114 977 '

121 1048 441 1131 confiteris-conteri,
464 1046 646 1131 poeniteret
697 1049 790 1126 Quod
815 1052 840 1112 si
866 1057 898 1111 te
919 1066 982 1111 uon
1004 1050 1059 1110 ita·

124 1134 275 1213 invenis,
292 1135 356 1194 ianr
382 1134 463 1194 scito
481 1141 514 1195 te
535 1152 602 1196 uon
620 1152 661 1194 ex
682 1152 789 1195 surore
811 1135 961 1213 iustitiae,
988 1131 1057 1193 sed¹

123 1215 350 1281 consuetudine
378 1223 410 1277 ct
435 1217 547 1279 timore
567 1218 725 1298 praecepti
746 1218 923 1298 poenitere,
954 1223 1049 1296 atque

124 1301 219 1363 neiis
240 1301 328 1380 acqui
349 1298 484 1378 turbam,
512 1301 538 1360 si
565 1298 706 1361 omnibus
728 1300 835 1361 liceret
856 1318 919 1361 non
941 1300 1047 1381 poeni·

124 1392 199 1445 tere.
243 1382 276 1445 st
305 1389 410 1445 autam
427 1382 541 1463 relies,
575 1384 668 1444 etiam
690 1384 716 1442 si
739 1382 840 1443 uultus
863 1383 1046 1464 poeniteret,

124 1465 332 1546 confiteretur,
354 1473 572 1546 contereretur,
595 1473 688 1546 atque
709 1466 788 1527 adeo
810 1467 835 1526 si
857 1471 940 1528 totus
962 1484 1048 1526 muu-

125 1550 181 1611 dus
203 1549 296 1610 aliter
316 1555 433 1631 ageret,
456 1569 514 1610 uec
536 1549 693 1630 praecepti
714 1549 819 1610 habita
832 1549 952 1610 rationo
973 1566 1049 1629 poce

125 1635 235 1711 uitare,
259 1631 315 1694 scd
337 1650 444 1694 amore
465 1650 566 1694 novae
589 1634 670 1693 vitae
685 1638 717 1693 et
730 1631 878 1711 melioris,
899 1633 962 1693 iam
974 1649 1047 1692 vere

125 1718 279 1798 poenites.
322 1715 406 1776 Ecca
434 1714 496 1776 hoc
528 1722 590 1792 est,
623 1714 707 1796 qnod
736 1715 782 1775 illi
808 1715 914 1798 ‚soient
935 1713 1053 1793 dicere,¹

126 1798 210 1880 qnod
249 1800 393 1860 contritio
421 1799 454 1859 iu
484 1800 612 1859 caritate
640 1798 721 1859 iacta
751 1798 825 1858 iacit
845 1799 959 1858 remitti
980 1814 1049 1879 pec·

126 1890 213 1961 cete,
247 1881 331 1962 qnod
363 1880 490 1943 verbum
518 1883 640 1960 nescio,
675 1882 701 1942 si
729 1898 838 1942 omnes
864 1880 1050 1962 intelligunt,
1128 1913 1136 1920 -

125 1967 177 2047 qui
201 1973 267 2026 tans
288 1964 464 2044 frequenter
482 1965 582 2044 ipsum
606 1965 636 2024 iu
659 1981 713 2024 ore
734 1970 872 2043 versant,
899 1963 961 2024 hoc
983 1963 1048 2024 scio

125 2044 378 2112 monimum
395 2064 465 2109 essa
480 2064 539 2107 uec
557 2066 577 2108 a
595 2064 645 2108 ure
663 2045 829 2127 aliquando
848 2046 1048 2108 intellectum.

211 2130 272 2192 flio
289 2146 367 2191 vero
389 2131 544 2209 inuenies,
575 2131 599 2189 si
621 2148 684 2190 nou
705 2130 752 2189 vis
774 2130 911 2208 mentiri,
932 2135 963 2190 te
984 2147 1047 2189 nou

91 2232 95 2240 ’
126 2230 198 2276 esse
219 2214 333 2291 utem,
357 2212 413 2274 sed
434 2215 536 2294 potius
559 2213 666 2290 velles,
687 2219 721 2273 ut
742 2214 827 2293 prior
848 2214 911 2273 vita
931 2212 1048 2289 liceret,

127 2299 201 2379 quie
234 2298 331 2358 sentis
365 2303 397 2358 te
433 2298 560 2357 omniuo
591 2294 691 2356 odiiuc
718 2295 859 2358 inclinari
886 2295 925 2356 ad
953 2296 1048 2356 vitam

123 2382 271 2463 priorem.
314 2378 367 2442 stu
397 2380 478 2440 euim
505 2387 536 2440 et
558 2379 592 2443 B.
615 2379 805 2460 Augustinus
833 2377 997 2439 confltetur
1017 2380 1049 2438 in

123 2465 312 2526 contritione
333 2480 404 2543 suo,
432 2481 466 2523 se
481 2463 582 2523 irrisae
604 2462 800 2523 sollicitatum
822 2462 862 2523 de
878 2463 943 2522 vita
982 2480 1049 2522 rne-

123 2549 226 2610 teritn.
269 2547 334 2607 Iuro
371 2547 396 2606 si
424 2553 508 2607 rocta
533 2543 708 2626 perpendas
730 2545 808 2606 hoec
830 2544 927 2627 dicta,
990 2544 1049 2605 cile

124 2631 226 2711 dices,
258 2630 376 2690 nullum
402 2629 559 2691 homiuem
588 2646 658 2690 esse
677 2629 709 2688 iu
732 2628 864 2709 mundo,
895 2629 946 2710 qui
969 2627 1049 2688 hauc

125 2710 343 2776 contritionem
377 2711 504 2791 habeat,
543 2711 592 2772 rel
619 2712 728 2773 saltem
749 2713 963 2792 paucissimos.
1007 2711 1049 2770 Et

124 2797 164 2859 dc
187 2797 328 2876 meipso
352 2795 503 2858 confiteor
514 2794 626 2856 similia
644 2796 780 2877 omuino.
808 2794 848 2855 Et
869 2795 896 2856 si
917 2813 990 2855 rere
1012 2812 1049 2854 ac

124 2880 222 2942 tibere
244 2880 323 2940 velis
346 2878 486 2940 confiteri
502 2884 623 2945 remoto
636 2876 714 2957 Deo,
736 2884 914 2958 praecepto,
936 2896 1048 2958 poena,

124 2963 257 3045 gannim
291 2963 357 3023 scio
386 2961 487 3023 dices:
523 2964 549 3023 si
576 2960 678 3021 nuilus
707 2967 789 3022 esset
816 2960 915 3039 Deus,
945 2959 1049 3020 nuilus

108 3047 279 3125 'internus,
301 3051 384 3106 certa
405 3047 458 3105 vix
478 3046 680 3126 poeniterem,
702 3045 777 3123 scio,
799 3043 934 3122 iuquam,
955 3042 1050 3103 talem

127 3148 198 3191 esse
219 3136 302 3189 tuam
326 3129 564 3210 cogitationem,
594 3126 817 3206 quantumlibet
843 3126 917 3188 ioris
939 3127 1049 3186 coutri-

126 3214 245 3275 tiouem
269 3211 425 3272 ostendas.
656 3272 659 3279 ,
775 3261 787 3285 ,

212 3293 294 3370 Quid
318 3313 392 3377 ergo
414 3292 465 3354 hic
486 3292 655 3354 iaciemus?
685 3292 815 3375 Oportet
836 3312 894 3354 uos
916 3310 984 3353 esse
1006 3298 1048 3353 ta·

127 3379 188 3457 ies,
210 3385 243 3439 et
263 3396 327 3439 nou
348 3394 512 3457 possumus
534 3392 604 3437 ease
626 3376 713 3456 teies,
737 3395 845 3438 omncs
867 3393 943 3458 ergo
966 3374 1049 3436 dam-

126 3461 289 3523 nabimur?
316 3459 414 3520 Absit.
450 3458 512 3521 Sed
538 3458 799 3542 respondeamus:
842 3459 988 3540 Oportet,
1017 3464 1050 3519 ot

128 3547 257 3628 cognito
281 3551 312 3604 te
331 3544 387 3604 tsli
409 3560 473 3604 nou
494 3561 590 3623 uegea
613 3548 643 3604 te
665 3543 768 3623 telem,
791 3540 889 3604 sedin
902 3541 1049 3625 anguium

128 3628 241 3706 vadas,
277 3634 308 3688 et
334 3627 420 3687 iuxta
442 3625 602 3690 consilinm
626 3625 737 3688 Christi
751 3626 786 3703 *J
811 3627 844 3686 iu
865 3623 1048 3686 abscondito

184 3808 215 3879 ‘)
237 3808 332 3864 naith.
352 3809 378 3865 6.
