2356 4200
122 277 186 350 248
386 280 582 338 Resolntionss
601 281 708 353 Disput
719 272 798 336 bath}

124 450 243 513 damus.
284 448 325 510 Et
350 448 422 512 ideo
450 450 515 512 illic
542 451 639 528 carni,
676 450 726 510 hic
761 450 893 512 servitur
918 446 1051 530 spiritui.

125 533 167 596 Et
187 533 319 595 breviter
339 533 403 594 illic
425 540 563 612 naturae,
584 533 636 594 hic
657 531 767 595 satisfit
781 533 910 615 gratiae.
946 530 1053 607 Quare

113 617 234 679 ‘veniae
263 634 401 677 seorsum
432 623 572 697 sumptae
593 622 664 676 sunt
684 614 946 696 incomparabiles
955 611 988 697 ¹)
1010 611 1051 675 ad

123 719 201 780 opus
223 698 462 762 misericordiae.

208 782 285 843 ltem
308 801 387 862 opus
409 783 476 842 sine
500 783 596 843 veniis
628 783 732 863 purius
762 788 825 860 est,
857 798 952 859 quam
980 796 1050 839 cunr

124 865 236 943 veniis,
257 871 289 926 et
309 865 420 927 veniae
441 871 514 926 sunt
534 866 636 945 operis
667 864 791 946 aliquod
820 864 946 941 vitium,
977 861 1051 940 quia

123 947 233 1029 recipit
253 947 427 1009 mercedem
449 967 552 1027 sunm,
574 949 636 1009 imo
661 946 729 1027 plus
752 966 843 1026 quam
872 941 1049 1006 mercedem

124 1049 222 1092 suam.
266 1029 406 1093 Sanctius
428 1031 531 1112 itaque
552 1038 693 1111 egerent,
723 1032 749 1090 si
771 1028 853 1090 nude
874 1026 1050 1089 contribue-

125 1119 204 1191 rent,
226 1120 258 1175 et
277 1132 340 1175 non
362 1120 487 1193 propter
507 1115 622 1174 venias.
656 1113 727 1185 Non
749 1111 832 1193 quod
852 1111 967 1172 veniae
988 1110 1051 1170 sint

125 1195 226 1257 malae
247 1202 279 1258 et
299 1196 421 1274 noxias,
443 1194 498 1256 sed
521 1195 604 1276 quod
625 1196 737 1257 abusus
759 1213 922 1276 perversus
944 1197 1050 1270 nocet,

126 1278 197 1341 dum
221 1278 284 1340 tale
304 1297 382 1358 opus
403 1297 467 1339 non
490 1273 635 1350 facerent,
657 1280 717 1339 nisi
738 1279 847 1340 venies
868 1281 991 1354 essent,
1012 1293 1051 1335 ac

125 1363 171 1423 sic
191 1360 261 1423 linis
283 1363 384 1440 operis
406 1361 580 1423 huiusmodi
600 1361 635 1423 fit
655 1362 755 1439 venis,
776 1362 839 1422 imo
856 1361 925 1440 ipse
941 1358 1050 1435 borno,

2 1458 4 1463 ·
127 1444 320 1525 qui'quaerit
340 1462 420 1524 quae
441 1464 497 1505 sua
529 1451 616 1525 suut,
645 1464 714 1505 cum
743 1441 933 1515 deberent2)
969 1457 1049 1536 opus

124 1531 252 1607 propter
272 1525 373 1587 Deum
395 1533 426 1587 et
445 1529 540 1609 gratis
560 1528 673 1603 facere,
695 1533 726 1589 et
746 1528 852 1589 venias
875 1543 939 1586 non
958 1523 1049 1586 aliter

126 1615 303 1688 acceptare,
326 1628 416 1689 quam
438 1611 532 1691 gratis
554 1610 628 1689 sibi,
660 1629 723 1672 non
744 1616 871 1691 propter
892 1605 1048 1668 contribu-

125 1692 243 1753 tionem
266 1690 364 1771 datas,
386 1698 420 1753 ut
440 1694 485 1753 sic
507 1692 550 1754 illi
572 1694 678 1753 venias
700 1711 763 1754 non
786 1697 899 1770 emant,
920 1708 981 1750 nec
998 1689 1048 1750 isb‘

125 1772 270 1839 vendant.
321 1775 451 1856 Oportet
477 1777 559 1836 anim
585 1775 747 1855 utrobique
779 1793 847 1836 esss
882 1773 1048 1855 grabritem

126 1855 342 1938 donationem,
364 1858 415 1919 vel
437 1859 495 1919 erit
515 1860 676 1919 manifesta
697 1859 837 1935 simonia,
860 1863 892 1917 et
906 1854 1047 1917 venditio

126 1940 309 2020 turpissima.
353 1938 413 2001 aed
435 1924 602 2020 quis'haec
622 1941 738 2021 populo
754 1940 836 2018 dicit,
859 1937 985 2020 quando
1008 1936 1051 1998 di·

122 2023 218 2084 eitur:
258 2023 387 2104 Impone
408 2024 512 2104 gratis,
534 2030 566 2085 at
587 2042 646 2105 ego
669 2023 808 2084 concedo
830 2020 949 2103 grstia?

204 2105 281 2167 Item
310 2105 495 2185 timendum,
516 2126 556 2167 ne
577 2126 633 2187 per
654 2105 739 2189 illam
761 2105 877 2168 ordinis
897 2102 1051 2184 perversi·

126 2193 220 2251 tatem
244 2207 357 2270 magna
378 2190 409 2249 in
432 2189 564 2251 ecclesia
587 2189 686 2250 alatur
712 2188 866 2250 idolatris.
914 2185 998 2260 Quia
1025 2185 1050 2246 si

125 2269 257 2355 populus
279 2271 427 2333 doccatur
446 2279 572 2353 propter
592 2291 762 2352 poenarum
782 2271 963 2332 evasionem
979 2286 1051 2329 con·

127 2352 260 2414 tribuere
285 2353 386 2434 (quod
409 2374 500 2435 spero
523 2374 585 2416 non
607 2353 676 2432 fiat,
700 2362 730 2415 et
751 2355 776 2414 si
798 2352 885 2413 multi
904 2351 987 2412 forte
1008 2351 1053 2410 sic

123 2435 326 2518 intelligant),
343 2444 415 2498 tunc
430 2438 544 2499 clerum
561 2444 618 2516 est,
631 2436 713 2517 quod
732 2455 794 2497 non
808 2439 935 2516 propter
947 2434 1049 2495 Deum

125 2520 330 2597 contribuunt,
353 2527 384 2580 et
404 2521 461 2583 erit
481 2523 573 2582 timor
609 2539 765 2597 cenarum,
787 2538 840 2579 seu
859 2535 966 2598 poena
986 2515 1051 2577 ido

95 2638 97 2642 ·
126 2602 189 2673 lum
212 2620 334 2681 eurum,
365 2603 414 2662 cni
438 2603 482 2662 sic
503 2541 684 2664 sacndcsnt.
727 2600 818 2676 Quod
839 2601 866 2661 si
887 2601 932 2660 ita
953 2598 1050 2676 lieret,

125 2684 187 2746 talc
210 2683 334 2765 aliquod
358 2684 471 2745 malum
494 2692 637 2767 ageretur
657 2687 688 2746 in
713 2683 854 2759 ecclesia,
876 2681 1050 2762 qnasiolim

125 2768 158 2829 in
179 2766 328 2839 Romanis
349 2768 515 2848 gentilibus
536 2768 692 2849 agebatur,
706 2767 828 2848 quando
845 2764 921 2828 febri
935 2771 969 2826 et
984 2764 1051 2825 aliis

125 2848 223 2926 laevis
247 2855 278 2910 et
298 2851 399 2910 noxiis
422 2850 596 2912 numinibus
618 2850 808 2929 serviebant,
831 2868 871 2908 ne
894 2845 1051 2909 laederen-

127 2937 184 2993 tur.
227 2931 302 2992 Ideo
325 2932 376 2993 hic
397 2932 587 3016 vigilandum
608 2952 664 3014 pro
680 2933 807 3014 populo,
824 2939 856 2993 ct
874 2938 937 2991 tam
959 2929 1051 2991 dubia

126 3017 220 3156 atqge
251 3015 427 3094 periculosa
459 3017 585 3097 negotis
617 3016 669 3075 vix
696 3014 880 3076 doctissimis
912 3013 1051 3075 commit

126 3100 177 3157 ten
201 3115 229 3156 a.

406 3259 618 3321 Conclusio
647 3259 772 3322 XLlll.

138 3356 141 3361 ι
210 3385 352 3448 Ducendi
372 3394 444 3447 sunt
456 3386 629 3463 Christiani,
646 3387 729 3467 quod
750 3386 827 3447 dans
848 3386 981 3467 pauperi
1001 3389 1052 3446 aut

128 3475 271 3617 ppprtppns
292 3470 396 3550 egenti
418 3470 526 3531 melius
548 3471 634 3548 lucit,
670 3488 760 3550 qnam
789 3470 815 3530 si
844 3470 954 3530 venias
976 3466 1051 3530 redi·

128 3704 211 3831 nabi)
229 3703 349 3828 {bidem
377 3721 434 3760 non
460 3709 525 3760 sunt
549 3699 759 3772 comparabiles.
802 3701 837 3771 2)
867 3700 953 3757 ibid:
988 3701 1051 3755 dnm

199 3790 249 3830 re.
