2356 4200
365 286 401 340 sd
416 287 491 343 Disl.
509 287 540 343 F,
559 287 625 342 S'r'lr.
646 287 793 353 Pderictlt.
996 285 1047 351 ,45

205 458 409 538 Respondeo:
433 458 540 538 Spero,
563 458 650 519 debis
663 458 736 517 mihi
752 478 858 518 verum
873 479 951 538 esse,
965 459 1047 538 quod

125 560 179 621 per
201 548 298 602 totsm
321 541 484 602 ecclesiam
513 542 639 619 dicitur,
667 541 787 601 scilicet
817 560 909 621 posse
937 545 1048 603 contri-

124 625 242 685 tionem
263 624 396 684 hominis
419 631 534 684 tentem
558 643 636 698 esse,
659 623 820 684 utdeleret
841 644 965 685 omnem
986 625 1047 685 cul·

124 725 195 787 pem
218 713 251 767 et
270 727 415 787 poenam.
459 706 602 767 Secundo
625 707 726 785 dabis,
755 707 836 786 quod
874 707 1047 769 voluntarie

124 791 292 851 morientes
314 791 418 852 omnio
441 790 566 850 solvunt
586 796 617 850 et
640 790 832 850 satisfaciunt
858 791 1046 870 plenissime.

124 871 178 933 His
201 873 295 935 credo
330 875 395 932 sine
415 873 613 952 indulgentiis
643 879 675 933 et
694 873 790 933 literis
812 874 923 934 edesse
943 876 1048 934 remis·

127 957 249 1017 sionem
269 958 463 1037 plenariam,
497 968 528 1016 et
554 966 656 1016 temen
684 975 733 1018 me
760 957 791 1016 in
814 957 874 1018 hoc
890 976 957 1017 oon
980 974 1049 1017 esse

123 1039 321 1119 hoereticum,
345 1040 403 1098 nisi
426 1039 507 1119 epnd
530 1040 705 1100 Thomistos
728 1040 816 1100 forte.

148 1162 150 1171 ,
209 1122 500 1185 seeundodebitum
521 1123 592 1182 ideo
615 1122 678 1182 dixi
700 1123 792 1183 etiam
813 1124 901 1200 iisll,
923 1124 1047 1202 quitsm

125 1207 254 1287 perfecti
275 1226 338 1267 non
361 1213 440 1282 sunt,
464 1207 534 1285 qnia
555 1223 636 1285 pepe
663 1207 801 1267 minister
822 1207 1048 1283 estccolesiae,
1128 1210 1133 1219 “

125 1289 270 1370 quioquid
291 1295 396 1369 potest
428 1289 530 1348 fecere
552 1287 693 1349 fidelibus
721 1291 751 1348 in
781 1287 927 1367 salntem,
956 1287 1049 1349 debet

126 1373 182 1434 sub
206 1374 390 1432 necessitate
413 1373 518 1431 salutis
552 1373 643 1430 etiam
671 1374 776 1451 gratis.
819 1371 917 1446 Quod
939 1374 964 1432 si
978 1391 1048 1432 -non

125 1455 255 1534 fecerit,
291 1457 373 1514 Deus
403 1454 571 1535 supplebit:
603 1472 694 1534 spero
725 1475 780 1535 per
808 1455 1049 1516 misericordiam

127 1557 231 1616 suem,
254 1537 337 1616 quod
360 1538 453 1598 homo
477 1538 616 1616 neglexit
636 1557 691 1616 per
713 1538 861 1597 incuriam
881 1558 1001 1601 susm·
1029 1588 1032 1593 ⁴

97 1685 103 1689 ,
210 1620 259 1681 sd
272 1622 456 1681 tricesimam
474 1623 652 1699 septimam,
672 1629 836 1700 postquam
848 1620 978 1682 dimisse
991 1621 1048 1681 din-

126 1706 303 1785 put'ctione5
319 1723 411 1782 quam
429 1704 468 1763 de
485 1705 720 1783 pertici-petione
734 1703 884 1764 bonorum
898 1705 1049 1767 ecclesiae

127 1806 298 1867 coeperas,
322 1787 397 1846 dicis
419 1787 542 1846 tandem
566 1787 753 1846 haereticum
775 1806 825 1846 me
846 1806 932 1864 esse,
959 1789 985 1847 si
1007 1788 1049 1848 di·
1120 1856 1126 1862 N

128 1889 230 1931 cerem
265 1869 405 1930 sufficere
438 1871 558 1954 impleri
587 1871 753 1929 iniunctam
783 1871 1004 1949 poenitentiam
1031 1891 1050 1930 e

127 1953 290 2015 sacerdote
313 1954 379 2012 sine
400 1953 579 2032 impletione
602 1954 677 2029 eius,
700 1971 778 2032 quae
801 1953 898 2013 sDeo
920 1955 1050 2043 imponi-

128 2047 193 2116 tur,
225 2045 257 2096 et
283 2038 330 2095 sic
364 2036 489 2096 evolare
517 2044 713 2114 peccatorem
742 2055 803 2095 non
837 2036 994 2096 satisfacto
1015 2036 1046 2117 ²)

127 2122 212 2202 prius
234 2120 312 2180 Deo.

209 2203 295 2264 Sicut
316 2202 395 2279 dixi,
423 2209 526 2261 vester
556 2204 613 2261 iste
635 2220 703 2261 mos
727 2208 783 2277 est,
806 2202 832 2260 si
853 2220 920 2262 mos
945 2203 1049 2261 vocari

128 2294 250 2368 posset,
285 2292 371 2344 tento
392 2285 518 2344 cholera
540 2294 691 2361 aestuare,
713 2293 746 2343 ut
768 2285 865 2344 altem
886 2304 967 2363 pene
990 2285 1045 2364 syl·

128 2370 201 2430 leba
221 2369 409 2429 haereticum
432 2369 550 2445 dicetis,
574 2368 615 2427 nil
637 2369 696 2427 nisi
718 2368 923 2444 haereticum,
944 2368 1050 2427 haere-

128 2455 243 2532 ticum,
279 2453 467 2511 hoereticum
489 2451 668 2511 Thomistae
699 2451 782 2528 loqui
811 2450 998 2529 didicerunt,
1020 2459 1052 2510 et

128 2545 232 2597 tomen
255 2535 329 2594 nihil
353 2554 477 2614 prorsus
492 2532 622 2611 efficitis,
645 2535 702 2593 nisi
717 2533 799 2612 quod
814 2545 921 2594 contro
933 2543 1051 2595 vestros

128 2620 341 2700 frigidissimas
364 2625 395 2677 et
417 2617 599 2677 nudissimss
623 2619 785 2696 opiniones
800 2618 914 2677 dictum
936 2618 1051 2695 aliquid

128 2722 200 2764 esse
222 2702 368 2782 probatis.
396 2701 472 2762 Ideo
495 2701 568 2760 mihi
591 2701 630 2760 de
652 2700 740 2760 vobis
763 2701 857 2761 lseias
872 2703 908 2776 i)
933 2700 1053 2761 videtur

129 2786 247 2846 dicere:
292 2785 480 2863 concipietis
502 2784 659 2859 ardorem,
698 2791 729 2844 et
749 2785 875 2862 perietis
898 2784 1051 2865 stipulam.

129 2870 171 2930 Et
192 2868 267 2928 illud
289 2869 430 2948 gentilis:
466 2867 639 2927 Parturiunt
662 2874 791 2943 montes,
817 2877 960 2929 noscetur
980 2865 1049 2926 ridi-

129 2953 217 3013 culus
240 2948 336 3029 mus(

210 3035 361 3112 Primum5
383 3055 423 3093 ex
444 3034 609 3113 praedictis
631 3032 750 3104 vidisti,
773 3033 855 3110 quod
879 3033 918 3094 de
940 3054 1052 3115 poene,

130 3138 223 3198 quem
245 3119 329 3177 Deus
350 3117 470 3198 infligit
494 3117 633 3176 omnibns
655 3116 792 3195 portibus
822 3135 841 3174 a
861 3123 893 3176 te
915 3117 1054 3180 diversus
1112 3114 1119 3125 ’

131 3222 209 3278 sum,
233 3201 301 3261 eliis
324 3203 413 3260 nixus
438 3201 603 3278 principiiS,
626 3199 697 3259 ideo
711 3206 818 3274 totum,
842 3201 923 3278 quod
946 3211 1054 3263 contin

131 3305 182 3345 me
203 3284 401 3358 machineris,
423 3283 533 3342 frustra
556 3283 749 3343 machinaris.
793 3282 881 3361 Nego
903 3285 1055 3366 principie
1085 3352 1093 3366 ι

131 3378 206 3446 tuo,
245 3375 327 3427 otte
350 3373 447 3425 totum
470 3386 488 3425 a,
508 3366 615 3445 plante
635 3366 722 3446 pedis
752 3384 881 3444 usquam
904 3367 943 3425 ed
966 3372 1053 3429 verti-

132 3471 212 3527 cem,
235 3452 315 3510 sicut
335 3449 430 3509 hebes
453 3449 652 3510 fundamenta
669 3469 739 3510 mea
761 3451 899 3528 superius
923 3453 1034 3531 posite.

172 3724 202 3787 1)
224 3723 253 3772 ln
274 3721 316 3773 ed.
330 3721 403 3774 den:
424 3720 473 3773 his.
513 3721 545 3786 2)
567 3719 649 3774 lbid.:
669 3721 829 3773 satisfactio.

171 3793 203 3862 ⁸)
227 3794 289 3845 lsai.
316 3793 360 3848 59.
533 3801 536 3807 ’
561 3828 564 3833 Δ
870 3810 873 3814 ·
