2356 4200
393 240 546 319 donintona
563 243 818 319 indulgentium·
998 242 1072 325 2,οἳ

135 409 246 473 missis.
300 409 386 473 Sicut
418 413 573 475 Iohannes
608 418 778 496 praecurrit
810 417 980 496 Christum,
1014 421 1066 489 ito·

133 492 327 573 evangelium
350 496 484 561 missam.
529 496 728 578 Evangelium
756 501 925 579 prosternit
952 507 984 563 st
1004 499 1058 563 Iru-

133 572 245 650 miliat,
274 576 373 664 missa
392 578 558 641 humiliatis
586 581 638 641 dat
657 570 803 660 gratiam.
845 583 954 651 ilalius
977 601 1054 664 ergo

133 655 279 736 lacerent,
304 659 329 718 si
352 662 477 722 missam
498 663 704 743 prohiberent.
1039 714 1042 719 .

132 762 135 767 ·
215 738 355 823 Quaml)
383 744 544 823 pulchrum
574 763 646 807 vero
669 745 870 809 daemonibus
893 754 1056 827 spectacu-

132 821 194 881 lum
217 823 247 882 id
270 843 339 884 essa
360 836 468 908 putas,
499 830 524 886 si
553 824 676 907 quando
707 831 864 891 veniarum
893 829 1056 911 effusores,

132 905 191 984 ipsi
210 907 348 977 ,maxima
370 911 467 970 veniis
489 909 584 990 indigi
609 911 882 991 (putaSimoniaci
904 921 934 973 et
956 915 1054 976 inos-
1115 944 1119 955 =

130 1005 230 1049 nones
242 988 350 1069 lapsi),
374 991 447 1053 dant
462 992 531 1071 illis,
554 995 605 1073 qui
621 1013 747 1074 prorsus
764 1014 826 1057 uon
842 1004 935 1075 egent
949 997 1055 1063 veniis.

434 1188 651 1251 Conclusio
673 1182 749 1252 Lvlss

213 1302 544 1393 Thesauriecclesiac,
567 1316 658 1387 uude
669 1337 752 1398 papa
768 1317 820 1379 dat
837 1319 1062 1400 indulgentiam.

130 1415 232 1477 neque
254 1398 329 1458 satis
352 1398 501 1460 nominati
522 1407 602 1478 sunt,
627 1418 726 1482 neque
748 1403 863 1481 cogniti
892 1402 975 1482 apud
997 1421 1051 1484 po

130 1480 236 1559 pulum
262 1480 382 1542 Christi.
813 1554 816 1559 Ι
1052 1554 1056 1559 ,

213 1561 298 1625 Haec
326 1571 372 1624 est
401 1583 482 1625 mors
514 1564 667 1642 secunda,
701 1583 792 1645 quam
828 1567 934 1637 merui.
975 1566 1050 1629 Ideo

130 1651 293 1725 postquam
318 1646 413 1707 multa
433 1648 494 1709 iam
517 1645 568 1707 diu
591 1648 708 1708 ascani
730 1656 791 1708 tam
816 1650 1000 1728 manifesta„
1020 1658 1062 1722 ut.

128 1729 352 1807 protestatione
373 1748 436 1792 non
459 1738 601 1811 egerent,
629 1748 711 1791 nuuc
739 1750 868 1797 rursum.
885 1731 1062 1812 aliquando:

129 1810 346 1893 dIsputandum
369 1820 424 1891 est,
445 1812 578 1892 ideoque
591 1816 622 1873 et
638 1813 869 1892 protestandam
884 1816 999 1879 novissi
1031 1834 1061 1883 ai

127 1895 352 1972 protestatione
374 1896 404 1954 iu
427 1895 486 1955 hac
508 1895 723 1976 disputatione.
747 1895 878 1976 Disputo
899 1915 985 1976 crgo.
1001 1897 1051 1961 lac

127 1986 160 2037 et
191 1994 306 2057 quaero
336 1980 513 2053 veritatem,
544 1979 631 2041 testis
660 1979 774 2054 lector,
805 1979 891 2039 testis
919 1977 1050 2056 auditor,

127 2059 214 2121 testis
238 2058 287 2121 vel
308 2061 376 2141 ipse
397 2060 572 2122 haereticae
592 2063 750 2141 pravitatis
772 2062 942 2141 inquisitor.

421 2260 639 2321 Conclusio
661 2210 750 2321 LVII.

209 2386 409 2468 Temporales
438 2382 520 2455 carte
547 2384 610 2453 non
639 2408 708 2463 esse
726 2397 836 2469 patet,
870 2387 953 2469 quod
984 2408 1047 2465 nou

126 2466 302 2533 tam'laoile
328 2491 383 2533 eos
406 2470 609 2551 profundunt,
642 2472 696 2533 ssd
726 2472 938 2533 tantummodo
965 2471 1047 2533 colli-

126 2559 204 2634 gunt
225 2552 311 2617 multi
333 2556 595 2616 concionatorum.
1047 2544 1060 2566 ⁴

317 2712 320 2719 Ι
384 2636 464 2701 Satis
485 2646 570 2718 patet
590 2639 789 2718 experientia.

418 2832 633 2894 Conclusio
654 2833 756 2894 LVIII.

208 2958 274 3041 Nec
296 2967 366 3021 sunt
383 2958 490 3020 merita
503 2960 614 3021 Christi
629 2966 660 3020 et
674 2966 862 3039 sanctorum,
885 2958 1045 3041 quiahoao

124 3062 247 3126 semper
268 3043 335 3103 sine
356 3062 439 3123 papa
460 3051 626 3122 operantur
652 3045 782 3122 gratiam
809 3042 944 3105 hominis
970 3044 1052 3125 inta-¹

122 3127 223 3204 soris,
245 3128 430 3207 etncrucem,
452 3134 596 3206 mortem,
618 3125 839 3209 infernumque.
852 3125 1023 3209 exterioris.

205 3206 302 3271 Huius
326 3209 531 3271 conclusionis
554 3210 682 3269 materia
706 3206 858 3289 profunde
884 3210 974 3271 nimis
1000 3209 1044 3285 iu·

121 3294 237 3371 haesit,
266 3288 359 3372 atquc
388 3293 507 3373 penitus
528 3292 640 3353 insedit
662 3277 725 3352 fae
747 3288 889 3353 omuibus
912 3292 1058 3373 doctori„¹

123 3376 198 3455 bns,
225 3374 296 3437 ideo
319 3376 408 3436 latius
430 3385 461 3436 et
481 3369 596 3436 firmius
617 3372 780 3457 probanda
802 3374 876 3435 mihi
897 3376 969 3454 erit,
1001 3373 1057 3453 faa

122 3463 264 3538 clamque
286 3458 317 3518 id
340 3476 409 3519 cum
431 3457 553 3520 fiducia.
707 3456 711 3462 ’
977 3504 981 3510 .
1014 3487 1043 3509 υ

206 3541 390 3607 Demetitis
415 3541 693 3628 sanctornmprirrs.
719 3540 832 3601 Dicunt
845 3536 1041 3619 errarunt

195 3733 226 3804 1)
246 3734 277 3786 lu
297 3733 340 3790 ed.
359 3734 434 3788 Jeu.:
454 3733 546 3800 Quod.
577 3790 581 3797 ,

159 3838 252 3883 Lntherl
265 3850 316 3891 opp.
330 3841 357 3883 V.
371 3839 399 3880 Α.
415 3837 561 3880 sanctitat
578 3838 593 3879 l⁴
610 3847 632 3888 p.
647 3837 695 3881 Vol.
709 3839 738 3877 11.
836 3839 873 3902 ῃ
