2356 4200
502 85 510 112 ί
596 88 601 107 l
918 108 934 139 ο

367 283 400 338 ds
419 283 781 354 virtuteindulgentiarum.
964 272 1026 348 153

103 456 231 514 victima
251 454 283 514 in
304 451 440 513 membra
462 455 632 528 conscissa,
667 461 699 514 et
725 453 807 534 pelle
828 452 966 514 detracta
991 453 1029 514 im

102 538 318 599 holocaustum
328 537 467 597 incensa.
495 537 536 597 Et
556 537 606 597 hic
627 536 792 598 infunditur
818 544 868 609 (ut
889 534 1027 635 vocant)

84 680 87 689 ,
105 621 215 702 gratia,
239 623 319 680 siout
341 621 383 679 ait
405 620 477 680 Esa.
491 623 545 682 li:
573 621 776 700 Persequetnr
798 638 863 697 eos,
885 618 1032 680 transibrt:

103 706 135 764 in
160 722 256 784 pace,
290 709 321 763 et
352 705 419 766 662·
449 702 550 782 Super
583 723 672 782 quem
701 705 875 782 requiescet
902 704 1024 781 spiritns

103 806 207 863 meus,
238 787 297 846 nisi
325 806 416 865 super
438 787 573 865 quietum
597 793 627 846 et
648 787 811 864 humilem,
844 791 1028 846 trementem

103 888 262 930 sermones
293 869 400 929 meos?
443 869 483 928 Et
511 869 661 930 Ezechias
689 871 762 930 Esa.
784 870 838 934 38:
881 869 1028 947 Domino,

104 954 129 1013 si
152 954 197 1013 sic
217 953 343 1026 vivitur,
367 959 397 1011 et
408 952 530 1034 ¹talibus
552 954 616 1013 vita
638 955 760 1033 spiritus
783 955 852 1031 mei,
876 953 1027 1032 corripies

104 1055 164 1115 me,
186 1040 218 1096 et
238 1033 407 1095 vivificabis
429 1055 488 1096 me.

188 1119 304 1178 Verum
328 1124 399 1177 tuno
421 1119 501 1179 adeo
529 1119 652 1199 ignorat
682 1118 776 1179 homo
807 1119 853 1178 sui
883 1116 1027 1178 iustifica-

105 1203 239 1280 tionem,
267 1208 301 1261 nt
321 1221 390 1261 sesa
412 1202 585 1282 proximum
609 1210 695 1282 putet
718 1201 917 1262 damnationi.
960 1201 1029 1261 Noc
1063 1228 1066 1241 ·

105 1285 290 1346 infusionem
313 1285 445 1364 gratiae,
478 1285 533 1345 sed
556 1284 736 1345 effusionem
766 1287 830 1344 irae
853 1284 911 1343 Dei
933 1300 1028 1364 super
1094 1330 1125 1364 ‚¹

105 1387 141 1430 se
164 1368 245 1427 hanc
265 1374 353 1447 putet
374 1387 452 1430 esse.
496 1368 610 1428 Beatus
631 1375 750 1438 tamen,
773 1369 799 1427 si
820 1365 927 1426 suffert
946 1366 1028 1427 hano

105 1452 324 1529 tentationem,
347 1452 493 1529 quoniam
517 1469 585 1510 oum
608 1470 641 1510 sa
664 1457 877 1531 consumptum
900 1458 1025 1529 putave-

84 1535 153 1612 rit,
177 1535 292 1594 orietur
314 1534 393 1593 sicut
415 1534 529 1594 lucifer.
577 1597 581 1603 ,

190 1616 296 1676 Stante
318 1624 420 1676 autem
443 1616 501 1676 hac
522 1617 634 1676 misera
648 1615 857 1675 conscientiae
869 1633 942 1674 suae
954 1632 1028 1673 oon·

104 1699 227 1760 fusione.
247 1717 310 1757 nou
327 1699 551 1779 babetpacem,
573 1717 674 1778 neque
687 1698 944 1775 consolationem,
966 1697 1027 1757 nisi

106 1781 145 1841 ad
167 1789 352 1862 potestatem
376 1781 528 1843 ecclesiae
550 1782 722 1861 confugiat,
745 1782 869 1860 suisque
891 1781 1027 1860 peccatis

107 1873 138 1924 et
160 1865 290 1923 miseriis
311 1883 368 1944 per
389 1865 615 1926 confessionem
639 1864 767 1924 detectis
789 1863 926 1944 postulet
948 1863 1029 1922 sola·

109 1949 182 2007 tium
213 1953 244 2006 et
271 1946 456 2024 remedium,
489 1967 590 2027 neque
622 1949 703 2007 enim
731 1967 786 2007 suo
818 1945 948 2006 oonsilio
979 1945 1030 2005 vel

109 2030 222 2089 auxilio
259 2049 328 2090 sese
361 2032 475 2109 poterit
505 2050 632 2112 pacare,
672 2031 735 2089 imo
770 2027 985 2089 absorberetur
998 2024 1029 2110 ¹)

107 2112 231 2172 tandem
265 2114 387 2173 tristitia
420 2115 450 2174 in
485 2113 741 2194 desperationem.
790 2111 848 2178 Hic
880 2110 1027 2172 sacerdos

108 2196 199 2256 talem
223 2196 331 2258 videns
346 2197 548 2259 bumilitatem
567 2203 598 2256 et
614 2197 882 2275 compunctionem
901 2193 940 2254 de
954 2193 1029 2253 lidu-

105 2280 154 2338 oia
186 2281 349 2357 potestatis
377 2279 434 2339 sibi
471 2280 509 2340 ad
538 2278 752 2355 faciendam2)
786 2277 1027 2338 misericordiam

106 2361 238 2421 traditae
255 2362 432 2441 plenissime
450 2372 627 2443 praesumat
651 2369 682 2422 et
700 2361 811 2434 solvat,
833 2361 1029 2438 solutumque
1059 2418 1069 2441 ,

107 2446 300 2525 pronunciet,
324 2464 361 2504 ac
385 2447 429 2505 sic
450 2465 558 2526 paoem
584 2447 612 2506 ei
635 2446 844 2506 conscientiae
866 2443 969 2505 donet.

191 2526 408 2587 Absolvendus
430 2548 504 2589 vero
528 2530 612 2589 omni
634 2528 734 2588 studio
758 2534 881 2605 caveat,
914 2545 954 2586 ne
976 2524 1029 2585 du-

107 2609 228 2677 bitet*)
262 2609 318 2669 sibi
348 2612 476 2671 remissa
498 2631 566 2671 esse
588 2612 669 2691 apud
691 2611 790 2670 Deum
812 2617 941 2690 peccata
963 2624 1028 2687 sua,

106 2693 207 2771 sitque
229 2693 348 2770 quietus
377 2694 407 2752 in
438 2694 541 2755 corde.
579 2694 657 2754 Nam
681 2694 738 2754 etsi
761 2711 835 2772 prae
859 2711 933 2751 suae
956 2710 1027 2751 con-

107 2776 254 2835 scientiae
283 2776 464 2837 confusione
493 2779 532 2836 sit
558 2779 691 2838 incertus
723 2777 822 2853 (sicut
849 2774 1029 2854 regulariter

106 2864 231 2937 oportet
252 2856 334 2928 ficri,
358 2860 382 2917 si
405 2861 601 2938 compunctio
624 2879 699 2921 vera
720 2864 797 2937 est),
819 2864 923 2918 tamen
946 2862 1028 2916 stare

106 2949 228 3000 tenetur
249 2940 375 3003 alterius
396 2943 524 3020 iudicio,
553 2962 615 3002 non
637 2949 763 3023 propter
783 2943 882 3021 ipsum
906 2939 1026 3000 Praela-

106 3031 170 3083 tum
199 3030 251 3083 aut
272 3031 458 3103 potestatem
491 3027 555 3086 eius
583 3026 646 3085 ullo
677 3024 786 3102 modo,
820 3024 874 3085 scd
902 3029 1028 3103 propter
1075 3016 1078 3028 '

107 3105 233 3165 verbum
258 3106 386 3182 Christi,
419 3109 469 3186 qui
495 3109 616 3168 mentiri
644 3127 707 3169 non
729 3114 848 3188 potest,
879 3105 1025 3166 dicendo:

107 3187 320 3267 Quodcunque
343 3191 471 3250 solveris
486 3199 710 3271 superterram.
738 3189 829 3250 Fides
844 3191 925 3250 enim
938 3189 1040 3249 buius

105 3271 192 3331 verbi
222 3272 315 3331 faciet
342 3292 451 3351 pacem
484 3275 708 3351 conscientiae,
739 3273 810 3333 dum
842 3275 928 3332 iuxta
954 3270 1028 3331 illud

106 3354 251 3415 sacerdos
275 3354 410 3416 solverit.
434 3356 494 3431 Qui
516 3375 589 3416 vero
614 3376 721 3437 pacem
744 3357 805 3416 alia
826 3357 877 3415 via
899 3354 1027 3434 quaerit,

107 3443 215 3517 utputa
244 3438 434 3516 experientia
461 3441 558 3516 intus,
589 3440 639 3499 hic
671 3447 754 3500 certe
780 3440 878 3499 Deum
908 3438 1028 3498 videtur
1106 3446 1110 3455 '

104 3609 525 3622 m*

180 3711 211 3781 1)
233 3712 264 3762 ln
283 3710 326 3764 ed.
345 3711 417 3764 len:
442 3711 614 3764 absorbetur.
662 3711 694 3779 2)
715 3711 796 3768 lbid.:
817 3713 982 3766 faciendum.

178 3784 207 3849 ⁸)
228 3782 300 3837 Usus
318 3782 654 3853 privataaabsolutionis.
