2356 4200
382 294 507 349 adniti.
526 295 556 351 F.
576 297 806 353 somersetiam
1017 299 1058 364 35

134 463 165 523 in
188 472 362 542 unum,et
331 463 452 527 etfinis
481 471 529 527 est
550 464 742 561 disputandi,
770 467 842 545 quia
869 466 945 546 hoc,
975 467 1059 562 quod

134 544 268 606 affirmas
290 554 323 607 tu
331 566 421 627 ,ego
442 567 538 628 nego,
567 550 613 608 vis
635 568 709 628 ergo
737 555 771 610 ut
791 552 847 610 siet
835 550 955 611 tamus?
983 558 1057 613 nam

134 628 281 710 deinceps
313 640 436 709 praeter
462 630 567 691 divum·
586 631 738 693 Thomam
766 633 842 694 nihil
862 633 970 712 ponis,
998 635 1058 694 nisi

133 712 217 791 qnod
240 713 406 792 aliquando
429 733 479 774 me
501 716 649 775 conviciis
671 716 848 794 insectaris,
872 716 985 795 ubique
1006 735 1059 779 ou·

132 803 195 857 ιιιιιι
204 796 392 858 invidiosum
403 795 542 877 pontifici
556 817 605 858 me
619 798 721 859 facere
742 799 858 877 studes,
879 799 936 860 sed
957 807 1055 862 nans·

124 879 233 942 oliam
254 878 396 942 breviter.

167 962 375 1025 Decimam
398 983 513 1025 nonam
536 966 725 1043 praeteriens
748 965 944 1044 dicisidem,
973 966 1058 1044 quod

132 1064 227 1126 snpra
248 1046 293 1108 ad
322 1045 473 1108 decimam
500 1055 638 1126 quartam
673 1055 706 1109 et
736 1048 886 1113 decimam
922 1051 1057 1128 quintam

132 1128 671 1210 mmmmmtemw.

216 1211 332 1274 Contra
360 1215 538 1274 vicesimam
567 1212 661 1292 dicis,
692 1233 862 1275 summum
878 1176 1058 1294 pontificem

131 1313 227 1389 posse
254 1297 409 1356 remittere
435 1316 570 1375 poenam
598 1305 661 1357 tam
682 1298 859 1375 impositam
873 1317 984 1396 quam
994 1316 1057 1359 nan

131 1378 375 1457 impositam,ut
340 1379 507 1440 utedocet
529 1380 617 1440 divus
640 1380 785 1523 Thpmas,
809 1382 992 1459 oppositum
1007 1400 1058 1443 au·

131 1467 192 1522 tam
223 1460 326 1525 dicere
360 1469 409 1522 est
436 1463 687 1542 haereticum,e
671 1469 854 1524 etcontna
851 1465 1056 1597 privilegium

130 1542 237 1613 ιιιιιιιιιι
257 1543 360 1607 Petro.

214 1650 417 1728 Respondeo.
440 1651 539 1732 Nego,
565 1659 595 1712 et
617 1653 696 1712 ratio
718 1651 852 1732 negandi
871 1648 1058 1733 dictasu'pra

131 1732 333 1792 conclusione
355 1735 467 1814 quinta
503 1698 688 1794 Haeretieus
705 1738 807 1795 autem
831 1754 895 1816 ero,
917 1737 953 1814 si,
974 1743 1057 1815 post-

131 1821 224 1894 quam
238 1812 381 1876 ecclesia
403 1817 456 1877 det
444 1820 661 1898 terminaverit,
684 1837 746 1879 non
769 1824 916 1881 tenuero.

130 2000 159 2063 d
215 1918 264 1983 Ad
296 1922 474 1983 vicesimam
506 1926 637 2004 primam
666 1943 715 2020 me
753 1920 893 2013 cdnvicio
933 1924 1056 2007 pungis,

130 2010 359 2066 1eot.ranseo

140 2168 143 2173 ,
213 2104 263 2167 Ad
286 2107 465 2167 vicesimam
486 2107 653 2171 secundam
678 2127 716 2171 ea
738 2102 857 2186 diois,
863 2125 949 2187 quae
965 2126 1057 2186 supra

129 2176 332 2249 conclusione
355 2191 460 2284 quinta
481 2199 553 2250 sunt
541 2192 742 2252 tconfutata
784 2190 873 2270 Nego
897 2208 975 2252 esse
996 2189 1055 2253 fac-

130 2279 195 2335 tum
217 2279 248 2331 et
237 2271 365 2333 t'doct
332 2280 441 2333 trinam
463 2274 629 2353 ecclesiae,
652 2273 784 2335 relaxari
806 2292 925 2353 poenas
947 2292 1055 2355 purga-

131 2356 200 2417 torii
228 2375 284 2434 per
314 2357 394 2415 viam
429 2356 655 2436 indulgentiae,
695 2376 878 2437 quamquam
911 2355 1055 2434 admiror,

130 2437 213 2518 quod
234 2439 314 2498 hane
336 2440 581 2518 propositionem
604 2461 667 2501 non
691 2440 921 2520 approbaveris,
944 2440 1056 2518 quisu-

128 2522 231 2601 perius
255 2521 386 2582 docuisti
411 2528 441 2581 et
462 2522 633 2602 admisisti,
670 2525 788 2584 animas
815 2521 848 2587 ιιι
874 2524 1053 2603 purgatorio

130 2624 193 2668 oon
216 2605 338 2665 solvere
361 2607 526 2667 canonicas
548 2626 682 2687 poenas,
710 2614 744 2667 ut
772 2608 846 2667 dicit
879 2625 950 2671 rnea
976 2605 1054 2667 haec

105 2732 108 2738 -
128 2689 312 2768 propositio.

213 2788 262 2850 Ad
289 2790 468 2850 vicesimam
497 2792 616 2851 tertiam
645 2792 741 2870 longo
764 2790 927 2851 verborum
956 2795 1055 2851 tractu

128 2873 243 2952 repetis
272 2872 320 2950 id,
355 2873 437 2951 quod
468 2893 560 2953 supra
587 2881 750 2934 tractatum
772 2880 820 2933 ast
840 2873 1055 2952 propositione

129 2962 219 3017 sexta
241 2954 279 3015 de
301 2959 501 3017 attritioneet
522 2959 718 3033 contritione,
741 2955 887 3035 quodibi
910 2956 984 3032 dixi,
1005 2955 1055 3017 bic

129 3038 245 3100 dictum
265 3046 349 3117 puta.
391 3039 461 3099 Non
484 3047 531 3101 est
552 3042 633 3100 enirn
655 3038 887 3101 fundamentum
904 3038 1056 3118 theologi-

128 3141 209 3199 cum,
230 3140 270 3181 ex
292 3124 395 3183 attrito
417 3122 482 3183 lieri
506 3125 670 3184 contritum
692 3124 802 3183 virtute
822 3121 973 3198 clavium,
999 3120 1055 3183 aad

128 3225 303 3267 erroneum.
351 3207 471 3267 Deinde
495 3208 608 3269 attritio
632 3226 686 3267 seu
710 3205 800 3266 dolor
820 3205 873 3265 ille
894 3204 1053 3284 imperiec-

128 3298 177 3349 tos
200 3285 263 3349 n'oo
287 3296 335 3349 est
361 3290 459 3369 idem,
497 3290 579 3368 quod
613 3290 693 3350 velle
726 3288 840 3350 habere
862 3288 1056 3349 doloremet

128 3374 259 3452 gratim
282 3373 356 3451 Dei,
390 3374 445 3434 ssd
467 3374 517 3434 vel
539 3381 587 3434 est
608 3373 761 3433 simulatio
789 3371 899 3448 fallax,
927 3371 979 3431 val
1006 3380 1054 3433 cst

126 3457 246 3517 initium
272 3457 387 3535 gratiae
410 3458 613 3535 verissimum,
637 3458 714 3516 sicut
730 3457 765 3516 B.
786 3455 974 3535 Augustinus
996 3455 1054 3515 ait:

128 3539 325 3600 Desiderium
352 3542 470 3620 gratiae
499 3547 547 3600 est
534 3542 638 3601 ttini
639 3542 718 3601 ium
734 3545 803 3618 grat
791 3540 867 3618 t,iae
901 3544 933 3599 et
965 3536 1052 3601 aliti:
1087 3536 1093 3544 “

130 3622 219 3682 Velle
250 3641 319 3683 esse
347 3624 459 3684 iustum
490 3631 537 3683 est
565 3643 678 3703 magna
705 3639 777 3701 pars
803 3586 947 3683 iustitiae.
989 3621 1054 3682 lmo

129 3712 221 3784 apost
210 3706 264 3766 toli
318 3707 349 3765 in
388 3726 425 3767 eo
461 3707 558 3787 gradu
589 3711 838 3786 permanserunt,
875 3705 1036 3769 Roma?

131 3788 222 3850 Velle
244 3789 317 3848 mihi
338 3789 460 3871 adiecit,
481 3790 631 3871 perficere
652 3808 714 3852 non
728 3788 866 3855 invenio
895 3786 966 3851 Non
980 3803 1053 3868 ergo
1096 3863 1099 3867 1

803 3909 849 3979 31
