2356 4200
991 268 1052 337 821

204 441 360 515 tuoruum
384 442 507 508 (insisti
529 441 638 524 passio
659 439 706 505 sit
727 430 964 506 oonsidsrauds.

207 604 333 668 Homini
359 626 423 668 non
456 615 503 667 ost
523 606 746 682 neosssarium,
776 611 808 665 ut
828 604 982 666 Christum
1015 606 1048 664 in

126 691 224 771 ipsius
255 691 400 770 passione
417 740 419 745 .
438 689 594 770 deploret,
628 687 682 748 sed
716 689 870 767 mugisse
896 687 995 767 ipsum
1018 686 1050 746 in

127 772 260 837 Christo.
302 772 382 834 Nam
403 776 507 853 passio
532 771 642 834 Christi
672 770 722 852 (ut
745 770 776 832 S.
797 778 886 851 pater
906 769 1050 848 Augusti-

126 875 184 916 nus
208 852 298 936 dioit)
322 875 384 916 non
408 856 508 916 solum
535 854 624 916 nobis
652 853 826 934 exemplum
855 859 916 930 est,
945 862 978 911 ut
1004 869 1051 913 ss-

127 956 258 1018 quamur
279 938 345 999 eius
368 938 513 1021 uestigia,
548 945 579 998 et
606 938 637 997 in
658 937 748 997 nobis
770 934 907 996 membra
930 944 1051 997 terrena

127 1020 361 1101 oruoiflgamus‚
394 1020 451 1082 sed
472 1022 564 1084 etiarn
579 1018 607 1102 Ι)
639 1028 864 1080 saoramentum
888 1026 920 1078 et
940 1024 1051 1098 myrto

126 1104 217 1182 rium,
240 1104 394 1165 Christum
415 1123 471 1185 per
491 1123 578 1166 suam
594 1101 794 1183 temporalem
811 1108 842 1161 et
857 1100 1049 1180 corporalem

126 1187 304 1268 passionom
327 1194 465 1249 nostram
480 1186 669 1268 spiritualem
683 1194 861 1266 perpetuam
874 1184 1050 1264 passionem

125 1270 238 1331 sotoris
258 1269 390 1330 hominis
413 1271 523 1330 risisse
543 1278 574 1330 at
594 1267 795 1328 oruoiflxisse.

209 1354 315 1432 itaque
336 1353 513 1432 passionem
536 1351 647 1413 Christi
667 1351 779 1410 utiliter
806 1348 857 1411 vei
879 1347 1047 1424 auditurus,

125 1433 176 1496 vel
198 1434 342 1509 laetatus,
365 1435 413 1495 vei
436 1434 694 1496 consideraturus.
707 1432 798 1493 talem
822 1433 980 1511 oouoipias
993 1450 1047 1492 ns·

125 1535 214 1579 ossss
235 1525 283 1578 sst
304 1517 458 1596 affectum,
479 1527 627 1597 tanquam
649 1514 857 1596 ipseeandem
871 1516 1047 1595 passionem

125 1601 158 1661 in
180 1608 213 1662 et
232 1619 300 1661 oum
313 1599 614 1682 Christorpatsreris.
641 1599 725 1678 Ergo
749 1597 877 1658 audiens
895 1597 1047 1658 Christum

124 1681 313 1763 flagellatum
335 1684 383 1744 vel
405 1702 595 1763 percussum,
617 1679 781 1751 considera
802 1680 863 1742 hoo
883 1678 1049 1758 significari

125 1773 158 1827 ts
179 1766 375 1846 spiritualiter
390 1765 574 1848 flagellatum
591 1754 640 1826 v'el
653 1781 842 1844 portuosum.
864 1761 949 1823 Siout
959 1763 1050 1842 igitur

125 1849 190 1926 tibi,
212 1849 238 1908 si
260 1846 354 1910 modo
375 1868 470 1910 sanae
493 1850 601 1910 mentis
624 1847 718 1908 homo
741 1865 784 1924 es,
807 1844 942 1907 doletis
965 1845 1049 1924 spiri-

125 1931 290 1993 tualitera
312 1939 410 1995 morto
431 1933 551 2013 peooati
573 1938 604 1992 et
624 1931 731 2011 spiritu
754 1928 889 2009 maligno
912 1927 1051 2001 oruoiari,

125 2016 170 2076 ito
191 2013 290 2094 dolet,
319 2024 349 2076 et
376 2015 500 2095 quidem
530 2004 738 2074 vehementius
766 2010 850 2072 doiet
878 2009 908 2071 id
931 2008 1051 2071 Christo

81 2160 86 2167 ,
125 2104 305 2179 propterte
328 2098 358 2158 in
380 2117 438 2159 sna
459 2099 634 2180 passione·
656 2096 702 2157 Tu
723 2095 837 2177 pateris
854 2112 905 2155 ·sx
933 2094 1052 2170 merito,

127 2179 266 2242 Christus
293 2191 419 2262 proptor
441 2189 471 2241 te
493 2189 523 2241 et
544 2182 734 2256 innocenter,
757 2185 885 2256 portans
906 2178 936 2236 in
961 2193 1052 2236 ornes

126 2281 191 2324 non
207 2281 273 2340 sua,
295 2262 350 2324 sed
372 2271 425 2325 tua
444 2272 584 2345 paooata.
626 2263 673 2323 Its
695 2259 899 2322 confitebatur
920 2259 998 2319 iutro
1019 2258 1049 2317 in

126 2365 219 2406 ornos
245 2347 420 2426 passionem
443 2347 564 2410 Christi.

212 2426 263 2489 sie
284 2439 315 2490 et
336 2428 421 2490 disoe
442 2449 482 2491 ex
504 2427 658 2509 oorporali
682 2427 828 2508 passione
846 2425 958 2486 christi
980 2443 1051 2504 eog-

129 2511 281 2573 nitiouem
306 2521 376 2573 tuae
398 2513 562 2592 spiritualis
584 2511 754 2591 passionis,
788 2516 818 2570 et
847 2509 986 2568 notitiam
1009 2509 1051 2567 tui

127 2594 235 2677 ipsius.
280 2594 417 2656 Christus
439 2597 469 2655 in
492 2615 548 2656 sua
570 2595 715 2675 passione
737 2611 900 2673 personam
934 2599 1051 2650 nostro-

128 2697 196 2738 rum
219 2670 416 2757 peoo‘atorum
440 2680 584 2759 suscepit,
605 2676 677 2738 ideo
700 2695 757 2736 nos
778 2677 810 2734 in
832 2672 976 2735 sordibus
998 2690 1050 2733 no-

129 2760 201 2820 stris
223 2759 301 2821 tulas
324 2774 429 2822 eoram
441 2761 509 2822 Deo
532 2778 683 2841 apparere
705 2757 862 2831 debemus,
886 2756 1053 2835 sicutipse

131 2860 237 2904 ooram
260 2843 434 2904 hominibus
456 2865 512 2926 pro
535 2843 625 2904 nobis
648 2842 798 2922 apparuit.
841 2839 881 2899 Et
910 2836 1053 2918 quemad-

130 2924 257 2987 modum
279 2927 347 3006 ipss
367 2937 495 3008 propter
516 2945 573 2987 nos
596 2926 780 2994 lamentatus
801 2929 864 3000 est,
891 2921 934 2981 ita
964 2921 1053 2982 debs-

128 3027 198 3069 mus
222 3027 279 3069 nos
301 3011 386 3090 ipsos
408 3029 501 3090 super
521 3029 591 3070 eum
613 3007 782 3087 deplorare.
817 3004 902 3065 Siout
924 3004 1053 3064 mulieri-

128 3090 187 3153 bus
210 3089 349 3170 dixit*):
391 3091 494 3153 Nolite
515 3090 588 3152 flere
610 3109 701 3170 super
724 3108 782 3162 me,
805 3074 975 3167 sed'super
998 3105 1052 3147 vos

131 3183 164 3239 st·
184 3172 263 3236 iiiios
287 3183 415 3240 vestros.
749 3218 752 3223 -

213 3256 309 3338 igitur
331 3260 433 3337 quise
455 3260 555 3339 ipsum
577 3274 639 3317 non
663 3254 805 3334 intelligit
836 3261 866 3313 et
886 3252 1003 3312 invenit
1023 3253 1053 3311 in

129 3341 277 3423 passione
301 3340 428 3422 Christi,
457 3362 525 3404 eam
548 3359 610 3401 non
632 3338 774 3417 inteiligit
795 3335 995 3410 sufficienter,
1024 3342 1054 3395 et

129 3424 242 3486 frustra
264 3425 485 3505 compotitur²j
513 3424 644 3503 Christo,
667 3423 732 3482 sive
746 3419 857 3482 Christi
880 3420 978 3479 vioem
1002 3415 1054 3478 do-

203 3628 286 3695 1)1n
306 3629 407 3683 ad.or.
428 3645 452 3682 a.
476 3631 554 3685 1519:
576 3630 660 3682 otiam
680 3635 728 3681 est.
784 3627 816 3692 2)
839 3574 1055 3702 Ibidem-oom-

132 3707 255 3771 parotnr.
1020 3712 1040 3725 ··

189 3773 219 3840 ⁴)
240 3771 330 3826 Lnoas
348 3769 390 3827 22

160 3871 253 3914 Lutissri
266 3883 318 3924 opp.
332 3873 359 3915 V.
372 3871 401 3913 Δ.
414 3871 444 3912 so
456 3870 498 3912 rar.
510 3869 561 3912 hist.
575 3871 590 3910 t.
604 3871 689 3943 p3vot
703 3868 733 3912 11.
806 3870 849 3933 Ἃ
