2356 4200
433 272 538 329 Contra
562 272 640 329 Obel.
659 275 742 328 Eccii.
925 238 927 243 =
984 272 1046 337 41?

209 441 268 502 Hic
291 441 372 520 dico,
394 443 507 502 remitti
530 443 580 502 vel
601 442 725 503 arbitrio
748 443 918 522 impositas,
940 451 973 503 nt
993 443 1047 504 ho·

127 524 177 585 die
198 523 243 602 ilt,
266 526 316 586 vel
338 543 475 585 canones
497 525 634 586 nondum
657 544 725 585 esse
745 523 800 585 sub
818 533 984 607 praecepto
996 527 1047 587 ah

126 614 266 688 rogatos.
309 606 400 682 Quod
423 608 448 666 si
470 606 501 666 id
523 608 613 668 nimis
631 608 692 668 vile
705 607 833 686 videtur,
856 608 1048 689 respondeo:

127 689 239 750 Melius
270 696 318 750 est
343 692 374 750 in
404 708 438 750 re
465 708 527 750 non
558 691 732 751 necessaria
758 688 797 750 ad
825 691 954 752 salutem
976 691 1047 769 vile,

127 791 221 853 quam
244 772 448 850 mendacium,
470 777 680 852 exspectoque
701 773 751 833 vel
773 775 957 835 contrarium
979 794 1049 854 pro·
1162 784 1173 823 ·'

128 855 205 934 bari,
228 855 281 916 vel
303 856 466 916 ecclesiam
480 855 693 934 determinare,
714 856 875 935 interim-l)
900 858 1051 936 opinioni·

127 938 185 999 bus
210 937 369 1007 hominum
391 938 465 999 volo
486 939 529 998 uti
551 947 582 998 et
602 937 700 1012 abuti,
730 957 786 1018 pro
809 958 879 999 mea
899 939 1050 1018 libertate,

128 1020 281 1100 siquidem
304 1020 399 1081 Eccio
423 1038 546 1099 quoque
568 1040 630 1081 non
654 1039 750 1102 cogor
772 1021 907 1098 credere,
932 1024 989 1083 nisi
1001 1042 1049 1083 ec-

130 1104 314 1181 cleeiastice,
336 1123 399 1164 non
418 1110 519 1163 antem
541 1103 737 1181 scholastice,
759 1104 910 1183 loquatur.

213 1185 264 1246 Ad
286 1185 362 1246 illud
383 1204 475 1264 vern,
504 1205 676 1266 repugnare
705 1187 845 1266 dignitati
867 1190 1049 1249 sacramenti

128 1270 341 1350 poenitentiae
353 1269 453 1329 nullas
466 1270 578 1329 remitti
597 1287 724 1349 poenas,
747 1270 833 1330 dico:
856 1270 1049 1349 Quamquam

128 1371 187 1413 nec
210 1353 391 1412 canonistas
413 1370 471 1411 nec
494 1351 631 1431 theologi
655 1353 729 1411 certi
751 1353 813 1412 sint
837 1360 975 1432 (praeter
1002 1373 1050 1414 so-

127 1435 190 1495 lum
212 1434 380 1513 Eccium),
409 1434 480 1512 quid
504 1436 660 1495 remittant
680 1435 784 1494 claves
805 1435 835 1494 in
858 1436 957 1496 forma
978 1454 1049 1498 con-

128 1524 225 1596 sueta,
248 1517 323 1577 mihi
345 1524 449 1577 tamen
466 1517 522 1576 luit
543 1517 631 1576 huius
652 1517 814 1596 positionis
837 1536 875 1578 ea
888 1519 938 1578 vel
951 1522 1051 1599 prima

128 1619 232 1679 causa,
255 1598 340 1678 quod
363 1601 452 1659 nimis
470 1599 538 1660 vilis
561 1601 601 1659 sit
621 1599 750 1659 clavium
774 1599 916 1680 dignitas,
939 1602 963 1660 si
987 1621 1049 1662 non

126 1684 189 1743 nisi
212 1682 401 1761 temporales
422 1700 541 1761 poenas
563 1683 728 1759 remittant,
750 1701 818 1742 cum
841 1684 903 1743 sint
923 1703 986 1745 non
1009 1685 1048 1744 ad

127 1765 257 1826 salutem
270 1783 324 1825 seu
344 1783 453 1844 pacem
477 1765 688 1845 temporalem,
705 1764 759 1825 sed
774 1773 931 1826 aeternam
949 1769 1051 1847 acqui-

126 1846 254 1909 rendam
266 1846 410 1912 donatae.
446 1847 551 1908 Poena
567 1849 649 1908 enim
663 1848 842 1928 temporalis
852 1868 900 1909 res
913 1855 960 1909 est
971 1849 1051 1910 vilis·

127 1932 216 2008 sima,
232 1929 387 2010 longeque
402 1929 536 2009 inferior,
548 1950 638 2011 quam
652 1938 686 1990 ut
702 1929 796 2010 digna
806 1932 844 1990 sit
856 1931 993 2010 clavibus
1006 1952 1051 1992 re-

129 2012 218 2091 mitti,
232 2031 302 2074 meo
315 2013 426 2073 saltem
436 2011 559 2091 iudicio,
576 2021 610 2072 ut
622 2011 722 2073 dicam
735 2013 822 2073 iufra.
845 2013 1051 2074 Vanissimum

133 2098 239 2176 itaque
260 2095 333 2155 mihi
355 2095 415 2155 hoc
432 2095 560 2156 obelisci
571 2096 697 2156 verbum
712 2095 842 2173 videtur,
858 2096 940 2174 quod
952 2116 1051 2158 sacra·

127 2180 224 2240 menti
239 2179 279 2238 sit
291 2178 458 2258 indignitas
477 2197 540 2239 non
557 2179 712 2238 remittere
730 2197 858 2258 poenae,
876 2198 944 2238 cum
960 2180 991 2240 id
1014 2183 1053 2241 sit

128 2263 231 2343 potius
242 2262 308 2322 eius
319 2261 496 2341 indignitas,
509 2262 534 2320 si
545 2262 681 2321 remittat
692 2279 810 2340 poenas
823 2262 930 2321 saltem
940 2265 1050 2342 princi-

129 2345 248 2426 paliter.
283 2343 344 2404 sed
364 2343 524 2404 audiamus
539 2343 695 2422 quomodo
710 2345 820 2423 probet
835 2344 1049 2424 indignitatem

127 2426 224 2501 illam,
246 2446 309 2487 non
332 2427 525 2503 scholastice,
548 2426 602 2486 sed
625 2426 800 2507 theologice
822 2426 990 2507 disputans.

211 2509 265 2570 Ec.
288 2508 367 2569 Nam
389 2516 582 2570 sacramenta
604 2528 705 2570 novae
719 2511 795 2591 legis
809 2509 944 2571 elliciunt
967 2511 1051 2591 quod

130 2593 275 2674 figurant,
305 2593 335 2652 in
369 2611 429 2670 quo
462 2593 614 2652 aveteris
636 2592 826 2653 Testamenti
850 2596 1050 2654 sacramentis

129 2681 318 2756 separantur.

213 2757 301 2820 Luth.
313 2757 404 2836 Vide,
418 2757 496 2816 haec
511 2775 573 2817 nou
588 2763 659 2817 sunt
670 2757 864 2819 scholastica.
887 2758 962 2834 Quis
974 2759 1052 2823 haec

130 2840 220 2920 dicit,
249 2842 309 2900 uisi
336 2842 386 2918 qui
413 2840 444 2898 in
480 2839 672 2900 scholasticis
705 2842 795 2919 nugis
823 2842 868 2900 sic
894 2843 1052 2902 mortuus?

131 2925 199 3004 quio
228 2923 319 3000 dicit,
352 2922 434 3002 quod
464 2929 657 2982 sacramenta
678 2941 779 2982 novae
801 2922 878 3002 legis
907 2923 1052 3002 efficiunt,

132 3006 216 3086 quod
239 3005 380 3086 figurant,
403 3005 460 3064 uisi
472 3005 619 3085 Magister
636 3006 860 3066 Sententiarum
882 3008 913 3065 in
936 3009 966 3068 4.
981 3027 1049 3067 cum

132 3089 273 3171 Hugonis
297 3087 495 3165 definitione,
522 3094 554 3147 et
581 3089 631 3166 qui
654 3107 708 3148 eos
732 3096 907 3167 sequuntur.
950 3089 1054 3151 Latior

131 3178 180 3233 est
201 3172 280 3232 haec
302 3172 438 3247 materia,
461 3189 552 3248 quam
576 3173 656 3230 sinat
673 3172 820 3251 temporis
832 3174 973 3251 angustia
985 3192 1053 3253 pro·

133 3255 229 3335 sequi.
272 3253 308 3313 ld
330 3254 431 3314 solum
450 3271 575 3332 queror,
600 3253 683 3331 quod
705 3252 816 3313 Eccius
839 3273 901 3314 non
924 3258 1054 3316 tacuerit

131 3339 242 3420 primo,
265 3336 388 3415 quando
411 3337 550 3415 promisit
572 3355 605 3396 se
628 3355 690 3396 uon
706 3336 892 3397 scholastice
905 3344 1052 3400 acturum.

217 3420 295 3480 Dico
320 3425 422 3478 tamen
446 3417 634 3496 brevissime,
657 3426 849 3479 sacramenta
860 3438 961 3480 novae
978 3421 1054 3502 legis

132 3522 197 3565 non
220 3501 356 3563 efficiunt
376 3501 521 3581 gratiam,
544 3519 634 3579 qnam
658 3502 795 3582 signant,
819 3502 874 3562 sed
895 3504 1056 3582 requiritur

133 3584 210 3646 fides
233 3592 305 3645 ante
328 3603 419 3644 omne
441 3590 675 3643 sacramentum.
705 3582 796 3644 Fides
811 3590 913 3645 autem
928 3593 1054 3667 estgra

134 3722 344 3738 ——nr--1

192 3785 223 3854 ί)
243 3784 360 3840 Ioesch.
372 3780 406 3845 at
423 3783 465 3838 ed.
484 3784 628 3837 Wittenb.:
647 3784 744 3837 intera

161 3908 319 3959 betharim·
334 3905 715 3959 mansuetissimam.
810 3909 853 3977 27
