2356 4200
470 309 496 348 a.
515 293 586 352 loto
603 293 701 351 babiti.
983 289 1045 357 113

138 465 204 527 Deo.
229 463 331 525 Primo
346 467 381 523 ut
407 462 439 523 in
460 462 560 525 Deum
583 463 770 526 disceremus
792 461 950 524 ooulldere
970 463 1045 523 sotis

136 566 195 609 esse
230 546 338 609 debuit
357 544 542 608 benelioium
575 553 704 609 naturae
737 547 827 610 uobis
865 545 967 608 datae.
1011 544 1043 608 Si

135 632 206 692 euim
226 629 390 708 oredimus,
413 628 497 709 quod
517 630 584 711 ipse
605 631 755 709 leoitnos,
777 632 844 711 ipse
856 635 958 690 tuetur
972 632 1050 706 nos,

131 715 189 797 ipse
223 713 337 774 educat
369 730 441 791 noa,
480 714 550 795 ipse
585 716 690 775 omnia
722 719 826 775 ereata
852 712 926 773 laoit
953 711 1045 774 nobie

130 797 248 876 sarrire,
269 796 297 856 ei
320 796 408 876 haee,
429 797 564 876 inquam,
587 797 739 858 oredimus
761 814 835 858 vera
857 814 945 874 esse,
967 795 1046 855 siout

128 887 210 960 sunt,
249 877 410 959 quomodo
447 885 553 959 potest
600 879 684 960 lieri,
712 887 749 941 ut*
780 898 843 940 non
877 877 1047 939 afficiamur

128 963 205 1026 bono
227 961 325 1024 eorde
346 963 380 1022 in
401 961 515 1024 illum?
559 962 724 1039 Quomodo
754 964 903 1024 irasoetur
924 946 1045 1022 autim-

126 1049 243 1129 patiens
263 1047 332 1123 erit,
363 1045 390 1106 si
416 1047 579 1126 quiequam
600 1047 709 1108 horum
732 1047 858 1108 auferat.
902 1043 1044 1124 Quinque

125 1149 230 1192 sonans
252 1127 341 1191 dedit
361 1128 436 1208 tibi,
458 1129 543 1209 quod
564 1131 591 1191 si
612 1150 705 1191 unum
728 1129 876 1191 amittas?
898 1127 1046 1206 numquid

124 1213 183 1276 alio
215 1213 318 1294 fugies
347 1228 439 1292 quarn
467 1212 507 1273 ad
532 1214 648 1292 Deum,
680 1220 712 1274 et
739 1233 802 1274 uon
824 1213 927 1294 potius
951 1209 1045 1287 diaes,

124 1298 187 1378 ipsa
207 1296 286 1359 feeit
305 1312 372 1375 me,
404 1296 501 1376 ipsius
524 1315 592 1356 sum
613 1315 673 1378 ego
703 1303 734 1358 et
761 1298 866 1358 omnia
891 1313 972 1374 quae
993 1292 1046 1353 ha

124 1379 190 1443 beo.
241 1378 311 1440 Hae
343 1378 534 1459 cogitatione
560 1387 695 1441 armatus
727 1380 784 1440 fuit
810 1378 887 1458 lob,
920 1376 1045 1458 quando

124 1462 265 1525 omuibus
285 1462 408 1522 amissis
418 1460 512 1523 dixit:
526 1463 677 1524 Dominus
690 1461 783 1542 dedit,
806 1462 956 1524 Dominus
977 1460 1045 1522 abs-

122 1547 199 1611 tulit
245 1544 339 1622 Quod
362 1551 393 1604 et
406 1544 528 1606 Jesaiaa
551 1546 626 1626 Gap.
648 1545 752 1608 XLVl.
768 1545 895 1624 requirit
915 1564 936 1605 a
955 1543 1046 1606 nobis

124 1630 245 1709 dioens,
279 1646 377 1708 usque
405 1627 446 1688 ad
474 1636 631 1690 sensatam
660 1647 719 1710 ego
746 1630 814 1710 ipse
836 1634 868 1689 et
888 1646 985 1707 usque
1006 1626 1047 1687 ad

124 1731 219 1774 uanos
240 1710 390 1792 portabo,
418 1730 477 1792 ego
500 1712 574 1792 leoi,
601 1730 662 1794 ego
685 1714 798 1792 leram,
831 1730 891 1792 ego
913 1709 1045 1791 portabo

123 1803 152 1857 et
182 1794 325 1856 salvabo.
375 1793 433 1856 Cui
460 1796 652 1857 assimilastis
687 1802 719 1856 et
749 1795 945 1874 adaequastis
973 1792 1047 1854 rue?

124 1879 212 1960 quusi
232 1877 366 1938 dieeret:
398 1876 518 1938 Idolum
541 1898 591 1939 me
613 1881 737 1960 putatis,
759 1877 843 1958 qnod
859 1876 975 1938 nonin
996 1895 1047 1935 me

124 1960 301 2024 confiditis?
339 1959 382 2021 At
403 1979 485 2021 nuno
505 1960 670 2024 Christiani
692 1963 743 2041 qui
766 1967 870 2040 orant,
898 1958 992 2021 oredo
1013 1961 1045 2018 in

123 2042 507 2124 Deum-omnipotentem,
526 2052 567 2107 et
592 2045 675 2125 quod
695 2045 779 2105 Deua
807 2044 911 2105 omnia
938 2042 1046 2123 possit,

124 2130 229 2190 omnia
240 2125 360 2206 feeerit,
382 2127 487 2187 omnia
505 2127 607 2208 faciat,
630 2130 656 2190 si
679 2127 831 2208 obtingat,
852 2133 886 2187 ut
906 2126 1048 2187 amittant
1132 2190 1134 2194 ¹

124 2232 198 2292 rem,
227 2211 376 2289 formam,
412 2210 597 2289 membrum,
630 2212 797 2288 honorem,
830 2209 950 2287 dieunt,
984 2206 1046 2268 dia·

124 2295 214 2357 bolus
236 2293 299 2354 hoo
320 2292 407 2371 feeit,
436 2299 467 2354 et
489 2292 635 2355 deliciunt
656 2294 695 2355 ad
717 2293 863 2355 auxilium
885 2292 1044 2353 hominum

124 2378 172 2440 vel
200 2377 388 2438 daemonum
427 2383 593 2438 currentes.
656 2376 747 2452 Quod
795 2377 820 2437 si
863 2377 1045 2455 interroges,

123 2481 160 2522 au
180 2458 312 2521 credant
332 2459 432 2520 Deum
454 2460 718 2540 omnipotentem?
749 2458 955 2540 respondent,
979 2476 1043 2519 om-

123 2547 197 2606 nino
215 2541 383 2604 eredimus:
407 2541 510 2617 Quare
525 2562 600 2624 ergo
613 2562 676 2605 nou
689 2545 767 2605 haee
781 2543 819 2602 ab
840 2542 895 2603 illo
918 2541 1044 2620 suseipi-

124 2627 184 2688 tis?
241 2624 322 2700 Quid
344 2624 538 2706 allegabunt,
571 2627 629 2687 nisi
663 2626 745 2707 quod
779 2626 857 2686 false
884 2624 1045 2684 dicuntae

125 2709 262 2787 eredere,
284 2715 338 2769 aut
358 2716 533 2790 agnosount
554 2728 641 2770 suam
662 2710 880 2791 insipientiam,

206 2793 305 2874 Igitur
324 2792 457 2872 primum
478 2794 518 2853 sit
545 2794 694 2854 motivum
722 2789 934 2868 considerare,
963 2787 1046 2868 quod

126 2878 234 2938 omnia
259 2874 344 2936 bona
363 2881 471 2936 nostra
482 2895 522 2936 ex
534 2876 601 2937 Deo
619 2875 777 2955 hebemus,
801 2892 839 2935 ao
859 2873 930 2934 ideo
954 2871 1046 2934 habe-

125 2979 207 3040 mus,
240 2963 275 3018 ut
301 2977 356 3038 per
383 2977 421 3019 ea
448 2959 480 3019 in
502 2958 587 3019 illum
611 2977 768 3038 speremus
792 2964 824 3018 et
845 2955 1047 3032 confidamus,

125 3049 173 3122 ut,
208 3043 262 3121 qui
296 3047 383 3102 tenta
416 3040 516 3120 dedit,
549 3043 641 3102 etiam
678 3043 797 3103 maiora
832 3039 949 3102 donare
974 3037 1049 3098 velit

126 3132 157 3187 et
175 3125 288 3206 possit.
334 3127 445 3185 Verum
467 3124 628 3186 nobiseum
656 3125 734 3186 ludit
763 3125 843 3184 siout
868 3128 957 3202 pater
979 3138 1048 3181 oum

125 3208 277 3270 infantulo
299 3225 367 3286 suo,
390 3208 440 3269 eui
461 3207 559 3269 aufert
581 3209 811 3286 munusculum,
844 3212 877 3265 ut
904 3203 1048 3265 affectum

125 3291 179 3354 lilii
200 3291 315 3372 probet
335 3289 416 3351 etad
432 3309 502 3351 sese
517 3290 672 3355 sollicitet.
706 3290 799 3352 Dedit
815 3289 908 3366 enim,
926 3293 959 3348 ut
972 3285 1047 3346 fidu-

127 3377 206 3436 eiam
227 3375 276 3436 sui
303 3374 435 3452 taceret,
465 3374 564 3434 aufert
584 3382 619 3434 ut
639 3374 750 3457 probet
772 3371 913 3435 eandem.
957 3367 1049 3443 Quod

127 3460 153 3519 si
172 3457 288 3519 filiolus
310 3456 443 3518 libenter
469 3457 586 3536 reddit,
618 3459 766 3518 maiorem
788 3453 933 3517 affectum
954 3453 1050 3533 putris

128 3560 165 3602 aa
184 3540 299 3602 fiducia
322 3539 380 3602 sibi
401 3547 499 3619 parat.
543 3541 574 3602 si
597 3546 700 3601 autem
732 3540 826 3617 nolit,
856 3535 910 3597 sed
938 3535 1050 3615 plorat,

127 3624 373 3706 indignationem
399 3625 503 3702 potius
535 3642 573 3684 ao
604 3625 723 3704 virgam
749 3642 811 3683 una
838 3638 907 3680 oum
936 3618 1050 3678 damno

128 3707 272 3768 ineurret.
314 3706 362 3767 lta
381 3706 466 3767 Deus
488 3705 561 3766 laoit
582 3725 650 3767 eum
674 3705 816 3768 omnibus
837 3702 927 3765 bonis
948 3698 1051 3761 visibi-

128 3789 216 3871 libus,
232 3791 327 3853 etiam
341 3791 406 3850 vita
417 3789 496 3871 ipsa,
509 3776 601 3869 quain
615 3789 701 3850 dedit
711 3790 811 3873 nobise
834 3784 946 3846 Omnia
957 3781 1052 3863 dedit,

155 3925 247 3970 mum
261 3935 313 3978 opp.
326 3926 354 3970 v.
367 3924 396 3967 Δ.
410 3925 439 3966 ιι
452 3925 493 3966 rof.
506 3925 557 3967 urst.
570 3926 585 3966 ι.
599 3934 622 3976 p.
635 3925 685 3967 vor.
699 3925 718 3965 1.
823 3893 844 3958 8
