2356 4200
129 267 193 337 bb!
361 268 441 326 itast.
457 269 538 327 Loth.
554 267 685 342 rnnpps
703 267 837 327 Nalm.

130 441 269 520 posuerit
291 437 384 523 (nihil
405 435 591 521 asserendo)
615 457 706 518 qnam
722 438 802 501 lerra
819 439 1051 520 potuerintqni·

130 521 201 583 dam
224 522 389 585 adversarii
419 523 475 586 sni.
523 520 603 583 Nanr'
630 539 690 582 neo
715 540 774 583 nos
803 521 864 602 ipsi
894 520 974 583 tales
1001 542 1051 583 nn

131 623 222 685 qnam
245 604 340 667 videri
361 606 526 684 voluimus,
548 604 599 684 qui
621 603 983 687 pertinaciterqadversus
1005 624 1051 667 os·

130 687 278 749 tbolieum
301 687 603 770 rogus-quidquam
624 702 735 768 sapere
750 692 934 765 statuerent,
955 688 1051 768 parati

129 789 185 851 per
206 772 326 846 omnia,
359 772 416 831 tuis
446 778 477 832 et
508 775 635 832 senone
663 769 814 830 eeclesiae
841 769 1051 832 voluntatibus

129 870 238 935 parere
259 854 289 914 in
312 853 435 915 cbristo
456 854 530 916 ‚lesu
552 851 687 913 Domino
709 850 778 913 Deo
800 860 928 931 nostro,
949 854 1004 934 qni
1018 846 1052 915 's

130 936 323 998 sanotitatem
355 940 440 999 taam
471 935 561 998 nobis
582 935 675 996 beist
702 934 867 1016 propitiant
891 942 926 996 et
945 954 1050 999 exors

52 1090 55 1095 Ι
129 1016 232 1097 bilem,
254 1026 285 1080 et
306 1020 404 1163 {ratis
425 1032 482 1080 sna
502 1019 553 1079 bio
574 1017 769 1099 praeveniat,
800 1023 839 1078 st·
858 1017 926 1079 illie
954 1018 1050 1100 gloria

130 1105 258 1164 aeterna
273 1122 309 1163 su
332 1108 487 1182 sequatur,
508 1103 619 1163 Amen.

295 1183 407 1245 Datum
430 1183 668 1263 Vnilembergae
690 1182 786 1243 XXV.
808 1182 971 1264 Septemb.

465 1266 557 1328 Anno
580 1265 619 1326 ll.
642 1264 811 1330 o.xv111.

391 1347 478 1410 Tuae
500 1350 669 1410 sanotitatls
691 1348 795 1410 devoti
818 1346 981 1430 deditique
1000 1348 1048 1411 olii

432 1470 436 1475 -
532 1432 663 1510 Reotor,
685 1431 822 1513 Magistri
843 1438 877 1492 et
900 1431 1049 1495 bosom

544 1513 733 1575 Aoademise
753 1512 1048 1596 Vuitembergsnsis.

355 1757 571 1855 Martinus
601 1757 818 1853 Lutherns

404 1905 544 2001 Philippo
566 1890 711 1982 Melantb.
735 1918 766 1980 S.

208 2080 290 2144 Nihil
311 2083 384 2145 novi
415 2084 468 2144 abt
488 2084 556 2145 miri
585 2083 636 2145 bie
656 2084 773 2164 agitur,
793 2084 859 2144 nisi
881 2084 969 2166 qnod
989 2085 1044 2146 ns

126 2165 259 2226 nominis
279 2166 530 2228 rnmorecivitas
551 2167 645 2246 plena
665 2173 722 2245 est,
744 2174 776 2227 et
796 2185 908 2228 omnes
920 2168 1045 2248 eupiunt

125 2244 232 2308 videre
262 2247 417 2309 bominem
450 2251 527 2309 tanti
558 2250 692 2310 inoendii
721 2242 952 2312 'ilorostrstnm⁸
1004 2250 1043 2311 'l's

127 2348 186 2409 age
208 2330 321 2406 virum,
343 2333 422 2393 siout
443 2333 527 2412 agie,
548 2338 580 2392 et
601 2331 817 2392 adolescentes
842 2340 931 2393 reeta
961 2332 1043 2407 deos,

126 2430 186 2492 ogo
208 2431 264 2492 pro
293 2413 381 2474 vobis
414 2421 444 2473 et
472 2414 530 2474 illis
553 2413 633 2475 vado
665 2414 830 2491 immolari,
863 2415 889 2474 si
912 2414 1043 2477 Domino

126 2494 237 2576 planet.
279 2496 362 2558 Malo
385 2498 499 2577 perire,
533 2503 564 2557 et
585 2496 668 2576 qnod
692 2516 784 2557 unum
808 2497 880 2557 mibi
904 2497 1043 2578 gravissi

125 2597 207 2638 mum
228 2585 284 2656 est,
306 2580 396 2639 etiam
417 2587 519 2639 vestra
540 2581 775 2640 eonversatione
796 2578 980 2642 dulcissima
1000 2599 1042 2642 os

125 2679 193 2722 rere
212 2662 243 2720 in
268 2667 438 2741 aeternnm,
460 2680 552 2740 qnam
575 2668 608 2721 nt
628 2680 772 2723 revocem
794 2660 874 2722 beno
896 2661 999 2741 diota,
1017 2669 1044 2723 et

126 2742 233 2803 studiis
256 2744 379 2825 optimis
390 2743 555 2824 perdendis
577 2745 703 2805 occasio
725 2744 795 2805 liam
818 2744 901 2825 spnd
924 2745 995 2822 bos,
1015 2752 1044 2805 nt

124 2825 401 2966 insipientissimos,
423 2827 465 2887 ita
479 2828 644 2887 acerrimos
658 2826 811 2888 literarum
832 2835 863 2886 et
874 2828 1042 2889 studiorum

147 2914 240 2968 ostes.

206 2988 294 3050 Italia
317 2991 413 3051 estin
437 2991 571 3073 Aegypti
601 2991 742 3052 tenebras
774 2991 953 3073 palpabiles
980 3010 1042 3074 pro·

123 3070 220 3148 ioota,
254 3072 333 3134 adeo
356 3074 499 3154 ignorant
520 3092 628 3134 omnes
651 3073 817 3139 (lbristnm.
849 3085 883 3135 et
905 3090 1042 3156 eaquae

125 3153 236 3215 Christi
258 3163 337 3217 sunt.
380 3156 444 3217 Hos
467 3163 568 3217 tamen
583 3156 736 3218 Dominos
758 3163 790 3216 et
806 3156 977 3235 Magistros
996 3157 1041 3217 bn

124 3234 232 3297 bernus
253 3236 323 3298 fidei
346 3245 377 3298 et
399 3258 527 3300 morum.
570 3238 622 3299 flio
642 3241 785 3381 imprptur
805 3241 852 3299 ira
874 3239 935 3300 Dei
956 3257 1041 3321 snper

119 3336 192 3397 nos,
215 3336 294 3401 quae
318 3319 405 3381 dioit:
434 3321 523 3383 Dabo
545 3339 659 3402 pueros
730 3321 836 3400 noipss
859 3341 988 3398 eorum,
1015 3330 1040 3381 et

117 3401 310 3464 effoeminati
333 3402 570 3464 dominabuntur
591 3405 645 3464 eis.
669 3404 756 3483 Vale,
778 3405 819 3463 mi
842 3403 995 3486 Philipps,
1014 3409 1040 3463 st

122 3485 180 3546 Dei
208 3486 284 3547 iram
315 3487 407 3546 sestis
435 3485 576 3568 precibus
610 3493 725 3547 averte.
774 3485 938 3566 Augustae
973 3486 1039 3549 teri·

122 3567 260 3629 ssonnds
279 3576 351 3649 post
373 3567 527 3650 Dionysii,
548 3568 641 3630 Anno
664 3570 702 3632 bl.
727 3569 764 3632 D.
789 3567 897 3633 xvnr.
971 3589 975 3595 ·

556 3707 581 3737 Ι,
618 3651 651 3712 F.
672 3651 822 3714 Martinus
840 3650 1003 3716 Lntberast
