2356 4200
170 252 234 322 190
417 256 612 313 msam
629 256 738 327 mapa
757 255 835 310 mss.

170 426 267 505 muri,
297 431 370 506 post
402 425 464 488 hoo
495 426 656 508 iudioium,
688 426 800 488 (londo
826 426 911 506 flnis3
944 422 1035 486 oua.
1059 428 1092 492 6:

171 507 380 590 Quaeounque
402 512 483 571 enim
496 509 590 572 homo
607 511 812 588 seminaverit,
833 510 913 572 haee
934 515 965 569 et
986 514 1092 570 metet.

171 593 303 670 ltem*),
325 601 451 674 oportet
474 613 531 657 nos
555 613 664 656 omnes
687 594 874 654 manifestari
895 591 937 654 ad
957 591 1094 653 tribunal

171 675 292 756 utristi,
314 682 349 736 ut
368 678 497 757 resipiat
517 679 725 758 unusquisque
746 683 838 759 prout
858 677 954 758 gessit
972 676 1004 735 in
1025 688 1095 737 ool·-

170 778 263 841 pore,
288 759 357 820 siva
383 759 499 822 bonum
522 762 588 822 sive
608 760 733 821 mulum.
784 760 825 821 ut
855 759 970 820 multuo
1002 757 1096 839 alias,

171 861 251 923 quae
272 844 399 904 omnino
426 852 553 921 sonant,
582 864 619 905 ae
652 845 676 903 si
705 854 777 924 post
802 849 931 904 mortem
964 842 1095 903 omnino

46 970 54 989 .
171 927 212 987 sit
232 924 377 986 iudicium
398 927 584 1007 reeipiendi,
621 928 701 987 siout
729 935 851 1008 gestum
879 932 943 1005 est,
975 924 1007 986 id
1035 931 1093 1004 est,

172 1010 312 1070 meritum
322 1009 382 1088 hio,
395 1009 563 1070 seeundum
577 1009 653 1071 illud
664 1010 851 1070 ecclesiastis
863 1009 901 1047 ⁸⁸*
909 1011 938 1089 ):
959 1006 1093 1089 Lignum

171 1091 345 1172 ubieunque
366 1092 521 1173 ceciderit,
542 1092 584 1154 ibi
606 1093 672 1154 erit.

253 1174 315 1236 Sed
344 1175 422 1236 hseo
454 1177 559 1237 omnia
586 1194 686 1256 usque
711 1182 819 1236 eontra
851 1181 947 1235 totum
982 1192 1094 1255 purga

171 1258 281 1320 torium
305 1266 458 1338 pugnant,
488 1260 649 1338 quianon
676 1256 796 1338 pon'unt
822 1264 934 1318 statum
956 1256 1094 1319 medius

170 1343 250 1403 iuter
277 1348 414 1413 mortuos
446 1342 609 1403 damnatos
643 1349 675 1402 et
699 1340 820 1403 beatos.
867 1340 899 1401 Si
928 1356 1004 1421 ergo
1031 1338 1093 1401 illis

171 1442 234 1485 non
258 1422 449 1485 obstantibus
471 1425 679 1507 purgstorium
700 1423 872 1486 defenditur
892 1442 974 1502 vere,
998 1424 1093 1484 etium

169 1506 202 1568 iu
224 1506 347 1567 defendi
369 1515 489 1587 potest,
517 1508 600 1588 quod
629 1514 778 1589 angeatur
804 1506 865 1567 illis
887 1508 1001 1587 mutia,
1027 1523 1093 1567 non

172 1589 314 1652 obstante
335 1590 388 1651 illo
413 1591 495 1734 quod
518 1590 642 1652 dieitur:
664 1591 723 1651 Hie
744 1609 837 1651 omne
855 1593 996 1650 meritum
1010 1608 1094 1651 eom·

171 1674 289 1755 parari,
326 1675 399 1753 quia
432 1676 554 1754 oquitur
576 1693 638 1735 non
667 1674 706 1734 de
726 1675 920 1755 purgatorio,
952 1674 1032 1733 sieut
1061 1679 1096 1732 et

171 1756 245 1816 illae
266 1758 446 1818 autoritates
467 1758 542 1818 nihil
564 1757 603 1818 de
624 1759 818 1839 purgatorio,
850 1756 905 1818 sed
931 1756 972 1817 de
998 1755 1091 1817 eoelo

171 1839 222 1900 vsl
248 1839 368 1900 inferno
398 1838 578 1920 loquuntur,
606 1842 747 1920 utrinque
781 1858 855 1921 ergo
884 1839 1095 1902 intermittitur

171 1923 390 2003 purgatorium.
438 1923 542 2000 Quare
568 1923 622 1985 illa
647 1923 741 1985 verba
766 1924 929 2005 Augustini
955 1922 995 1982 ad
1022 1940 1093 2003 pur·

171 2007 323 2087 guorium
345 2025 408 2068 nou
431 2014 502 2067 sunt
523 2007 687 2070 tendenda.
736 2005 836 2066 Omne
864 2007 1004 2066 meritum
1019 2005 1093 2084 -hie,

172 2107 236 2150 non
257 2088 334 2167 illie,
356 2089 388 2149 id
410 2096 472 2168 est,
502 2108 565 2151 non
587 2091 618 2150 in
641 2090 731 2151 eoelo
753 2096 807 2149 aut
827 2090 957 2150 inferno.
999 2089 1093 2148 Deni-

172 2189 232 2252 que
261 2171 430 2233 seeundum
453 2173 487 2233 B.
510 2172 714 2254 Augustinum
745 2174 838 2232 etiam
868 2173 918 2232 hio
949 2173 1091 2232 meritum

170 2254 245 2314 illud
268 2262 479 2335 eomparatur,
514 2275 575 2335 quo
605 2256 715 2337 dignus
746 2257 786 2316 sit
811 2254 905 2316 homo
928 2256 959 2315 in
981 2272 1093 2336 purge-

169 2339 248 2399 torio
271 2337 416 2419 suffragio
438 2341 544 2400 iuvari.
573 2339 719 2418 Alioquin
741 2341 772 2398 in
789 2338 879 2398 eoelo
896 2337 947 2398 vel
968 2337 1091 2398 inferno

171 2421 287 2480 nullum
308 2421 402 2482 habet
423 2424 573 2498 meritum,
596 2442 657 2502 quo
672 2428 824 2483 mereatur
843 2421 886 2482 ibi
907 2423 1015 2500 iuvari,
1037 2419 1093 2480 sed

171 2512 243 2564 tuno
273 2504 396 2583 quidem
423 2505 462 2564 ad
491 2507 698 2587 purgatorium
727 2506 876 2585 respexit,
910 2505 960 2564 hio
988 2511 1092 2565 autem

171 2605 377 2667 nequequam.

253 2670 286 2731 si
325 2677 426 2731 autem
464 2671 614 2752 quispiam
629 2669 659 2753 ¹)
692 2671 923 2739 ¹contentiosior
960 2669 1095 2730 voluerit

171 2771 319 2832 asserere,
344 2754 523 2814 autoritates
545 2756 605 2813 iam
622 2753 920 2827 adduntusnihil02)
943 2752 1093 2813 adversus

171 2837 378 2916 purgatorium
406 2856 560 2917 pugnare,
594 2837 675 2916 quod
704 2837 817 2897 salvari
847 2837 1014 2915 possunts)
1038 2855 1095 2916 per

172 2918 287 2999 duplex
307 2919 469 2998 iudicium,
502 2940 556 2980 seu
585 2921 738 3000 duplicem
768 2918 998 2980 retributionem
1022 2927 1096 2998 post

172 3011 317 3080 mortem,
347 3003 547 3083 temporalem
576 3004 710 3081 soilioet,
738 3022 818 3082 quae
847 3011 894 3063 est
914 3003 1094 3082 purgatorii,

102 3107 114 3131 r
172 3092 345 3163 aeternum,
373 3106 453 3165 quae
474 3094 522 3146 est
543 3087 668 3165 inferni,
699 3093 731 3146 et
752 3088 796 3145 sio
817 3087 894 3145 elius
917 3087 1004 3145 metit
1025 3104 1094 3164 pur-

171 3171 333 3250 gatorium,
346 3170 423 3230 ullus
437 3170 598 3247 infernum,
620 3171 694 3230 item
709 3170 801 3229 alium
817 3177 984 3248 sequuntur
997 3186 1095 3248 opera

171 3271 228 3313 sua
245 3252 285 3312 ad
307 3255 525 3334 purgatorium,
547 3253 639 3313 alium
658 3254 697 3313 ad
714 3253 874 3329 infernum,
896 3253 946 3312 hio
967 3270 1095 3331 respon·

172 3333 247 3396 deo:
270 3335 322 3396 Sio
336 3335 467 3398 dioeudo
479 3339 580 3418 potius
592 3337 789 3398 destruuntur
808 3335 881 3395 illae
901 3337 1094 3412 autoritates,

172 3435 264 3497 quam
285 3419 442 3481 salventur
462 3440 530 3480 oum
551 3421 740 3501 purgatorio,
761 3438 818 3499 per
839 3426 900 3478 tam
921 3420 1091 3478 violentam

242 3619 277 3702 ,1)
299 3619 328 3669 ln
348 3617 391 3671 ed.
410 3619 484 3673 lem:
504 3621 660 3687 quisquam.
697 3618 730 3684 2)
745 3617 827 3671 lbid.:
849 3616 924 3668 nihil.
963 3617 1093 3678 sithiu:

172 3696 396 3828 pom‘nllltoma
415 3762 458 3818 15.
497 3760 545 3829 ”J
566 3761 654 3814 Eeele.
679 3761 717 3812 ll.
