2356 4200
129 279 191 348 112
291 282 451 354 Disputatio
468 279 496 339 F.
514 280 651 339 lobannis
669 279 776 340 blannis
797 275 901 339 viterb.
928 288 930 293 ’

112 473 256 535 ¹regnum
279 454 363 535 quod
384 462 490 536 potest
508 457 681 538 impugnari
703 463 735 517 et
756 455 852 536 affligi
874 454 1049 535 temporali·

128 543 183 615 ter,
207 536 262 598 sed
284 557 348 599 non
363 537 469 618 deleri,
491 547 538 600 est
552 558 680 620 regnum
695 539 875 619 temporale,
897 540 970 618 quia
985 557 1049 619 reg-

128 640 200 680 num
222 622 254 680 in
285 622 346 682 alia
373 622 435 682 vita
463 641 520 682 nec
542 623 714 703 impugnari
736 628 840 702 potest
866 639 924 681 nec
947 619 1050 700 affligi.

129 702 190 764 Sed
220 723 348 784 regnum
378 703 490 765 Christi
524 711 630 784 potest
659 703 753 785 affligi
782 703 995 786 temporaliter
1021 711 1051 765 et

128 787 301 867 impugnari
330 787 487 867 abestia,
516 786 572 847 sed
599 806 662 849 non
685 788 801 865 deleri,
833 794 867 848 ιιι
899 793 986 866 patet
1012 807 1051 848 ex

129 868 211 931 dicta
232 872 406 948 autoritate,
429 878 521 932 etex
542 872 673 950 septimo
697 871 833 950 capitulo
848 870 986 933 eiusdem
994 871 1049 931 Da

128 953 217 1014 nielis
240 961 271 1013 ει
290 955 321 1014 in
338 960 403 1015 ιοιο
416 952 494 1015 libro
511 954 599 1014 huius
615 954 821 1034 apocalypsis.
842 953 927 1034 Ergo
939 951 1050 1026 Christi

128 1036 309 1097 monarchia
331 1044 378 1096 εει
400 1037 493 1097 etiam
515 1037 714 1116 temporalis,
738 1055 817 1115 quaa
839 1036 913 1096 licet
933 1037 1050 1117 impup

129 1127 204 1180 nata
224 1126 257 1180 ει
277 1118 392 1179 afflicta
413 1118 469 1180 sub
492 1127 611 1199 septem
634 1120 757 1200 sigillis,
778 1115 941 1198 'etseptem
962 1119 1050 1195 tubis,

130 1209 161 1262 ει
181 1209 298 1281 septem
321 1201 445 1282 phialis,
467 1208 572 1263 tamen
593 1203 659 1263 eius
681 1202 932 1264 iurisdictiones
953 1201 1050 1264 trada-

129 1292 178 1344 tur
198 1303 218 1343 a
240 1285 307 1344 Deo
329 1284 417 1345 alteri
438 1285 566 1365 populo,
588 1292 622 1344 ιιι
643 1286 686 1345 ait
705 1285 816 1345 Daniel
844 1283 982 1346 secundo
1004 1303 1050 1347 oa·

129 1367 244 1448 pitulo,
270 1367 325 1427 sed
357 1366 480 1428 tandem
503 1367 621 1428 auferet
642 1389 661 1428 a
681 1367 781 1429 bestia
798 1387 891 1429 omne
912 1386 1050 1448 regnum,

130 1449 213 1529 quod
236 1457 284 1511 est
300 1450 404 1510 subter
426 1469 518 1511 omna
540 1450 671 1529 coelum,
693 1459 724 1512 ει
745 1450 830 1513 dabit
844 1448 1050 1530 populochri-

130 1533 248 1610 eliano,
281 1541 314 1593 ut
343 1535 386 1594 ait
406 1532 488 1594 idem
516 1535 648 1613 septimo
672 1534 817 1614 capitula.
860 1533 901 1593 Ει
921 1535 967 1594 ita
987 1551 1049 1615 reg·

129 1634 202 1675 num
226 1617 396 1697 temporale
419 1616 530 1678 Christi
560 1616 723 1697 dissipabit
749 1617 853 1678 omnia
875 1616 937 1678 alia
957 1634 1051 1697 regno

130 1704 162 1759 ει
181 1699 281 1779 ipsum
305 1700 398 1760 stabit
418 1701 448 1759 in
472 1706 641 1760 aeternum.
684 1699 764 1775 Quia
786 1699 891 1761 omnia
911 1700 1050 1761 termino

129 1781 241 1843 huntur
261 1801 371 1863 regna,
409 1783 509 1842 selum
537 1790 640 1843 autem
661 1782 902 1846 Christianorum
923 1801 1050 1871 regnum

130 1864 238 1945 stabit,
274 1867 345 1944 qnia
374 1884 474 1944 neque
503 1866 533 1924 in
556 1867 733 1945 praesenti,
770 1885 871 1946 neque
898 1866 931 1926 in
952 1866 1049 1928 futuro

129 1946 219 2008 huius
240 1950 328 2029 regni
349 1949 408 2008 erit
427 1947 513 2026 linis,
541 1956 574 2008 ut
604 1947 682 2008 dixit
708 1949 848 2034 angelus¹
864 1948 904 2009 aul
926 1949 1049 2009 Mariam

130 2031 232 2092 Lucae
253 2033 351 2110 primo
374 2031 520 2112 capitulo.

213 2114 254 2174 Et
272 2113 481 2194 confirmatur,
504 2115 576 2194 quia
597 2115 736 2176 Danielis
759 2115 890 2194 septimo
907 2114 1050 2195 capitulo,

131 2204 166 2256 ut
186 2197 229 2257 ibi
251 2196 484 2275 declaravimus,
508 2199 590 2258 circa
610 2196 703 2258 finem
725 2197 850 2277 capituli
872 2197 912 2258 ad
935 2198 1050 2259 literam

131 2280 265 2358 loquitur
285 2280 324 2341 de
346 2280 512 2354 Maumeth,
535 2282 586 2360 qui
608 2281 742 2360 loquitur
764 2288 872 2343 contra
895 2278 1049 2342 excelsum

132 2381 307 2443 sermones,
337 2372 368 2424 ει
388 2366 622 2444 putavitposse
643 2371 760 2425 mutare
782 2364 867 2444 leges
890 2364 1049 2425 christiin

131 2445 323 2522 alcoranum,
352 2454 383 2506 ει
404 2454 544 2527 tempora
571 2445 610 2507 ab
643 2467 724 2508 anno
747 2447 853 2507 salutis
874 2448 974 2509 voluit
994 2465 1050 2508 mu

131 2530 187 2589 tari
209 2530 248 2590 ab
271 2531 359 2591 annis
383 2529 559 2607 Maumethi,
582 2537 613 2590 et
634 2529 691 2591 sihi
712 2531 867 2590 intitulari.
911 2530 971 2592 Ubi
994 2529 1049 2592 duo

130 2611 288 2675 habemus.
331 2614 473 2692 Primum,
497 2612 578 2692 quod
592 2613 744 2674 auferetur
766 2632 894 2694 regnum
916 2633 936 2674 a
957 2613 1051 2676 bestia

47 2765 51 2770 ,
131 2701 164 2756 ει
184 2695 305 2757 dabitur
338 2696 455 2776 populo
479 2696 675 2775 Sanctorum,
703 2697 757 2756 sed
779 2696 937 2776 Regnum,
973 2693 1050 2776 quod

129 2779 274 2840 indicium
317 2780 374 2839 Dei
397 2779 515 2840 auferet
535 2799 554 2838 a
576 2779 689 2857 bestia,
719 2788 766 2840 εει
790 2780 968 2858 temporalis
991 2781 1049 2843 eiua

132 2863 322 2924 monarchia.
365 2862 449 2942 Ergo
473 2861 610 2922 Christus
640 2869 672 2923 et
705 2863 836 2923 vicarius
866 2864 931 2923 eius
954 2863 1050 2927 Ponti·

129 2945 182 3004 fex
204 2946 355 3006 maximus
391 2952 462 3005 sunt
495 2944 597 3006 divino
620 2947 684 3006 iure
714 2945 900 3025 temporales
937 2965 1049 3008 monat-

131 3027 216 3090 ehae.
260 3028 352 3088 Aliud
375 3027 501 3104 dicitur,
531 3028 614 3107 quod
634 3028 752 3109 populo
775 3029 950 3091 Christiano
974 3029 1049 3091 dabi-

131 3119 179 3172 tur
211 3110 389 3193 magnitudo
418 3112 521 3192 regni,
556 3131 636 3191 quae
664 3119 712 3172 εει
744 3112 848 3172 subter
870 3131 964 3173 omne
987 3131 1049 3177 ooo

130 3195 202 3256 lum.
231 3195 291 3256 Sed
314 3194 419 3254 subter
440 3195 560 3261 coelum
583 3215 646 3255 non
668 3202 716 3256 est
737 3197 795 3256 nisi
818 3205 949 3275 tempus.
970 3196 1048 3278 Ergo

130 3278 243 3339 Christi
264 3277 443 3338 monarchia
472 3285 520 3339 est
543 3277 722 3358 temporalis
756 3280 850 3342 etiam
872 3280 904 3339 in
926 3280 990 3342 hoc
1009 3297 1049 3340 sa·

130 3361 213 3432 culo,
532 3413 540 3421 .
573 3409 580 3426 .

82 3434 92 3447 ’
212 3443 253 3505 Et
280 3451 433 3507 consonat
459 3445 530 3504 huic
565 3444 680 3506 dictum
701 3445 812 3507 Christi
833 3446 982 3507 Matthaei
1013 3443 1049 3507 ul·

129 3529 215 3609 timo,
237 3529 317 3590 Data
339 3535 386 3588 est
400 3526 534 3611 (inquit)
554 3529 627 3590 mihi
650 3530 749 3592 omnis
765 3536 905 3609 potestas
920 3527 1048 3590 incaelo

131 3619 161 3673 et
183 3614 214 3673 in
237 3619 324 3672 terra.
347 3611 406 3672 Sed
431 3612 531 3672 omnis
551 3620 690 3692 potestas
712 3619 759 3672 est
787 3612 971 3674 universalis
994 3630 1049 3673 mo·

98 3732 102 3739 «
129 3694 275 3773 narchia,
297 3695 369 3773 quia
382 3694 607 3757 Saracenorum
628 3715 690 3756 non
714 3703 762 3756 est
783 3697 882 3757 omnis
906 3702 1048 3777 potestas.

124 3776 212 3863 Ergo
236 3776 357 3840 Christo
385 3785 417 3839 et
443 3779 559 3842 ιιεειιο
590 3779 655 3839 eins
686 3777 759 3840 data
787 3787 834 3839 εει
865 3779 1048 3854 monarchis,
