2356 4200
179 278 244 346 204
507 281 656 337 Sermones
673 280 796 335 botheri·

182 453 411 534 relinquentes?
453 451 598 513 Mundam
621 452 702 513 enim
732 457 824 531 atque
849 455 1011 532 purgatam
1038 450 1101 512 ani·

182 557 264 598 mam
285 537 352 597 vult
373 536 526 614 Christum
549 555 623 616 ergo
645 535 724 596 dixit
740 535 845 596 Petro:
889 533 1101 614 Quodcunque

182 620 326 702 ligabitur
347 639 439 700 snper
460 627 590 698 terram,
612 620 670 679 crit
691 625 723 678 et
743 617 869 699 ligatum
890 620 922 678 in
945 616 1045 697 coelo,
1071 624 1102 679 et

183 703 388 784 quodcunque
422 703 558 764 solvetur
596 702 627 762 in
669 709 765 779 terra,
807 702 863 762 erit
899 701 1033 762 solutum
1069 702 1100 761 in

182 787 290 848 coelo:
322 807 385 846 non
414 792 448 846 ut
476 786 585 846 summi
606 784 768 864 pontifices
790 785 855 846 irae
876 804 945 844 cum
966 782 1100 864 quodam

181 871 298 950 impetu
319 869 516 931 acviolentia
534 887 643 949 egere:
664 868 745 928 Proh
764 867 868 928 dolor!
891 866 974 948 qnod
992 868 1102 928 summi

137 966 145 981 ‘
182 952 254 1014 loco
277 953 378 1014 solatii
399 952 488 1013 nobis
511 951 617 1012 datum
639 958 696 1028 est,
717 951 749 1011 id
771 952 831 1012 iam
854 957 951 1012 terror
967 957 998 1011 et
1011 951 1103 1011 timor

181 1035 295 1097 lactum
329 1042 390 1096 est:
431 1034 511 1095 dann
546 1054 616 1094 mun
650 1034 734 1094 kann
763 1037 842 1115 jetnt
861 1033 924 1093 und
945 1033 1031 1094 nicht
1051 1053 1102 1094 an-

184 1119 254 1179 ders
284 1118 363 1179 denn
389 1117 565 1178 verfluchen
593 1117 655 1177 und
682 1116 869 1178 verbannen.
917 1116 951 1177 Id
980 1135 1104 1196 quoque

183 1202 273 1263 nobis
300 1197 498 1278 dictumest,
530 1220 563 1260 es
590 1201 647 1281 gilt
675 1220 742 1281 uns.
793 1199 883 1260 Nunc
911 1199 1012 1278 dicas,
1040 1200 1103 1259 iam

184 1291 245 1345 tam
270 1284 429 1346 confessus
452 1291 483 1344 et
504 1285 617 1344 contrit
675 1280 752 1358 sum,
774 1288 837 1343 tam
859 1284 1105 1362 omniapeccata

184 1387 254 1428 mea
282 1367 477 1446 indulgentur
504 1367 587 1426 mihi.
618 1303 684 1426 Ἔθὶ
704 1365 778 1427 Leib
806 1365 899 1427 nicht.
942 1366 1103 1429 Venenum

183 1449 215 1510 id
247 1455 296 1510 eet
324 1456 417 1528 atque
445 1451 590 1526 exitium3
622 1448 722 1510 solum
752 1448 842 1510 crede
875 1448 985 1525 verbo,
1020 1447 1103 1527 quod

113 1582 123 1604 ,
164 1532 258 1592 dicit
278 1531 423 1593 sacerdos
444 1532 475 1591 in
498 1531 707 1611 absolutione,
740 1539 774 1591 ut
799 1551 857 1592 nec
884 1550 941 1591 suo
969 1550 1030 1594 nec
1049 1537 1103 1592 tuo

78 1614 82 1625 ’
183 1617 292 1675 merito
325 1614 511 1676 absolvatur.
564 1615 598 1674 ln
632 1614 693 1675 fide
726 1622 775 1674 est
806 1614 977 1692 confessi03
1014 1633 1104 1674 verus

184 1700 264 1759 anim
297 1699 459 1778 poenitens
496 1698 595 1757 nescit
621 1717 655 1757 se
692 1698 866 1794 poenitere,
898 1715 973 1777 ergo
1007 1697 1103 1756 multo

184 1782 283 1840 minus
305 1779 466 1857 sacerdos,
497 1800 534 1840 ex
558 1799 686 1858 quorum
708 1799 835 1841 numero
856 1779 979 1859 quidam
1003 1779 1102 1839 solum

184 1882 239 1924 eos
261 1863 371 1924 volunt
397 1862 573 1940 absolvere,
603 1882 681 1942 quos
703 1862 809 1923 vident
836 1862 915 1923 bene
938 1863 1102 1923 contritos:

82 1948 83 1952 ’
184 1947 249 2006 Aus
273 1947 328 2006 mit
349 1945 465 2007 denen!
499 1944 573 2006 ldeo
596 1947 723 2006 mittitur
743 1944 872 2026 angelus
894 1945 944 2005 vel
966 1945 1104 2005 Christus

182 2049 370 2109 praeparans
393 2029 488 2105 viam,
511 2028 662 2088 mundans
685 2028 779 2089 corda
801 2037 922 2106 nostra3
950 2034 982 2088 et
1002 2029 1103 2088 statim

167 2110 287 2172 'veniet
322 2111 511 2186 dominator,
544 2112 631 2190 quasi
665 2110 795 2171 diceret:
839 2102 934 2172 Sonat
960 2110 1037 2170 wird
1072 2129 1105 2169 er

182 2195 267 2256 nicht
298 2196 459 2269 kommen,
492 2213 525 2254 es
555 2212 637 2254 musa
664 2194 772 2255 vorhin
801 2194 866 2254 rein
898 2194 974 2254 sein.
1022 2194 1106 2254 Ecce

182 2280 280 2356 venit,
304 2277 378 2337 dicit
397 2277 560 2337 Dominus:

204 2465 251 2526 Et
279 2466 364 2545 quis
385 2467 534 2546 poterit
562 2467 738 2593 cogitqre
767 2465 865 2526 diem
887 2465 1081 2526 adventus

593 2568 691 2608 erus.

268 2687 404 2748 Christus
428 2688 568 2747 nimirum
591 2686 736 2748 adveniet
756 2687 814 2764 ita,
845 2694 878 2748 ut
899 2687 1026 2766 quilibet
1055 2705 1105 2746 ne·

183 2772 270 2848 sciat,
293 2790 363 2830 eum
385 2771 504 2831 adesse.
539 2769 707 2830 Confundit
728 2770 859 2849 singula,
882 2771 979 2842 utilli
1004 2768 1105 2829 videa-

184 2861 233 2914 tur
256 2853 385 2932 perditio
409 2853 559 2932 quaedam
582 2860 674 2931 atque
697 2853 854 2913 calamitae
877 2872 989 2933 magua
1015 2851 1105 2912 adve-

184 2938 259 2996 nire.
309 2936 415 2996 Simile
446 2944 493 2996 est
524 2936 573 2995 hic
605 2955 739 3014 crassum
772 2937 802 2995 in
835 2936 919 3015 ligno
953 2934 1104 2995 tornatili:

185 3020 300 3099 lignum
319 3021 380 3098 iam
403 3023 509 3079 no‘tum
539 3037 576 3077 uc
603 3036 761 3079 enormem
788 3019 949 3079 rotundum
979 3024 1107 3077 naturae

184 3101 312 3182 figuram
334 3101 467 3162 habens:
492 3100 577 3161 leber
598 3109 698 3161 autem
723 3101 867 3181 lignarius
890 3100 1026 3177 accedit,
1048 3100 1106 3178 pri-

185 3204 267 3244 mum
298 3185 376 3244 latus
405 3204 497 3244 unum
526 3183 687 3263 deplanat,
722 3184 834 3244 dehinc
867 3190 968 3244 autem
1000 3201 1106 3244 secun-

187 3266 275 3343 dum,
298 3275 329 3328 et
350 3268 375 3326 si
397 3267 513 3346 lignum
537 3266 620 3344 loqui
643 3276 765 3345 posset,
788 3265 860 3345 quid
883 3265 951 3325 vis?
979 3265 1106 3326 diceret:

184 3349 387 3428 responderet
425 3349 525 3422 faber,
565 3355 752 3428 octogonum
788 3348 904 3429 lignum
937 3367 976 3407 ex
1012 3354 1042 3409 te
1075 3355 1108 3405 ut

184 3432 310 3492 faciam:
370 3433 472 3509 Mitte,
513 3430 715 3510 responderet
759 3432 873 3511 lignum
907 3430 1025 3509 denuo,
1068 3448 1107 3488 ex

186 3533 256 3574 asse
279 3516 447 3594 corrumpis
470 3533 529 3590 me,
551 3515 611 3573 iam
635 3515 716 3573 enirn
736 3516 787 3574 vix
803 3513 880 3574 duos
895 3513 995 3573 habeo
1014 3533 1107 3595 angu-

186 3596 244 3658 los.
290 3597 340 3657 Sic
368 3599 459 3657 etiem
494 3598 526 3656 in
554 3596 679 3657 homine
706 3602 768 3675 est,
803 3605 836 3657 ut
868 3597 967 3677 primo
996 3596 1107 3657 intuitu

185 3678 324 3741 videatur
351 3699 439 3740 corru
463 3682 505 3740 tio
535 3679 647 3740 adesse
674 3687 705 3740 et
732 3679 917 3760 destructio,
948 3698 1027 3759 ergo
1051 3699 1109 3741 nec

185 3763 289 3843 cogita
310 3754 391 3824 diem
413 3699 563 3823 adventus
585 3763 659 3824 eius.
