2356 4200
375 285 532 351 cestrense
546 287 793 357 indulgentiarum
868 255 870 259 ’
983 283 1049 351 2139

125 472 191 524 non,
219 453 278 514 nisi
311 473 390 516 vera
416 460 448 515 et
482 455 603 521 sincera
638 474 707 518 case
732 461 845 536 potest
895 454 994 531 Quod
1022 454 1047 516 si

125 537 330 603 sincera-non
354 537 451 617 fuerit,
474 537 700 618 hypocritarum
724 547 780 618 est,
802 558 865 601 nnn
887 557 1048 618 catenam

128 619 266 693 Christus
289 621 413 686 docet„
579 676 581 681 ,
653 670 655 675 .
1020 669 1023 676 .

171 772 174 777 ¹
208 702 363 781 Quarto,
383 703 422 765 de
445 704 684 774 *sacramentali
708 705 900 784 poenitentia
932 704 1048 765 nullum
1088 703 1089 706 ’

125 784 255 847 habetur
277 794 474 866 praeceptum
497 786 624 866 Christi,
657 787 711 849 sed
741 794 789 850 est
810 807 865 868 per
886 785 1048 868 pontificos

126 876 157 929 et
178 869 339 931 ecclesiam
363 876 477 933 statuta
500 870 626 944 (saltem
648 870 751 950 quoad
769 871 890 931 tertiam
913 870 960 930 sui
983 888 1048 950 par·

126 958 197 1028 tem,
220 951 340 1013 scilicet
361 953 640 1030 satisfactionem),
672 953 744 1015 ideo
776 961 807 1015 et
829 952 981 1014 mutabilis
1001 972 1049 1014 ar·

125 1033 215 1096 bitrio
239 1035 398 1097 ecclesiae.
432 1035 493 1097 Sed
514 1037 707 1116 poenitentia
719 1036 908 1118 evangelica
928 1041 977 1097 ent
997 1035 1049 1097 lex

126 1117 239 1196 divina,
262 1119 347 1179 nulla
367 1119 444 1179 hora
458 1117 622 1197 mutabilis,
645 1121 799 1200 cumipse
821 1121 860 1183 ait
880 1120 952 1200 iuge
974 1117 1048 1181 illud

126 1201 325 1345 salsilniicium,
363 1202 445 1281 quod
478 1209 621 1280 vocatur,
654 1223 707 1276 cor
739 1203 902 1265 concnam
934 1207 966 1262 et
986 1201 1049 1263 vnu-

127 1284 167 1349 m'
182 1285 284 1346 ‘atum
912 1319 934 1336 ω
1043 1341 1046 1349 .

178 1410 179 1415 1
208 1366 338 1443 Quinto,
362 1366 422 1427 huc
443 1368 589 1448 pertinet,
611 1368 694 1448 qnod
716 1387 778 1429 uno
802 1382 959 1430 consenso·
976 1367 1049 1429 dce-

126 1450 209 1513 tores
231 1450 408 1511 scholastici
430 1450 608 1512 discernunt
634 1451 857 1533 poenitentiam
889 1451 1048 1513 virtutisne

125 1534 317 1611 poenitentia
336 1534 562 1611 sacramentali,
585 1542 737 1615 ponentes
754 1534 977 1615 poeniteutiam
991 1533 1049 1594 vir·

127 1616 198 1679 tutis
237 1615 329 1676 velut,
359 1617 515 1691 materiam
550 1636 604 1678 een
633 1617 803 1680 subiectum
836 1617 1048 1698 poenitentiae
1107 1618 1115 1635 ³

126 1700 318 1765 sacramenti.

435 1893 653 1962 Conclusio
676 1899 731 1962 111
866 1907 869 1915 '
896 1896 898 1901 ’

143 2092 146 2097 ,
207 2027 277 2091 Non
300 2034 401 2091 tamen
426 2030 524 2091 solam
546 2029 678 2093 intendit
698 2029 892 2104 interiorem,
921 2027 983 2089 imo
1004 2028 1049 2089 irr-

125 2111 219 2172 terior
246 2110 330 2172 nulla
352 2119 419 2190 est,
452 2114 509 2174 nisi
543 2114 617 2174 foris
636 2120 792 2192 operetur
818 2111 919 2174 varias
949 2113 1049 2171 cernis

125 2192 387 2257 mortificationes.

356 2278 396 2338 Et
417 2278 497 2338 hanc
518 2297 624 2338 assero
648 2282 679 2343 et
699 2275 809 2356 probo.
959 2327 962 2335 .
1106 2342 1110 2346 ,

150 2430 152 2434 ,
208 2359 320 2438 Primo,
341 2361 450 2424 Roma.
477 2365 524 2440 12,
546 2361 697 2441 praecipit
718 2359 893 2439 apostolus,
916 2378 1049 2439 corpora

124 2449 231 2504 nostra
253 2442 364 2504 offerre
385 2443 516 2505 hostiam
538 2445 874 2519 viventemsnuatsm,
896 2441 963 2504 Deo
984 2441 1050 2522 pla·

123 2533 254 2594 centem.
299 2526 400 2605 Atque
422 2527 452 2585 id
481 2525 640 2606 quomodo
670 2525 739 2602 liat,
771 2524 883 2587 ibidem
913 2524 1052 2590 clareret
1119 2531 1123 2537 ’

123 2608 186 2669 late
210 2610 355 2687 exponit,
386 2610 456 2670 dnm
480 2610 572 2671 docet
594 2609 750 2672 humiliter
771 2628 898 2689 sapere,
919 2609 1049 2670 inuicem

124 2693 256 2770 servire,
288 2692 436 2772 diligere,
473 2694 606 2755 orationi
635 2694 765 2770 instare,
798 2693 977 2772 patientiam
1000 2690 1051 2750 ha·

125 2775 197 2840 nere
221 2781 278 2837 etc.
323 2773 487 2850 Quomodo
512 2783 542 2836 et
564 2779 593 2839 2.
617 2775 755 2840 Corinth.
780 2780 809 2838 ti.
830 2776 889 2835 ait:
918 2773 1050 2836 Exhibe·

124 2878 211 2923 amus
234 2859 462 2938 nosmetipsos
483 2860 513 2919 in
536 2859 632 2919 multa
644 2858 805 2938 patientie,
824 2859 854 2918 in
877 2858 997 2918 ieiuniis
1019 2863 1052 2919 et

123 2941 237 3020 vigiliis
260 2947 317 3002 etc.
362 2940 421 3002 Sed
450 2950 481 3002 et
503 2942 640 3002 Christus
662 2941 768 3002 Matth.
791 2945 821 3004 5.
850 2948 882 3002 et
908 2945 935 3004 6.
959 2939 1052 3003 docet

124 3031 208 3085 reate
219 3024 364 3100 ieiunare,
380 3044 479 3103 orare,
498 3025 714 3104 eleemosynas
728 3023 812 3101 dane,
826 3025 899 3085 item
916 3020 1050 3106 alibi*):

125 3105 216 3180 Quod
240 3116 398 3186 superest,
432 3108 503 3168 date
527 3108 774 3187 eleemosynam,
798 3114 829 3167 et
849 3125 923 3167 ecce
942 3106 1051 3167 omnia

128 3189 243 3250 munda
264 3190 363 3252 vobis.

208 3272 299 3333 Unde
320 3274 471 3352 sequitur,
506 3272 588 3352 quod
610 3272 683 3333 illae
706 3280 766 3333 tres
788 3282 891 3353 partes
914 3272 1050 3333 satisfac-

125 3355 228 3431 tionis,
251 3357 414 3432 ieiunium,
437 3358 555 3434 oratic,
578 3356 793 3436 eleemosyna,
815 3374 878 3416 non
897 3356 1053 3434 pertinent

124 3438 163 3497 ad
179 3440 442 3508 ,sacramentalem
465 3438 699 3518 poenitentiam,
722 3437 824 3518 quoad
846 3437 1050 3500 substantiam

125 3521 291 3598 sactorum,
314 3523 384 3601 quia
406 3531 477 3583 sunt
498 3522 537 3582 de
558 3533 725 3609 praecepto
749 3521 876 3607 Christi,
907 3521 962 3584 sed
985 3541 1048 3601 per·

197 3795 227 3858 ⁸)
249 3794 311 3847 Luc.
333 3795 357 3848 i).
