2356 4200
135 274 200 339 398
293 302 322 323 ·›
383 276 540 346 Appellatio
559 276 593 330 l).
612 277 688 329 Mart.
707 275 813 365 hithe·
869 324 873 330 .

136 449 245 508 omum
266 446 425 509 dominum
446 453 585 507 nocturn
595 464 720 526 papam,
740 446 945 527 eiusdemque
961 446 997 512 8.
1010 467 1049 511 sc

135 532 206 592 clem
223 522 432 611 apostolicam
453 530 677 611 provocaritet
690 529 872 611 appellavit,
893 531 1050 610 apostolor

134 615 232 694 petiit,
254 633 288 674 se
299 613 447 691 submisit,
468 617 655 692 protestatus
676 610 743 692 tait
763 614 933 692 omniaque
949 622 983 675 et
998 615 1050 683 rio·

134 697 208 779 gula
228 695 291 757 alia
311 696 404 774 leon,
426 702 573 757 contenta
592 696 624 756 in
645 694 756 759 oedem
779 695 956 774 tutatuta.
973 698 1051 758 cuius

135 779 257 862 quidem
280 778 446 840 schedulae
479 778 695 861 appellationis
708 784 741 841 ct
760 781 998 859 provocationis
1015 787 1051 845 te-

134 883 192 926 nor
213 862 252 923 ds
273 862 370 925 verbo
390 861 431 922 ad
452 862 579 923 verbum
601 862 752 940 sequitur,
775 870 806 923 et
825 871 876 924 est
896 863 980 925 talis.

209 946 294 1007 ‘Cum
325 944 552 1026 Appellationie
576 943 745 1005 remedium
771 947 803 1004 in
835 945 1008 1007 subsidium
1026 954 1052 1007 et

134 1030 310 1092 relevamen
332 1046 549 1110 oppressorum
571 1047 593 1089 a
609 1027 684 1088 iuris
704 1027 918 1091 conditoribus
939 1030 982 1095 cit
1006 1030 1052 1090 ad-

133 1115 302 1189 inventum,
325 1120 356 1173 et
376 1131 438 1173 non
462 1111 562 1172 solum
584 1109 623 1172 ab
643 1110 747 1190 illatis,
769 1130 878 1173 rer-rm
901 1114 997 1173 etiam
1017 1113 1052 1174 ab

132 1195 301 1257 inlcrendia
321 1202 355 1257 at
374 1194 685 1256 inlorrioomminctie
707 1195 939 1274 gravaminibus
963 1203 995 1256 et
1014 1196 1052 1256 in·

133 1281 216 1341 iuriis
238 1280 305 1340 iura
325 1277 483 1359 appellare
504 1277 698 1357 permittant,
727 1276 842 1340 idcirco
864 1297 926 1358 ego
952 1279 1052 1351 Frater

132 1363 278 1423 Martinus
300 1361 460 1423 Lutlrerius
477 1361 725 1445 Augustinensis‚
746 1362 1050 1442 sacrae-theologiae

132 1445 299 1525 professos·
319 1442 951 1524 momenmentuirtcntcegmststucio
963 1445 1050 1506 Bran-

132 1527 353 1608 denburgensis
376 1526 529 1588 diocoesis
556 1526 654 1587 lector
674 1527 843 1588 ordinarius
865 1528 1050 1608 principalis,

132 1610 360 1692 principaliter,
390 1618 422 1671 et
441 1629 498 1691 pro
521 1611 658 1693 meipso
679 1629 784 1670 coram
806 1609 912 1688 robis,
933 1613 1050 1672 notario

130 1692 266 1774 publico,
287 1701 433 1773 tanquam
455 1692 579 1774 publica
599 1700 631 1753 st
652 1692 830 1754 authentica
846 1712 996 1773 persone,
1017 1712 1050 1754 ac

78 1846 80 1851 ,
130 1776 259 1838 testibus
280 1776 331 1837 hic
351 1775 582 1857 praesentibus,
610 1777 714 1836 animo
737 1782 769 1837 et
788 1778 963 1838 intentione
984 1796 1049 1857 pro·

130 1859 264 1923 vocandi
287 1867 317 1920 et
339 1857 530 1940 appellandi,
556 1858 779 1941 apostolosque
802 1859 833 1937 ¹)
863 1859 991 1943 petendi
1023 1868 1049 1919 et

130 1941 316 2029 recipiendi,
339 1942 409 2005 dico
431 1950 462 2003 et
482 1959 636 2024 propono.

213 2024 305 2105 Quod
326 2045 395 2087 cum
417 2026 595 2093 inmutatio
615 2024 872 2107 indulgentiarum
895 2026 1002 2086 variae
1021 2034 1050 2086 et

21 2118 34 2138 ⁹
130 2112 265 2173 incertae
288 2111 349 2171 sint
370 2109 533 2190 opiniones
545 2107 715 2187 doctorum,
738 2117 798 2170 tam
821 2110 1048 2171 canonistarum

130 2212 222 2275 quam
244 2192 477 2274 theologorum,
500 2210 559 2252 neo
579 2193 609 2251 in
632 2191 679 2252 his
702 2210 797 2273 usque
819 2191 914 2253 hodie
935 2191 1048 2272 aliquid

131 2286 246 2336 certum
270 2280 301 2336 ct
322 2275 557 2336 determinatum
580 2273 693 2335 habeat
713 2275 864 2353 ecclesio,
887 2276 946 2335 nisi
970 2275 1047 2355 quod

130 2379 169 2419 ex
193 2358 227 2420 G.
250 2357 342 2433 Quod
364 2364 466 2419 autem
489 2365 547 2420 etc.
571 2363 601 2418 et
622 2356 655 2420 G.
679 2357 754 2418 Oum
778 2376 898 2436 exeo,
921 2358 1048 2437 aliisque

130 2440 310 2522 quibusdam
333 2441 447 2503 clarum
472 2449 532 2519 est,
560 2439 766 2521 indulgentias
798 2460 868 2501 esse
897 2443 1047 2501 remissio

129 2545 184 2585 nes
206 2524 423 2587 satisfactionis
445 2523 689 2604 poenitentialis,
711 2544 732 2584 a
753 2526 809 2585 suo
829 2523 932 2584 iudice
955 2526 1047 2605 impo-

129 2609 216 2671 sitae.
239 2606 413 2671 satisfactio
434 2614 537 2668 autem
560 2626 629 2667 esse
651 2606 733 2667 aliud
746 2627 809 2669 uon
821 2615 935 2686 potest,
959 2626 1046 2687 quam

129 2694 246 2773 optima
279 2690 332 2752 illa
355 2710 467 2772 opera,
498 2691 618 2769 oratio,
647 2691 808 2769 ieiunium,
838 2691 1047 2771 eleemosyna,

129 2783 162 2834 ut
183 2783 231 2835 est
251 2792 312 2835 una
324 2776 458 2836 omnium
483 2773 698 2855 theologorum
729 2779 759 2834 et
779 2774 873 2834 totius
898 2773 1047 2833 ecclesiae

129 2875 259 2918 concors
281 2859 443 2920 sententia.
486 2856 526 2916 Et
548 2875 587 2917 ex
608 2855 642 2916 O.
657 2855 875 2932 Abusionibns‚
898 2858 929 2916 io
952 2855 1046 2936 gloss.

128 2958 162 2999 su
187 2959 220 3000 er
241 2939 353 3002 verbo:
367 2938 577 3021 mendaciter,
601 2940 683 3000 clare
705 2946 799 3020 patet,
820 2939 905 3018 quod
927 2958 984 3020 per
1006 2940 1047 2997 in-

128 2959 300 3105 dulgentias
323 3043 384 3085 non
415 3022 615 3084 extrahuntur
642 3024 762 3090 animae
789 3023 828 3082 (le
857 3023 1046 3102 purgatorio,

128 3122 166 3167 eo
190 3104 274 3187 quod
296 3113 367 3167 sunt
389 3106 494 3168 divino
514 3106 628 3167 iudicio
658 3113 842 3167 reservatae.
886 3105 953 3166 Nec
974 3106 1047 3165 satis

126 3194 268 3264 conant,
290 3208 348 3249 nec
369 3209 424 3270 per
446 3188 608 3251 ecclesiam
631 3189 864 3250 determinatum
888 3198 951 3263 eat,
975 3189 1046 3268 quid

127 3273 174 3351 sit,
197 3278 228 3331 et
248 3279 394 3353 quantum
416 3272 519 3334 valeat
530 3271 640 3333 modus
651 3272 704 3333 ille
718 3271 865 3352 suffragii,
886 3290 1046 3353 perquem

126 3346 323 3416 conimuntrir
348 3355 557 3439 indulgentiae
579 3356 746 3434 defunctis,
774 3361 955 3436 praesertim
979 3378 1045 3418 com

125 3456 188 3498 non
216 3444 333 3499 tantum
361 3456 496 3521 poenae,
527 3438 582 3499 sed
610 3446 642 3499 et
669 3439 778 3519 culpae
800 3456 924 3520 quoquc
946 3442 1044 3501 remit-

123 3524 228 3581 tantur
249 3523 289 3581 in
321 3525 515 3605 purgatorio,
544 3529 577 3583 ut
611 3522 721 3583 dicitnr
751 3521 854 3582 distin.
882 3522 939 3588 25:
967 3522 1046 3598 Quc-

117 3603 179 3682 lis,
214 3605 319 3685 culpas
349 3614 450 3666 autern
472 3607 584 3666 remitti
613 3625 633 3665 a
661 3604 729 3674 solo
751 3605 819 3666 Deo
843 3615 959 3667 eertum
989 3616 1045 3683 est,

178 3775 210 3843 1)
230 3775 261 3827 ln
282 3775 325 3832 ed.
343 3775 420 3829 lam:
439 3774 673 3844 apostolicosque.
