2356 4200
477 311 504 353 a
524 295 592 355 151⁶
610 249 706 352 inan
990 289 1052 360 139

138 464 281 544 incipiunt
302 466 428 548 propria
447 467 524 528 vitia
544 467 665 528 Israelis
687 468 718 527 in
741 465 879 543 deserto,
912 464 983 526 ideo
1007 483 1052 526 se-

135 547 244 609 candus
277 548 392 631 gradus
423 556 470 611 cst
496 550 734 631 proficientium,
769 551 820 628 qui
854 569 916 610 non
945 551 1050 609 sinunt

133 631 294 692 Dominum
315 653 446 714 regnare
467 653 559 714 super
587 655 638 712 se,
668 635 721 694 sed
755 653 840 692 snam
869 633 1051 712 sapientiam

133 720 160 774 et
178 717 339 795 proprium
362 736 500 797 sensum,
528 737 613 777 suam
635 718 790 778 iustitiam.
834 716 866 775 ln
889 735 949 794 quo
974 716 1050 775 mire

132 797 208 858 Deus
237 799 388 877 irritatur,
421 820 491 859 nam
522 801 600 860 sicut
630 801 761 881 populus
789 799 924 878 gentium
947 804 978 858 et
999 798 1051 858 Ju-

132 879 276 941 daeorum
311 882 428 959 differt,
457 885 500 944 ita
528 891 560 944 et
585 884 639 944 iiia
660 884 720 945 duo
744 888 873 963 peccata
895 880 1050 958 differunt:

132 983 220 1024 unum
243 964 369 1044 quidem
391 972 438 1026 est
460 965 498 1025 ad
521 973 680 1027 externam
703 973 871 1026 creaturam
888 965 1049 1025 conversio

131 1053 156 1106 et
178 1047 298 1122 fruitio,
327 1049 456 1109 alterum
479 1049 518 1109 ad
539 1051 690 1111 internam
714 1056 898 1124 creaturam,
933 1047 1052 1107 scilicet

130 1130 226 1209 ipsam
249 1132 444 1191 aversionem
467 1133 505 1192 ab
530 1139 658 1193 externa
684 1133 904 1207 conversione,
935 1136 968 1189 ut
1000 1131 1050 1208 qui

130 1232 188 1272 non
213 1213 306 1274 rebus
327 1214 494 1275 fornicatur
515 1235 534 1275 a
554 1217 639 1294 Deo,
662 1235 730 1275 cum
753 1216 820 1295 ipsa
842 1212 941 1273 adhuc
963 1214 1051 1272 casti·

129 1301 188 1356 tate
216 1296 399 1375 fornicetur,
430 1298 607 1378 superbiens
636 1319 673 1359 ac
701 1299 827 1378 placens
856 1297 928 1373 sibi,
961 1302 992 1356 et
1018 1297 1049 1355 in

131 1377 272 1440 omnibus
296 1399 352 1439 sua
374 1399 541 1460 quaerens,
564 1401 601 1442 ac
623 1401 678 1462 per
700 1382 760 1442 hoc
782 1399 877 1461 regno
899 1379 957 1439 Dei
979 1378 1050 1438 insi·
1092 1437 1101 1465 ι.

76 1512 78 1517 .
129 1456 232 1540 diane,
266 1463 365 1541 ipsum
393 1464 423 1523 in
447 1464 571 1525 exilium
594 1472 781 1545 pervertens.
824 1463 861 1522 Hi
884 1469 968 1541 sunt,
1000 1462 1049 1540 qui

129 1550 208 1604 stant
237 1545 269 1603 in
299 1565 355 1605 suo
387 1548 485 1627 primo
513 1548 623 1629 gradu,
653 1549 715 1607 imo
745 1548 832 1628 peius
854 1545 1051 1605 retrocedunt

128 1645 217 1705 quam
239 1629 342 1707 prius,
365 1631 415 1708 qui
438 1648 511 1690 vero
534 1631 707 1710 proficiunt,
730 1649 851 1710 semper
866 1634 975 1708 petunt
988 1647 1050 1687 ma·

127 1711 172 1852 gis
195 1728 233 1768 ac
255 1713 353 1792 magis
374 1712 540 1773 Dominum
563 1734 708 1795 regnare,
736 1733 799 1773 non
821 1717 972 1791 quaerunt
993 1710 1050 1771 sibi

147 1792 270 1872 aulem,
305 1795 356 1872 qui
382 1796 599 1876 interpretatur
624 1797 770 1874 abutens,
801 1795 851 1855 hic
869 1794 921 1854 'est
942 1813 1049 1854 sensus

129 1873 275 1955 abutens,
306 1877 451 1939 inchoato
479 1900 575 1960 regno
597 1880 671 1954 Dei,
698 1879 770 1939 inde
798 1880 876 1938 sicut
897 1879 928 1936 in
949 1878 1048 1957 primo

127 1956 224 2037 gradu
246 1977 309 2019 non
332 1961 388 2020 fuit
411 1981 448 2023 eo
471 1964 631 2023 melioria
653 1963 763 2040 Israel,
793 1962 835 2021 ita
857 1962 887 2020 in
912 1958 1048 2020 secundo

128 2059 190 2101 non
212 2048 261 2101 est
281 2044 370 2122 peior
392 2062 440 2105 eo.
483 2046 603 2106 Tertius
630 2046 743 2128 gradus
766 2050 813 2105 est
834 2044 1048 2124 perfectorum,

127 2125 231 2202 utqui
257 2125 318 2184 iarn
340 2125 471 2187 futurum
494 2149 622 2210 regnum
652 2135 776 2208 petunt,
809 2128 839 2186 in
875 2144 934 2204 quo
964 2126 1048 2185 solus

127 2205 211 2265 Deus
235 2210 339 2268 omnia
360 2211 390 2269 in
414 2213 555 2272 omnibus
578 2220 640 2289 est,
677 2213 765 2288 vivit,
794 2211 872 2291 agit,
906 2207 988 2287 quod
1016 2209 1047 2268 in

127 2289 185 2348 hac
206 2291 271 2349 vita
292 2311 354 2352 non
377 2291 425 2371 fit,
456 2295 518 2355 imo
547 2315 668 2374 semper
696 2293 810 2373 aliquid
838 2300 976 2352 nostrum
998 2291 1048 2351 vel

128 2371 243 2433 diaboli
264 2374 295 2431 in
318 2375 407 2436 nobis
432 2384 595 2459 corregnat
617 2384 647 2437 et
675 2395 874 2457 corregnarc,
906 2376 968 2434 imo
1000 2393 1047 2434 so-

128 2454 188 2513 lum
210 2475 341 2536 regnare
364 2461 489 2537 quaerit.
533 2460 612 2520 Vide
633 2463 753 2540 itaque,
775 2459 825 2519 ubi
845 2459 974 2534 dixeris,
996 2456 1047 2516 ad·

128 2539 232 2598 veniat
253 2559 382 2620 regnum
399 2547 492 2621 tuum,
517 2544 673 2623 quomodo
693 2543 867 2604 confitearis
893 2543 935 2618 (si
955 2539 1049 2600 corde

127 2619 278 2700 dixeris),
313 2630 343 2682 te
370 2644 439 2685 esse
468 2627 497 2685 in
530 2627 638 2705 exilio,
670 2634 700 2686 et
723 2627 780 2688 sub
803 2622 964 2704 tyrannide
987 2622 1047 2681 dia-

127 2703 207 2782 boli,
242 2706 345 2765 mundi
380 2715 410 2767 et
442 2711 541 2770 carnis
565 2716 649 2786 tuae,
686 2709 737 2769 ubi
760 2709 810 2768 lex
832 2707 1047 2784 membrorum,

126 2787 298 2865 imperante
326 2789 465 2868 diabolo,
498 2795 577 2872 regit
603 2800 633 2851 te
655 2792 694 2851 ad
717 2797 877 2872 peccatum
900 2795 931 2849 et
953 2808 1048 2848 onera

127 2871 339 2932 conscientiae
365 2873 582 2953 importabilia.
625 2875 683 2935 Hic
704 2876 785 2934 enim
806 2875 910 2953 iugum
934 2873 1047 2949 oneris,

128 2958 159 3010 et
180 2954 268 3033 virga
289 2955 405 3015 humeri
429 2964 460 3017 et
483 2966 636 3038 sceptrum
661 2958 814 3018 exactoris
837 2957 973 3032 sentitur,
996 2973 1047 3013 ne-

127 3052 186 3112 que
209 3036 287 3096 ullus
311 3057 444 3118 unquam
468 3047 615 3120 tyrannus
640 3042 684 3101 sic
705 3042 823 3120 exegit,
857 3040 901 3097 sic
923 3056 1046 3117 oppres-

125 3118 179 3194 sit,
202 3120 247 3178 sic
270 3123 409 3181 oneravit
430 3142 467 3182 ac
489 3125 533 3182 sic
554 3123 698 3201 subiecit,
730 3125 808 3183 sicut
829 3120 970 3181 diabolus
991 3139 1047 3199 per

124 3204 390 3282 concupiscentias
425 3207 524 3266 carnis
558 3214 589 3266 et
619 3205 724 3266 mundi
758 3213 866 3266 onerat
888 3204 1045 3264 conscien-

124 3284 213 3362 tiam,
237 3286 319 3364 quod
342 3289 392 3368 qui
417 3290 523 3365 sentit,
546 3290 677 3369 suspirat
698 3290 817 3368 utique,
848 3293 882 3346 ut
902 3287 1046 3347 adveniat

123 3385 253 3447 regnum
274 3370 332 3430 Dei
356 3378 387 3431 et
409 3378 510 3431 cesset
532 3391 609 3432 onus
644 3378 675 3431 et
697 3373 818 3432 exactio
840 3371 894 3430 illa
915 3372 945 3429 in
969 3390 1045 3449 pace

124 3454 335 3514 conscientiae
367 3460 398 3514 et
425 3457 588 3515 securitate
619 3453 846 3515 misericordiae
874 3453 940 3513 Dei.
984 3452 1043 3514 Sed

102 3532 199 3593 ‘heui
223 3555 314 3615 quam
339 3538 423 3597 multi
446 3538 506 3598 hoc
531 3539 634 3618 iugum
658 3544 688 3597 et
710 3536 967 3616 onusBabylonis
989 3537 1044 3596 fer-

123 3637 208 3678 reum
231 3627 340 3698 putant
362 3621 626 3681 iucundissimum!
658 3623 707 3698 qui
735 3620 836 3680 rident
857 3626 888 3679 et
910 3619 1045 3700 gaudent

123 3700 178 3762 iilo
201 3703 298 3781 premi
322 3708 353 3762 st
374 3710 504 3782 tyranno
527 3703 625 3765 subdi.
667 3704 767 3763 Minus
790 3704 894 3763 omnia
910 3705 1045 3764 iumenta

121 3786 262 3858 serviunt,
288 3803 378 3860 quam
398 3787 463 3864 isti,
488 3790 541 3865 qui
563 3808 637 3850 vera
659 3794 731 3851 sunt
753 3789 909 3873 iumenta,
929 3786 987 3852 scd
1005 3790 1052 3852 'm-
