2356 4200
188 906 192 917 ’
245 929 277 1023 Ι.
337 930 483 1027 Seruo
511 928 564 1028 dc
589 925 762 1027 virtute
792 924 1075 1029 excommuni-
1130 933 1136 947 '

105 1046 110 1057 “
226 1048 229 1055 ’
356 1056 364 1069 ’
468 1060 471 1069 ·
560 1037 757 1143 cationis.

263 1264 301 1327 D.
335 1263 526 1341 Martinus
557 1262 753 1325 Lutharus
792 1262 861 1324 Pie
899 1218 1098 1327 [ceteri.

558 1345 747 1409 Salutem.
841 1400 845 1409 .

201 1596 206 1603 .
285 1496 405 1606 Magus
420 1544 494 1589 vere
515 1527 614 1606 gratia
633 1526 707 1586 mihi
729 1544 749 1585 a
770 1525 904 1587 Domino
926 1530 1037 1586 nostro
1051 1524 1128 1587 Jeeu

107 1660 112 1681 ,
200 1609 321 1671 Christo
344 1607 459 1669 collata
468 1608 598 1687 videtur,
620 1616 655 1669 ut
674 1608 770 1669 verba
792 1626 862 1669 mea
878 1607 974 1668 solius
997 1615 1064 1671 tan
1084 1610 1130 1669 in-

199 1698 287 1773 grata
314 1699 346 1752 et
366 1691 476 1752 odiose
497 1693 558 1751 aiut
578 1692 704 1771 multia,
731 1688 845 1752 dmum
863 1691 974 1752 nescio
993 1692 1029 1752 in
1050 1696 1127 1772 quot

199 1775 343 1835 haereses
368 1775 441 1856 (ceu
465 1774 569 1835 Protei
592 1774 716 1854 quidam
740 1775 861 1851 essent)
885 1773 1026 1835 secunde
1044 1790 1129 1855 pene

199 1858 305 1937 lingua
330 1856 592 1918 transformentur.
634 1857 675 1918 m
699 1859 758 1917 uisi
787 1856 870 1917 idem
897 1858 972 1937 ipsi·
988 1856 1128 1919 nomino

199 1948 306 2000 nostro
317 1940 391 2001 Jesn
404 1939 526 2001 Christo
539 1940 752 2020 apostolisque
773 1939 915 2000 omuibus
936 1946 1033 2019 etque
1053 1950 1127 2021 prn—

198 2023 299 2103 puetis
325 2023 494 2102 contigisse
523 2023 649 2099 scirem,
678 2020 856 2084 iamdudum
876 2021 1070 2104 capenas,
1089 2023 1128 2085 si·

200 2107 325 2166 lentium
351 2124 464 2177 essem.
506 2104 596 2165 Nunc
622 2124 696 2166 vero
725 2124 794 2165 cum
816 2112 924 2186 urgent
944 2102 1042 2167 officii
1066 2105 1127 2167 urei

198 2184 384 2265 necessitas,
415 2207 454 2249 eo
482 2189 579 2266 nitor,
612 2189 696 2268 quod
728 2190 826 2269 megia
848 2182 1058 2250 obediendum
1080 2192 1128 2251 cet

198 2273 275 2348 Deo,
297 2290 388 2351 quam
404 2270 587 2349 homiuibus,
610 2272 821 2350 paratissimus
843 2270 978 2331 officium
1002 2279 1035 2332 et
1056 2273 1125 2333 ucu-

198 2355 260 2414 lum
283 2353 415 2415 docendi
437 2354 629 2432 relinquere,
650 2354 677 2415 si
698 2355 742 2414 ite
760 2354 864 2435 piacet
885 2353 1055 2419 maioribus
1077 2370 1125 2415 ee·

195 2437 323 2515 clesiae,
344 2435 376 2497 id
398 2443 465 2513 est,
488 2436 620 2497 Christo.
664 2436 717 2498 Sia
739 2435 932 2505 retinendum
955 2444 1020 2516 eet,
1042 2437 1125 2499 -dent

195 2522 316 2580 veniam
338 2527 370 2580 et
390 2519 462 2580 boni
492 2519 673 2598 consulant,
708 2523 760 2600 qui
783 2520 906 2599 volent,
939 2520 1002 2581 mei
1029 2519 1122 2581 studii

196 2604 254 2663 erit
276 2602 418 2663 omnibus
440 2601 555 2663 viribus
587 2603 717 2681 sudare,
746 2609 780 2669 ut
795 2603 944 2664 'Christus
966 2598 1122 2666 chrisum

194 2685 315 2747 Christo
338 2685 473 2763 nunciet,
495 2690 526 2744 et
547 2685 662 2750 audiat.

276 2767 363 2828 Heec
386 2784 610 2847 commemoro,
632 2771 684 2848 pio
705 2769 749 2828 mi
769 2769 878 2847 lector,
899 2767 982 2848 quod
1005 2786 1123 2831 sermo·

194 2868 265 2910 uem
292 2849 445 2929 quendam
472 2850 517 2911 de
550 2851 967 2913 excommunicatione
999 2850 1122 2919 recia

193 2933 341 3012 populum
364 2934 673 3014 Vittembergcnsem,
696 2936 782 2995 cuius
795 2941 828 2995 ut
849 2954 908 3016 ego
930 2952 1031 3015 prope
1053 2952 1121 2996 urm

194 3014 317 3094 obiitus,
338 3017 383 3075 ita
405 3015 572 3077 adversarii
597 3018 699 3078 miseri
731 3025 803 3078 sunt
823 3017 891 3098 plus
914 3035 1007 3097 quam
1030 3036 1122 3098 opor

194 3103 238 3157 tet
270 3117 421 3159 memores
449 3092 692 3180 interpretesque
719 3100 909 3181 rigidissimi,
949 3119 990 3160 ne
1019 3098 1121 3161 dicem

192 3181 384 3260 iniquissimi.
428 3181 517 3242 Dabo
539 3182 644 3263 itaque
666 3202 808 3263 operam,
836 3190 985 3263 quantum
1007 3182 1123 3244 sufficit

194 3265 357 3342 memoria,
387 3271 420 3324 ut
449 3283 556 3342 sensa,
581 3268 692 3327 sinon
725 3266 819 3327 verba
840 3267 934 3327 totius
957 3266 1121 3345 sermonis,

193 3349 297 3405 omnia
325 3349 356 3406 in
384 3347 538 3427 pubiicum
567 3366 740 3428 exponam,
779 3355 813 3409 ut
842 3349 988 3429 probem,
1011 3367 1051 3409 ea
1071 3367 1120 3410 me

192 3428 353 3508 docuisse,
382 3449 510 3508 quorum
532 3448 634 3509 neque
655 3452 706 3493 me
727 3433 887 3512 poeniteat
907 3438 1120 3511 tractatorem,

192 3532 292 3591 neque
314 3514 397 3591 pium
419 3512 601 3575 auditorem.
645 3514 726 3589 Quid
748 3522 850 3575 autem
873 3516 963 3575 amici
986 3516 1047 3576 mei
1070 3534 1120 3596 pe·

192 3594 330 3675 raphrasi
352 3602 406 3656 aut
426 3595 650 3675 pseudophrasi
673 3617 730 3658 sua
751 3598 895 3679 feceriut,
917 3605 971 3657 aut
993 3598 1120 3675 iaciant,

191 3676 244 3737 det
266 3677 417 3756 domiuus,
440 3687 472 3739 ut
494 3679 661 3757 aliquando
675 3680 801 3742 videant
821 3688 853 3742 et
873 3680 944 3762 ipsi.
989 3682 1103 3744 Amen.

586 3762 675 3829 Vale.
