2356 4200
472 295 499 335 s.
520 281 704 338 stre-usus.
978 282 1039 348 iot

131 549 267 645 tomo
297 547 413 642 Dom
442 495 496 639 X¹
522 491 622 667 post
652 544 769 687 Triu.
800 476 1042 665 11151631)ἶ

200 718 272 779 Duo
296 717 440 779 homines
460 715 668 776 asoenderunt
687 717 717 777 in
742 717 903 799 templum.
926 717 1042 784 Lus—e.

127 802 203 863 Vere
223 802 288 862 ista
308 805 380 862 sunt
400 798 536 880 perdita,
558 798 733 880 perionlosa
752 800 808 861 illa
828 808 978 899 tempora,
1011 803 1043 862 in

126 884 229 966 quibus
250 883 399 965 impletur
417 881 491 943 illud
514 882 663 964 apostoli:
694 882 792 944 Erunt
812 885 954 945 hommes
975 904 1043 965 spe·
1103 892 1109 904 '

126 969 198 1030 siem
219 967 346 1049 quidem
368 967 491 1047 pietatis
513 965 672 1044 habentes,
694 967 836 1028 virtutem
856 972 959 1028 autem
977 968 1043 1029 eius

125 1050 325 1134 abnegantes.
371 1049 449 1110 Nam
471 1047 551 1110 adeo
574 1047 716 1110 diabolus
743 1049 879 1130 undique
904 1050 1044 1129 invaluit

125 1140 155 1195 nt
174 1153 216 1196 ex
237 1132 405 1216 praedietis
429 1130 601 1192 audivimus
635 1136 666 1191 et
691 1132 771 1193 inira
800 1132 978 1211 audiemus,
1011 1139 1045 1194 ut

124 1236 181 1280 non
202 1222 327 1278 tantum
348 1214 488 1296 posuerit
521 1215 668 1294 laqueos,
700 1215 809 1294 quibus
831 1215 974 1290 homines
996 1235 1044 1277 ea-

123 1301 183 1384 piat
202 1302 238 1362 in
259 1300 360 1379 malis,
384 1297 438 1359 sed
461 1303 492 1357 et
513 1299 544 1357 in
567 1297 657 1358 bon'is
679 1299 834 1378 operibus.
858 1296 949 1362 Adeo
973 1299 1041 1360 sub·

123 1383 214 1446 tiliter
234 1383 386 1464 perplexa
407 1387 479 1441 sunt
498 1381 568 1462 ipsa
589 1381 734 1441 universe
756 1389 788 1443 et
808 1400 957 1462 perversa
979 1400 1043 1443 om-

124 1471 179 1547 nis,
202 1473 362 1528 ettamen
383 1464 552 1525 stultissimi
573 1482 631 1524 nos
654 1465 753 1524 seeuri
770 1466 901 1526 vivimus
914 1466 945 1525 in
961 1464 1045 1532 bona

125 1562 236 1634 opera,
270 1549 372 1610 statim
407 1548 513 1609 omnia
539 1547 627 1607 salva
658 1547 856 1626 arbitrantes,
890 1549 915 1608 si
950 1547 1045 1609 modo

124 1636 206 1698 bons
228 1634 300 1713 sint,
322 1631 397 1692 nihil
419 1631 561 1691 timentes
583 1629 689 1691 subtus
705 1631 851 1693 horribile
864 1631 1044 1712 perieulum.

123 1719 208 1780 Haeo
229 1716 303 1778 ideo
325 1715 386 1775 iam
409 1731 636 1792 oommemoro,
668 1713 740 1793 quia
767 1714 829 1775 iam
859 1714 975 1775 aooedo
1003 1712 1045 1773 ad
1136 1722 1142 1730 '

124 1801 301 1865 subtiliores
322 1798 464 1859 homines
487 1803 518 1859 et
528 1795 697 1858 invisibiles
718 1803 946 1880 trangressores
958 1806 1045 1878 prae·
1164 1808 1170 1819 ·

125 1886 206 1969 eapti
227 1883 298 1962 Dei,
320 1881 404 1942 etin
427 1879 609 1942 abscondito
632 1887 798 1960 peooantes
816 1887 848 1941 et
864 1881 1045 1962 sagittantes

123 1988 189 2049 eos,
212 1968 265 2048 q'ui
288 1969 360 2025 sunt
380 1965 456 2025 reoti
484 1962 586 2024 eorde.
630 1961 691 2024 Sed
712 1965 795 2044 prius
824 1962 978 2024 residuum
1006 1962 1046 2023 de

123 2052 244 2116 Sanotis
268 2047 479 2129 expediemus.
508 2045 601 2107 Aliud
631 2047 723 2126 igitur
749 2050 927 2127 portentum
960 2064 1046 2127 prue-

121 2137 212 2216 eipue
233 2132 348 2194 nostris
381 2129 493 2191 seeuiis
521 2129 667 2206 invaluit,
701 2136 735 2190 ut
764 2136 893 2190 sanotos'
923 2128 1045 2209 quidam

123 2219 239 2294 ooiant,
262 2220 294 2275 et
313 2220 462 2294 patronos
483 2212 620 2273 habeant
641 2211 802 2293 superbiae
831 2219 862 2273 et
890 2214 1047 2292 avaritiae,

124 2302 176 2382 qui
197 2299 322 2382 gravius
343 2302 484 2377 pereant,
507 2314 598 2376 quam
620 2295 664 2355 illi
685 2293 843 2377 praedicti.

124 2514 258 2610 Alter
272 2509 692 2606 sormoDomiuioaX
731 2514 799 2605 ost
813 2509 1049 2605 Trinitatis

368 2644 374 2652 ’
470 2651 581 2720 anno
612 2537 727 2720 1516p

240 2768 377 2823 eontra
399 2761 628 2841 opinionem
650 2762 879 2822 sanctitatis
901 2768 940 2821 et

492 2843 631 2904 meriti.
648 2844 682 2922 *j

209 2969 285 3045 Quis
298 2968 376 3027 siout
391 2966 542 3028 Dominus
553 2967 637 3027 Deus
650 2973 765 3048 noster,
784 2967 876 3045 quiin
887 2966 957 3025 altis
968 2963 1050 3027 habi-

128 3061 173 3115 tat
193 3061 224 3114 et
240 3051 367 3112 humilia
383 3051 550 3142 respicitin
568 3050 658 3111 ooelo
673 3056 704 3110 et
720 3052 750 3111 in
766 3057 856 3130 terra,
880 3049 1050 3111 etiterum:

184 3283 213 3340 *1
234 3281 294 3332 Hoe
313 3278 594 3332 sermoneuutherus
615 3275 649 3329 de
675 3277 833 3345 periculoso
863 3277 960 3329 aetatis
986 3291 1053 3327 suae

129 3369 223 3407 rerum
251 3350 499 3404 ecclesiasticarum
526 3354 599 3401 statu
629 3351 695 3417 agit.
736 3348 873 3402 Loesoher
896 3347 908 3399 I
936 3363 961 3415 p.
990 3346 1052 3401 279.

130 3424 238 3478 Wsloh.
258 3423 317 3488 xii,
336 3421 414 3476 2218.
861 3456 864 3461 -
1010 3464 1030 3471 ,.

185 3501 216 3559 ’)
238 3495 317 3546 Hunc
338 3508 497 3547 sermonem
522 3490 632 3543 Lutheri
657 3489 794 3543 Loescher
828 3507 844 3544 e
869 3489 963 3543 todire
989 3489 1053 3542 MSo

129 3567 250 3621 reddidit
267 3568 297 3618 in
316 3565 404 3619 libro:
428 3564 698 3617 Reformationsscte
721 3562 741 3627 Ι,
772 3579 797 3630 p.
823 3563 874 3618 745
900 3577 961 3629 sqq.
982 3561 1053 3613 Wal-

131 3640 209 3693 ehius
229 3653 354 3707 german.
373 3635 407 3702 X,
426 3635 494 3691 1546
524 3650 584 3703 sqq.
618 3635 772 3688 Memoratu
802 3633 916 3704 dignum
938 3631 1054 3700 videtur,

131 3711 206 3781 quod
226 3709 367 3762 Walchius
386 3709 415 3760 in
433 3707 521 3760 Preef.
540 3708 569 3760 in
588 3705 618 3757 T.
638 3707 663 3757 X
682 3722 708 3773 p.
727 3705 760 3760 81
787 3704 822 3759 de
846 3706 900 3759 hoo
926 3721 1054 3761 sermone

128 3783 238 3836 indicat.
271 3780 335 3845 „Da
363 3779 467 3832 diesem
495 3779 629 3847 sermon,
653 3779 745 3850 inquit
762 3776 829 3851 ille,
860 3779 916 3838 wia
936 3777 992 3837 deu
1008 3777 1059 3843 iob
