2356 4200
469 294 494 332 a
504 277 586 334 -tttt
603 276 703 335 habiti.
1006 270 1050 338 Ἡ,

123 452 234 507 rentur
255 452 288 508 et
307 445 466 511 declinant
486 467 511 509 a·
527 449 628 527 malo,
660 447 714 509 sed
743 447 773 506 hi
805 451 876 506 sunt
896 444 997 505 adhuc
1017 445 1050 506 in

124 529 234 591 infimo
259 531 357 611 gradu
370 533 497 610 timoris,
520 533 591 611 quia
613 531 722 612 stipsi
744 529 869 590 tamdiu·
883 528 1049 607 declinant,

126 613 278 692 quamdiu
298 614 395 696 plaga
415 623 527 676 manet
570 616 651 675 Data
672 621 778 674 autem
802 632 919 672 rursum
946 613 1051 691 quieto

127 697 310 758 relabuntur
332 697 372 757 ad
392 699 492 759 solita.
536 698 612 758 Cum
639 698 706 757 istis
734 699 838 775 itaque
859 697 943 756 Deus
971 696 1054 771 sicut

123 799 195 840 cunr
207 779 496 841 difficilibusservis
507 781 717 860 percutiendo,
739 778 888 859 urgendo,
902 777 1050 840 minando

124 863 257 941 laborat,
281 869 312 922 at
333 871 404 923 sunt
423 865 453 923 in
470 871 550 923 statu
561 865 768 944 incipientium
792 868 824 922 et
845 880 968 942 poenae
983 864 1051 943 gra-²
1154 864 1157 880 ’

124 947 169 1005 tia
190 947 375 1007 timentium.
417 947 464 1007 De
487 947 596 1026 quibus
616 948 666 1009 Ps.
689 948 743 1011 32:
770 947 804 1006 ln
827 945 913 1006 frenc
937 944 1050 1005 maxil-

124 1029 173 1088 las
194 1048 305 1089 eorum
329 1031 517 1110 constringe,
540 1032 591 1107 qui
613 1049 676 1089 non
699 1029 917 1110 approximant
937 1027 976 1088 ad
994 1027 1047 1091 Tc.

124 1113 171 1172 De
192 1112 411 1192 peccatoribus
433 1133 522 1190 vero,
551 1115 604 1192 qui
627 1114 719 1173 nullis
749 1113 847 1192 plagis
878 1117 1054 1190 moventur,-

124 1195 210 1272 dicit
234 1196 332 1254 multa
352 1194 478 1276 flagella
499 1197 655 1276 peccatori
677 1197 696 1256 i.
720 1215 746 1257 e.
760 1197 863 1275 impio
885 1196 972 1257 iuxta
992 1194 1051 1255 Hc-

123 1278 273 1338 braicum.
302 1277 378 1339 Sunt
399 1285 501 1339 autem
523 1280 644 1340 illorum
668 1279 938 1358 dungenera,-qui
961 1286 1051 1339 extra

124 1381 252 1423 omnam
274 1363 414 1422 umorem
430 1363 488 1422 Dei
500 1368 605 1442 agunt,
627 1362 726 1441 primi,
746 1364 883 1440 inquam,
906 1363 957 1441 qui
972 1363 1052 1422 sicut

124 1452 211 1504 muta
233 1462 351 1523 pecora
371 1462 430 1504 nec
450 1445 512 1504 hoc
534 1446 681 1525 cogitant,
704 1452 757 1505 aut
770 1444 908 1524 eredunt,
931 1443 1052 1526 quod-a

123 1528 193 1586 Deo
217 1528 347 1587 veniant
366 1528 426 1586 ista
454 1527 552 1604 mala,
581 1528 690 1607 quibus
714 1529 893 1609 plaguntur,
923 1527 1050 1588 sedvel

123 1609 267 1687 diabolo,
297 1610 347 1670 vel
375 1610 463 1670 malis
496 1611 686 1688 hominibus,
714 1612 890 1672 ueletiam·
916 1611 1051 1692 planatis

124 1693 208 1753 coeli
231 1694 381 1770 tribuunt,
404 1694 469 1753 sive
492 1693 822 1773 quibuscunque'aliis.

208 1775 327 1836 Horum
363 1777 496 1845 caecitas
525 1775 572 1837 eat
600 1777 764 1856 palpabilis
799 1777 939 1838 tenebra:
978 1775 1052 1837 inda
1120 1786 1122 1790 '

125 1861 209 1919 enim
239 1860 338 1938 magis
365 1859 444 1918 sicut
473 1860 591 1920 Pharao
627 1860 820 1938 indurantur,
855 1859 1051 1938 maledicunt,¹
1121 1912 1125 1921 ,

125 1943 313 2022 peioresqrie
349 1940 439 2020 fiunt,
464 1942 583 2003 -donec
621 1945 652 2002 in
687 1943 896 2023 blasphemias
929 1943 1050 2003 cadam.

125 2024 189 2084 Alii
211 2025 402 2103 subtiliores,
434 2028 485 2104 qui
506 2027 606 2087 sciunt
627 2027 750 2104 quidem
770 2027 849 2086 haec
870 2046 889 2086 a
911 2026 978 2086 Deo
1000 2044 1051 2087 va-

127 2109 194 2167 nire
214 2109 307 2185 mala,
331 2107 385 2167 sed
407 2109 451 2167 ita
472 2111 570 2169 securi
593 2116 677 2187 sunt,
706 2109 787 2188 quod
810 2129 872 2169 non
894 2110 1051 2169 extremis-

126 2193 206 2251 sime
228 2190 301 2250 mali
324 2197 407 2267 sunt,
442 2192 673 2252 considerantes
703 2193 741 2252 dc
768 2192 883 2251 iustitia
916 2212 984 2269 sua,
1019 2197 1052 2252 nt

127 2275 231 2334 statim
251 2276 471 2352 pronuncient
503 2283 556 2337 aut
588 2277 696 2336 saltem
728 2275 808 2355 apud
839 2294 873 2333 se
908 2276 1051 2352 sentiant,

126 2366 256 2435 propter
277 2356 354 2416 alios
377 2358 633 2434 coniecturales,
668 2368 793 2438 propter
819 2377 948 2418 severo
973 2358 1051 2418 scili·

126 2448 177 2498 cet
199 2440 299 2499 bonos
315 2459 509 2518 nequaquam
528 2442 634 2500 venire
655 2443 715 2500 ista
736 2442 826 2501 mala.
857 2440 975 2501 Idcirco
997 2442 1051 2500 im·

126 2522 276 2602 possibile
299 2530 360 2599 est,
384 2523 465 2600 qrrod
488 2543 543 2601 per
563 2524 671 2603 [alagus
694 2526 812 2602 utrique
835 2531 985 2600 curentur,
1006 2523 1052 2583 illi

127 2607 200 2684 quia
223 2624 286 2665 non
301 2605 430 2664 credunt
451 2606 549 2666 aDeo
567 2608 682 2684 venire,
705 2608 766 2686 isti,
788 2608 860 2685 quia
880 2626 943 2667 non
961 2623 1051 2686 prop-

127 2698 176 2748 ter
196 2707 231 2746 se
252 2690 368 2763 venire,
391 2689 453 2747 imo
476 2690 615 2748 iniuriam
639 2690 696 2750 sibi
719 2688 783 2749 fieri
806 2689 943 2767 creduut,
966 2691 992 2748 si
1013 2689 1051 2749 ab

127 2772 233 2848 aliquo
256 2778 441 2830 moneantur
462 2779 494 2830 et
513 2775 616 2852 magni
641 2775 737 2832 meriti
760 2792 794 2832 se
816 2791 899 2848 esse,
932 2771 1052 2850 siquid

127 2854 289 2934 plagarum
303 2855 466 2933 patiantur,
489 2861 634 2933 tanquam
658 2876 720 2916 non
741 2875 798 2935 pro
823 2857 930 2914 merito
944 2855 1052 2935 culpae

127 2936 354 3015 percutiantur,
388 2937 442 2996 sed
472 2938 512 2997 ad
535 2941 674 2999 meritum
697 2940 824 3019 gloriae.
867 2939 984 2998 Horum
1006 2943 1054 2997 est

127 3021 279 3099 patientia
308 3019 528 3098 superbissima
556 3024 855 3101 praesumtin‚·cum
885 3028 916 3080 et
942 3019 1053 3080 Daniel

128 3103 341 3162 sanctissimus
374 3120 441 3161 cum
477 3106 539 3163 stris
574 3107 667 3165 sociis
703 3111 795 3183 atque
818 3104 927 3185 plures
955 3104 1053 3162 sancti

128 3193 279 3265 uartyres
303 3205 410 3246 omnes
433 3189 664 3264 persecutiones
688 3207 759 3246 suaa
774 3187 961 3265 deputabant
982 3205 1052 3266 pec·

128 3270 206 3327 catis
229 3269 302 3327 suis.
345 3267 419 3327 ldeo
449 3270 630 3329 studuerunt
657 3288 779 3349 semper
807 3272 838 3329 in
865 3271 975 3328 timore
996 3268 1054 3328 Dei

128 3352 274 3410 meliores
296 3351 380 3428 fieri,
404 3360 435 3410 et
458 3353 588 3432 flagellis
610 3362 682 3412 sunt
702 3354 810 3413 morriti
833 3351 986 3411 humiliter
1007 3371 1054 3411 sa-

128 3436 268 3513 pientes,
303 3434 358 3493 ubi·
382 3435 431 3492 illi
455 3437 553 3495 securi
582 3455 679 3515 prope
708 3437 821 3516 gratias
844 3441 953 3514 agunt‚
991 3453 1066 3494 nonx

129 3520 202 3595 quia
224 3516 358 3597 flagellis
380 3526 555 3595 moventur,
583 3521 644 3578 hoc
665 3521 745 3578 eninr
768 3518 882 3578 bonum
907 3523 967 3593 est,
999 3516 1054 3576 sed

130 3602 203 3678 quia
225 3602 403 3680 martyrium
425 3601 482 3660 sibi
503 3610 657 3682 arrogant.
883 3611 888 3617 '

215 3683 278 3742 Alii
301 3684 381 3742 tertii
403 3693 488 3761 sunt,
516 3687 567 3763 qui
597 3687 678 3744 victe
702 3686 761 3744 isto
784 3685 997 3763 temporalium
1022 3685 1055 3743 ti-

130 3786 230 3846 rnore‚
252 3768 305 3845 qni
327 3773 431 3827 tamen·
449 3769 510 3829 rari
532 3776 618 3849 suut,
642 3768 811 3850 aequaliter
833 3785 867 3829 se
888 3766 1005 3830 habent
1023 3766 1059 3829 iu
