2356 4200
174 278 245 353 ,410
437 278 564 353 Epistola
583 278 657 334 Frid.
677 279 764 335 Eloot.
783 279 848 333 Sex.

181 450 327 515 sontiores
348 448 415 511 lieri
438 467 500 509 uon
522 448 691 528 potuimus,
710 447 833 509 Martini
856 447 1032 511 doctrinam
1052 448 1103 507 inr-

101 550 105 570 ²
180 533 274 615 pmm,
297 552 359 595 non
382 529 583 593 Christianam
619 538 650 593 et
670 528 856 593 haeretioam
879 551 973 611 esse,
997 549 1103 611 exoop

182 617 222 679 lis
242 614 414 692 nonnullis,
439 632 567 694 quorum
589 615 634 675 rei
656 614 797 693 privatae
819 620 852 674 et
869 615 995 697 utilitati
1017 633 1104 696 peetu-

181 700 299 761 niariae
317 697 447 759 eruditio
470 698 536 758 eius
557 699 621 757 non
643 697 772 776 profuit,
803 698 886 776 qui,'
900 705 934 759 ut
962 698 1104 778 propriae

182 781 393 845 commoditati
415 781 631 859 consulerent,
663 780 793 841 Martino
816 799 887 841 sese
909 779 1104 843 adversarios

182 867 401 948 opposuerunt,
424 882 479 923 suo
502 869 605 924 tamen
627 864 788 943 proposito
811 869 921 925 eontra
940 864 1105 925 llartinnru

176 947 318 1042 nondum
349 945 492 1028 probato.
532 944 611 1007 Nam
641 947 667 1007 si
689 945 793 1025 aliquo
823 949 980 1009 constanti
1003 946 1104 1009 lunda-

182 1037 287 1093 meuto
311 1037 341 1091 et
362 1029 482 1090 ratione
504 1028 755 1108 intelligeremus,
777 1029 814 1089 D.
836 1029 1106 1095 MartiniLutheri

183 1114 354 1176 doctrinam
376 1113 501 1191 impiam
524 1118 554 1172 et
576 1111 750 1172 instabilem
772 1131 861 1190 esse,
883 1113 943 1174 Dei
967 1115 1106 1194 omnipo·

183 1198 274 1258 tentis
297 1196 411 1257 auxilio
435 1202 466 1254 et
486 1196 586 1274 gratia
614 1196 736 1274 ipsimet
767 1189 889 1255 ita'nos
912 1195 1105 1264 doceremus,

182 1287 218 1343 ut
236 1279 321 1341 nulla
331 1278 537 1359 indigeremus
550 1277 764 1341 exhortatione
777 1285 869 1357 atqua
882 1278 1105 1340 admonitione.

75 1392 78 1403 ·
182 1362 295 1424 Noster
316 1362 397 1422 enirn
414 1361 554 1439 animus,
583 1368 689 1421 nostra
710 1360 864 1438 voluntas,
888 1372 999 1423 nostra
1021 1382 1106 1424 mens

182 1447 215 1506 iu
235 1446 296 1506 hoe
318 1451 383 1505 tota
405 1451 468 1523 est,
490 1450 524 1503 ut
545 1443 583 1504 ad
607 1442 771 1504 Christiani
795 1444 944 1526 Principis
970 1445 1106 1506 officium

184 1529 223 1591 sit
242 1528 455 1608 paratissima,
487 1534 517 1587 et
549 1528 600 1607 qui
622 1527 689 1589 Deo
712 1527 851 1587 adiutore
879 1535 911 1588 et
941 1529 1057 1591 honori
1079 1537 1108 1591 et

173 1610 392 1677 ,oonsoientiae
413 1612 487 1671 suae
510 1611 616 1690 oupiat
636 1608 822 1672 oonsultum.

266 1715 462 1796 Quapropter
499 1714 599 1776 modis
629 1715 770 1776 omnibus
800 1717 1017 1797 speravimus,
1048 1736 1108 1777 noo

184 1799 327 1875 iutrrrum,
348 1805 383 1860 ut
402 1800 433 1859 iu
455 1797 516 1858 hoo
537 1816 637 1858 rernm
653 1806 733 1859 statu
747 1799 1109 1861 haeaflieeremureom-

186 1882 375 1959 minatione,
407 1881 524 1943 scilieet
552 1881 641 1943 Rom.
665 1883 778 1942 auriam
806 1881 837 1942 id
868 1900 985 1944 eansae
1007 1900 1109 1964 prooe-

186 1972 347 2046 quuturam
377 1973 408 2026 et
434 1966 648 2025 Reverentiam
681 1971 814 2026 vestram
846 1985 956 2026 rnanus
987 1967 1110 2041 lavisse,

185 2050 235 2110 vel
256 2054 290 2109 ut
310 2069 328 2108 a
349 2048 439 2109 nobis
460 2046 675 2127 postularetur,
698 2052 731 2108 ut
750 2048 915 2109 Martinam
945 2048 1110 2110 Lntherum

186 2132 253 2193 sive
273 2132 406 2192 Romam
429 2132 628 2207 mitteremus,
651 2132 715 2191 sive
738 2148 777 2191 ex
793 2133 907 2193 nostris
923 2132 1109 2214 ‘regionibus

186 2214 421 2296 expelleremus,
446 2231 508 2273 non
531 2220 633 2273 tamen
657 2213 698 2273 ob
719 2214 789 2291 alia,
812 2232 903 2293 quam
926 2214 1015 2294 qnod
1036 2215 1109 2275 llar-

186 2299 267 2358 tinus
289 2297 438 2357 Lntherus
472 2295 607 2357 oriminis
630 2296 795 2357 haereseos
817 2297 956 2358 nondum
989 2298 1109 2361 eomm-

185 2387 234 2441 tus
257 2388 313 2441 est.
356 2380 524 2441 Pelleretnr
555 2380 635 2439 enim
667 2380 865 2441 inoornmodo
888 2382 1019 2442 nostrae
1042 2380 1110 2442 Uni·

103 2489 107 2499 ·
186 2465 355 2542 versitatis,
385 2464 465 2522 siout
485 2463 516 2520 in
538 2463 618 2521 harro
640 2461 720 2523 diem
742 2471 848 2523 notum
871 2471 937 2539 est,
968 2465 1109 2526 Christia-

186 2566 255 2625 nae,
280 2553 311 2607 et
333 2544 566 2621 multosbonos
589 2552 620 2605 et
641 2545 750 2606 dootos
773 2552 805 2606 et
835 2546 994 2608 studiosos
1016 2538 1120 2608 homi-¹

186 2648 243 2693 nes
265 2630 417 2692 habentis.

231 2748 238 2801 ἲ
269 2736 377 2817 Neque
409 2734 565 2794 omisimus
594 2734 630 2793 D.
661 2734 791 2796 Martino
823 2741 946 2794 vestrae
977 2736 1110 2795 curiatis

187 2817 291 2878 literas
314 2818 483 2894 exhibere,
505 2816 544 2876 ad
568 2835 643 2896 quas
665 2818 754 2878 nobis
777 2816 946 2878 seeundum
970 2827 1109 2880 tenorem

188 2900 333 2980 exempli,
355 2901 402 2961 his
424 2901 535 2959 nostris
557 2897 653 2960 literis
676 2900 796 2979 inolusi,
818 2899 990 2985 respondit.

271 3005 347 3067 Cum
369 3007 475 3084 itaque
488 3005 525 3065 D.
540 3005 693 3077 ‚Martinus
715 3026 784 3067 sese
806 3004 915 3067 offerat
936 3006 978 3068 ad
1000 3008 1111 3089 alique·

115 3137 120 3148 .
187 3109 254 3149 rum
272 3088 512 3151 Universitetum
534 3087 677 3149 iudicium
702 3096 734 3150 et
753 3090 784 3151 in
807 3089 883 3150 loeis
916 3091 990 3151 tutis
1014 3091 1112 3173 dispu-

188 3173 346 3245 tationem,
369 3180 400 3233 et
422 3172 548 3252 cognita
568 3190 661 3232 causa
677 3173 897 3252 permissurum
918 3192 954 3232 se
969 3173 1112 3237 obedien-

188 3261 245 3332 ter,
266 3263 300 3316 ut
321 3254 469 3317 doeeatur
490 3261 521 3315 et
542 3254 631 3315 simul
647 3254 785 3316 dueatur.
828 3254 1023 3317 Arbitrainur
1045 3277 1111 3321 enm

188 3340 297 3400 merito
319 3337 562 3415 admittendum,
591 3344 643 3398 aut
666 3338 773 3400 saltem
797 3338 825 3398 ei
848 3338 1064 3403 ostendendos
1085 3343 1112 3402 in

176 3423 311 3502 saupha
332 3441 462 3500 errores,
482 3421 512 3480 id
525 3419 609 3500 quod
630 3428 661 3481 et
682 3440 739 3483 nos
759 3422 901 3502 petimus,
924 3425 1113 3499 utseiamus,

188 3504 388 3585 quamobrem
410 3511 515 3564 tamen
535 3505 707 3566 haereticus
722 3523 792 3567 esse
806 3503 929 3582 debeat,
953 3512 986 3566 et
1001 3507 1113 3569 habea·

189 3607 257 3649 mus
278 3586 362 3666 quod
385 3606 548 3665 sequamur
567 3594 598 3649 et
617 3586 774 3648 faciamus.
816 3587 927 3667 Neque
950 3591 1037 3651 enim
1058 3610 1112 3653 nos

187 3672 232 3733 ita
256 3669 411 3746 (nondum
434 3671 625 3748 eonvietnm)
651 3689 707 3749 pro
728 3670 885 3733 haeretioo
907 3675 1111 3752 reputandum

188 3759 221 3821 ot
240 3751 435 3819 seribendum
457 3754 614 3816 sentimus.
643 3753 783 3832 Denique
803 3772 868 3815 nou
890 3753 1028 3819 libenter
1049 3778 1112 3840 per·
