2356 4200
359 305 394 360 de
412 309 513 363 virtute
529 261 778 379 indulgentiorem.
965 309 1024 376 151

106 475 279 539 confitebor
301 478 506 558 ignorantiam
529 499 643 557 meam,
677 482 702 540 ei
725 484 792 560 quie
816 483 958 564 dignetur
976 503 1027 545 me

105 560 234 640 erudire,
257 566 289 621 et
308 561 390 621 hauc
410 581 474 622 rem
496 563 618 641 planius
637 563 799 626 elucidare.
828 565 931 628 Primo
945 568 1028 627 circa

104 645 232 725 primam
256 653 374 724 partem
398 644 519 704 videtur
541 665 610 706 esse
631 647 690 706 ista
713 649 811 708 oratio
833 649 884 708 vel
906 655 1026 711 senten-

102 730 145 788 tia
160 728 337 807 impropria,
353 733 384 788 et
397 728 578 870 evangelico
593 731 689 790 textui
703 730 882 812 incongrua,
903 731 1026 811 quaudo

103 811 212 870 dicitur
225 830 375 870 summum
387 813 473 890 ponti
498 831 566 871 cem
579 813 700 873 solvere
724 813 774 887 (id
791 821 846 893 est,
870 814 1027 877 declarare

103 894 254 970 solutum)
281 894 413 973 culpam,
437 914 491 956 seu
513 894 695 974 approbare.
717 897 833 958 Textus
858 899 940 958 euim
961 917 1025 960 non

102 976 189 1039 dicit:
221 975 434 1055 Quodcunque
456 997 515 1058 ego
539 979 661 1039 solvero
685 980 716 1038 in
738 981 844 1059 coelis,
866 987 898 1040 tu
921 981 1025 1042 solves

101 1065 342 1140 superterram,
366 1060 420 1119 sed
441 1067 567 1121 contra:
606 1061 819 1142 Quodcunque
842 1069 873 1123 tu
895 1064 1025 1125 solveris

102 1148 337 1222 superterram,
359 1162 418 1223 ego
442 1144 570 1221 solvam,
595 1164 649 1204 seu
671 1146 805 1207 solutum
828 1148 886 1206 erit
906 1148 937 1206 iu
955 1166 1025 1209 eoe-

101 1227 147 1286 lis.
191 1225 251 1287 Ubi
273 1225 372 1305 magis
394 1226 575 1306 intelligitur
595 1228 679 1287 Deus
703 1229 876 1310 approbare
899 1230 1025 1292 solutio·
1085 1281 1094 1292 .

100 1329 171 1369 nem
194 1306 378 1386 sacerdotis,
400 1327 491 1387 quom
515 1317 671 1370 econtra.

184 1390 332 1453 Secundo
363 1392 445 1450 circa
476 1392 642 1453 secundam
670 1401 789 1474 partem
823 1401 938 1456 certum
970 1403 1026 1475 est,

100 1473 185 1553 quod
206 1493 286 1554 quoe
309 1492 399 1533 casus
421 1473 515 1534 solvit
528 1495 619 1555 papa,
642 1477 769 1537 eosdem
784 1477 878 1538 solvit
889 1479 1025 1558 elneus,

100 1576 158 1618 nec
178 1563 284 1638 potest
306 1558 373 1636 quis
395 1557 462 1617 Deo
484 1559 693 1636 reconciliari,
722 1561 780 1619 nisi
812 1561 1027 1624 reconcilietur

99 1642 184 1722 prius
207 1639 367 1717 ecclesiae,
390 1641 500 1700 saltem
522 1648 607 1702 voto.
637 1642 704 1702 Nec
725 1642 845 1704 offensa
865 1644 923 1705 Dei
946 1645 1025 1706 tolli-

98 1730 162 1802 tur,
200 1731 345 1782 manente
377 1723 496 1784 offensa
535 1725 695 1788 ecclesiae.
755 1726 815 1786 Sed
853 1728 1024 1805 quaeritur:

98 1806 206 1868 Utrum
227 1806 446 1866 reconciliatus
470 1807 621 1868 ecclesiae
644 1827 719 1869 mox
740 1810 780 1869 sit
801 1810 892 1869 etiam
916 1828 1024 1871 recon-

99 1889 218 1951 ciliatus
240 1888 333 1949 Deo?
370 1888 486 1950 Textus
510 1897 593 1950 certe
613 1891 716 1969 habet,
741 1891 824 1970 quod
847 1894 953 1954 omnia
976 1913 1025 1955 so·

100 1971 163 2033 luta
185 1974 217 2032 iu
239 1970 371 2031 ecclesia
402 1974 464 2033 siut
491 1981 523 2033 et
549 1975 581 2032 in
611 1974 700 2034 coelo
730 1975 848 2053 soluta,
878 1975 932 2035 sed
961 1995 1024 2038 nou

99 2056 219 2116 videtur
240 2055 312 2114 hinc
333 2056 430 2134 sequi,
453 2055 535 2134 quod
557 2056 628 2116 ideo
652 2058 757 2117 omnia
769 2059 830 2118 sint
845 2058 1026 2139 simpliciter

97 2139 200 2199 soluta
220 2139 251 2197 in
275 2137 382 2215 coelo,
415 2139 469 2198 sed
499 2159 537 2199 ea
559 2139 726 2216 duntaxat,
757 2159 959 2220 quaecunque
991 2143 1022 2202 in
1114 2188 1117 2193 <

98 2221 232 2282 ecclesia
255 2228 325 2280 sunt
349 2221 460 2282 soluta.
503 2222 569 2282 Nec
592 2229 662 2282 sunt
683 2225 769 2302 parvi
790 2223 940 2303 ponderis
962 2224 1024 2286 hae

97 2304 179 2365 duae
202 2304 401 2383 quaestiones
425 2323 495 2364 meo
518 2304 647 2380 iudicio,
682 2305 720 2365 de
749 2306 858 2385 quibus
889 2309 970 2368 forte
990 2308 1022 2369 in

98 2387 304 2448 conclusione
325 2389 466 2465 sequenti
488 2408 590 2448 meum
611 2388 757 2449 iudicium
770 2389 1022 2471 latiusaperium.

408 2550 623 2614 Conclusio
646 2554 719 2614 Vlla
800 2579 804 2595 =

179 2657 264 2718 Nulli
287 2676 413 2737 prorsus
435 2659 562 2719 remittit
576 2660 660 2719 Deus
683 2661 815 2741 culpam,
838 2661 912 2740 quin
934 2661 1024 2722 simul

98 2761 169 2802 eum
193 2740 338 2802 subiiciat
359 2741 389 2799 in
414 2740 555 2801 omnibus
578 2741 768 2803 humiliatum
791 2744 944 2805 sacerdoti
966 2763 1023 2805 suo

97 2843 224 2886 vicario.

179 2906 268 2966 Hane
289 2924 412 2982 assero,
435 2924 495 2965 uec
518 2914 590 2987 eget
610 2908 818 2988 disputatiene
838 2915 892 2969 aut
912 2909 1025 2990 proba-

98 2991 199 3065 tione,
230 2995 316 3049 tanto
349 2989 485 3048 omnium
508 3008 660 3050 consensu
683 2992 864 3072 approbata.
908 2991 970 3053 Sed
991 2994 1024 3053 in

100 3075 164 3134 eius
186 3072 392 3152 intelligentia
413 3071 513 3131 adhue
535 3072 652 3133 laboro.
695 3074 736 3133 Et
766 3084 800 3135 ut
826 3094 929 3134 meum
958 3094 1025 3136 sen-

99 3174 166 3215 sum
189 3155 298 3214 stultus
320 3155 419 3234 primo
442 3154 558 3232 dicam,
590 3157 660 3235 quie
689 3158 749 3218 ista
770 3176 838 3218 cum
862 3177 916 3218 sua
938 3177 1025 3238 prae-

100 3238 229 3298 cedente
260 3237 460 3297 conclusione
487 3238 518 3297 id
546 3246 703 3316 asserunt,
738 3239 820 3319 quod
847 3241 931 3300 Deus
961 3259 1025 3302 non

100 3322 237 3382 remittat
258 3321 395 3400 colpam,
429 3322 487 3380 nisi
516 3323 555 3380 sit
577 3323 661 3401 prior
686 3325 826 3383 remissio
855 3322 1024 3385 sacerdotis

105 3404 231 3477 (saltem
254 3404 285 3462 in
308 3402 420 3482 voto),
443 3404 521 3464 siout
543 3406 625 3466 clare
647 3412 748 3466 textus
771 3413 877 3469 sonat:
922 3405 1025 3481 Quod-

101 3505 222 3566 cunque
242 3485 386 3566 ligaveris
406 3492 463 3546 ete.
494 3487 535 3547 Et
555 3489 630 3548 illud
652 3489 758 3550 Matth.
774 3487 922 3554 52'Vade
943 3489 1026 3568 prius

102 3569 295 3631 reconciliari
317 3569 401 3628 fratri
425 3575 493 3645 tuo,
524 3577 555 3630 et
583 3578 656 3632 tunc
677 3575 807 3633 veniens
830 3571 940 3634 offeres
963 3593 1025 3632 mu·

101 3672 158 3712 uus
180 3658 274 3712 tuum.
318 3650 358 3710 Et
377 3650 516 3734 illud*):
541 3655 672 3716 Reddite
695 3656 830 3735 Caesari,
854 3675 933 3736 quae
955 3662 1025 3716 sunt

132 3759 157 3763 “
176 3798 207 3868 ⁴)
230 3799 322 3855 nolu.
343 3798 385 3855 22.
