2356 4200
124 259 187 331 3⁴AE
430 266 473 322 De
490 266 592 336 triplici
609 266 715 320 iustitia
758 286 762 293 ·

209 435 290 513 Quid
314 453 389 518 ergo
410 434 578 497 sapiemus?
611 433 768 515 quomodo
790 432 884 494 simul
902 433 1045 509 indioium

127 518 370 602 deprecabimur,
398 525 430 579 et
455 518 586 600 gloriam
609 517 771 599 petemus?
814 517 1044 599 Respondetm:

127 603 280 666 Cherubin
308 601 446 663 adversis
475 601 607 663 vultibus
628 620 686 662 nos
708 598 859 664 erudiunt.
901 600 943 662 Hi
968 602 1045 665 enim

126 687 213 749 vultu
236 690 307 746 sunt
329 685 483 761 contrarii,
505 684 560 744 sed
575 692 740 765 prospectu
754 685 785 744 in
800 684 1046 764 propitiatorium

126 770 323 831 conveniunt.
373 766 423 828 Sic
458 767 530 827 illae
558 769 738 828 autoritates
766 767 942 828 contrariae
967 768 1046 829 iuter

127 871 161 915 ae
187 853 219 913 iu
248 851 368 912 Christo
399 849 597 912 eoneordant.
657 849 730 910 Ideo
760 869 857 929 opera
885 854 995 911 nostra
1024 851 1048 911 si

127 934 194 998 oola
214 935 363 1014 aspicias,
385 939 528 1014 peooata,
559 941 590 994 et
618 933 662 993 ita
682 932 827 993 iudicium
848 932 904 994 tibi
927 939 977 995 eat
998 932 1046 997 de

125 1015 311 1098 preeundum
336 1014 381 1087 (id
403 1022 464 1093 est,
498 1035 537 1076 ne
559 1015 628 1077 sola
649 1016 716 1076 siue
738 1015 860 1076 Christo
882 1015 1046 1078 disoutian·

49 1104 53 1115 '
125 1101 203 1176 tur),
224 1099 279 1161 sed
300 1100 331 1159 in
354 1097 475 1159 Christo
498 1097 638 1159 ooufidas
657 1117 696 1159 ea
717 1098 841 1179 plaoere
859 1098 947 1178 Deo,
970 1117 1048 1179 quae

125 1185 194 1265 ipsa
216 1182 285 1244 sola
305 1181 428 1263 plaeere
446 1200 509 1240 nou
531 1187 678 1261 possunt,
697 1187 735 1259 ,ut
756 1186 824 1242 orat
845 1180 989 1242 ecelesia

209 1265 295 1343 ldeo,
317 1264 381 1324 sive
403 1281 524 1343 pecces,
546 1265 613 1325 aive
633 1283 707 1342 non,
729 1282 852 1343 semper
863 1262 994 1326 firmiter
1006 1265 1047 1326 ui·

126 1354 194 1427 tare
220 1365 314 1429 super
341 1345 493 1407 Christum
521 1353 554 1406 st
581 1348 727 1408 iustitiam
755 1346 840 1406 illam
867 1348 1047 1409 naturalem.

123 1428 249 1512 septies
272 1430 406 1490 enimin
429 1428 479 1490 die
500 1429 585 1490 oadit
602 1431 716 1507 iustus,
738 1435 770 1490 et
790 1430 882 1491 toties
904 1449 979 1491 reon
1019 1431 1047 1491 't

63 1572 68 1579 .
108 1513 172 1575 ,ur
186 1512 267 1573 Psal.
289 1514 328 1575 37
332 1510 386 1589 -¹):
431 1512 507 1573 Cum
529 1512 675 1573 eeoiderit
695 1514 811 1590 iustus,
834 1531 897 1573 non
922 1513 998 1575 oolli

127 1602 191 1673 tur,
215 1595 366 1656 Dominus
395 1596 477 1655 enim
507 1595 656 1676 supponit
676 1615 798 1656 manum
821 1614 920 1656 auam.
965 1595 1048 1658 Siout

127 1695 201 1758 ergo
226 1677 264 1737 de
287 1676 407 1739 Christo
429 1697 492 1739 nou
515 1676 610 1738 debes
633 1677 787 1756 dubitare,
810 1677 882 1756 quin
904 1677 1050 1758 plumam

127 1765 255 1841 propter
275 1758 446 1838 Christum,
466 1761 498 1820 iu
520 1771 581 1840 quo
604 1760 719 1839 eredis,
741 1767 773 1822 et
794 1761 840 1821 sio
860 1767 934 1822 sunt
955 1780 1050 1844 opera

127 1843 197 1904 talis
219 1841 290 1903 fidei
314 1849 347 1903 et
365 1843 549 1924 gratissima,
571 1843 644 1904 lioet
665 1842 747 1925 apud
769 1848 810 1922 to,
832 1848 863 1903 et
879 1844 912 1903 in
928 1845 1049 1925 seipsis

125 1925 347 2007 indignissima.

209 2007 354 2087 Tertium,
377 2026 456 2087 quae
477 2013 548 2068 eunt
569 2025 664 2088 opera
675 2008 870 2086 potissimum
884 2007 1049 2071 facienda?

127 2090 328 2172 Respondeo:
362 2091 496 2151 Maxime
516 2091 580 2170 illa,
603 2109 683 2171 quae
703 2096 889 2169 promovent
900 2091 1048 2153 iustitiam

128 2173 308 2253 ospitalem,
341 2180 373 2233 et
407 2176 548 2233 minuunt
574 2172 723 2254 originale
751 2178 922 2252 peceatum.
976 2174 1049 2236 ldeu

130 2257 292 2335 uuiouique
314 2263 362 2316 est
381 2257 507 2336 propria
519 2257 566 2316 sui
582 2255 757 2316 observatio
770 2256 956 2336 neeessaria,
980 2258 1049 2337 quia

130 2339 278 2419 originale
309 2347 470 2419 peecatum
502 2356 749 2417 unumquemque
782 2338 872 2402 aliter
900 2345 933 2400 et
962 2339 1049 2401 aliter

128 2424 301 2502 impugnat
344 2419 600 2509 Generalia·ount
622 2421 792 2499 orationes,
818 2420 1048 2504 eleemosynae,

129 2506 252 2566 ieiunia.
294 2504 359 2564 Imo
390 2504 499 2564 Roma.
534 2505 581 2566 12.
617 2504 752 2564 omnium
781 2502 991 2582 pulcherrime
1019 2511 1049 2567 et

129 2587 216 2648 alibi:
259 2585 441 2647 Mortificate
473 2585 610 2647 membra
630 2593 741 2646 vestra.
784 2584 864 2660 Quia
883 2586 940 2647 ille
961 2588 1049 2649 tertia

129 2671 244 2731 iustitia
265 2668 340 2729 nihil
360 2669 443 2729 aliud
468 2669 632 2748 quaeritur,
655 2687 746 2748 quam
763 2676 978 2810 utpeooatum
994 2671 1047 2731 ori·

128 2752 231 2832 ginale
254 2758 456 2832 expugnetur,
479 2761 510 2811 et
531 2770 642 2831 eorpus
663 2752 781 2832 pennati
825 2757 998 2829 estruatur,
1020 2757 1048 2813 et

130 2835 175 2895 sio
205 2836 345 2894 meritum
373 2835 411 2894 sit
438 2836 507 2914 ipsa
533 2853 666 2914 regnans
694 2834 826 2910 iustitia,
855 2853 920 2894 non
948 2841 1048 2907 autem

130 2916 212 2995 quod
234 2923 320 2977 aetus
343 2924 512 2996 mereatur,
533 2917 588 2977 sed
610 2921 773 2997 promovet
793 2917 947 2977 meritum.

213 2997 371 3077 Quartum,
392 3020 467 3078 prae
490 3000 631 3060 omuibus
654 2998 773 3059 custodi
795 3005 825 3059 te
847 2998 885 3060 ab
900 2999 1046 3080 operibus

130 3080 185 3142 abs
206 3086 238 3141 te
258 3081 375 3159 eleotis,
398 3083 469 3160 quia
491 3081 569 3142 haee
589 3101 652 3145 uon
674 3088 805 3162 purgant
825 3090 974 3162 peoonta,
996 3080 1047 3145 sod

128 3162 271 3244 polluunt
291 3165 405 3244 magis,
427 3172 460 3224 ut
481 3172 552 3224 sunt
572 3172 679 3225 nostro
701 3171 841 3244 tempore
862 3167 1049 3227 oeremonia·

128 3245 179 3308 lae
191 3245 397 3326 orationes2),
409 3246 549 3323 voeulae,
560 3247 758 3308 ooolesiarum
771 3253 953 3310 struoturae.
975 3248 1048 3310 Ideo

30 3338 33 3345 '
130 3328 184 3389 illa
207 3347 301 3409 opera
324 3330 422 3408 magis
445 3328 621 3409 purificant,
652 3349 731 3409 quae
753 3329 835 3389 Deus
865 3331 1002 3410 imponit
1021 3338 1049 3392 el

132 3419 237 3488 vocat,
269 3410 341 3471 inde
363 3413 499 3472 omnium
523 3419 593 3473 sunt
615 3414 731 3493 optima
752 3412 930 3492 passiones,
953 3413 1048 3494 aegri·

131 3492 268 3570 tudines,
294 3494 437 3574 penuria,
464 3495 650 3575 ignominia,
672 3513 771 3574 mors,
799 3495 871 3574 quia
891 3493 943 3556 hie
966 3497 1048 3558 solus

131 3575 214 3636 Deus
244 3583 403 3656 operatur,
436 3585 467 3638 et
492 3576 596 3663 homo,
614 3578 742 3661 patitur,
775 3583 807 3667 et
827 3576 1049 3659 perfectissima

130 3695 522 3709 m

124 3742 128 3747 ⁴
168 3758 198 3824 1)
212 3756 450 3828 luedprinazilh.
470 3757 1049 3839 2)luad.leu.roeromoniulip,orotionpa

164 4066 167 4071 ¹
188 4074 200 4107 h
