2356 4200
467 290 705 371 stris-uns.-
1009 287 1052 379 45-

140 460 258 521 stiuetus
282 481 301 521 c
322 468 410 541 patre
431 460 529 537 filius,
565 465 615 543 qui
648 471 751 543 tamen
774 461 856 523 idem
893 480 961 523 curn
983 462 1052 542 ipso

137 541 224 606 Deus.
272 543 360 604 Haec
395 545 470 609 sctis
502 553 573 607 suut
607 546 646 608 de
677 547 743 607 istis
776 544 1051 626 propositionibus.

137 624 274 706 Sequitur
295 646 379 689 nunc
401 626 528 708 videre„
548 629 647 709 quod,
674 637 707 690 ut
731 629 963 711 praemisimus,
999 647 1053 706 per

136 710 258 770 verbum
286 710 441 791 intelligat
462 711 619 773 Johann'es
642 713 768 791 Filium,
806 719 837 772 et
869 729 962 790 quare
990 709 1052 771 hoc

135 792 236 871 faciat,
269 795 388 873 primo,
419 794 503 875 quod
524 796 633 856 Filium
665 796 819 876 intelligat
839 814 895 874 per
915 791 1051 875 verbum,

134 895 278 956 expresse
315 876 389 939 dicit
423 879 517 957 infra,
552 887 582 939 et
615 879 741 941 verbum
764 898 836 939 caro
859 877 1051 959 factumest,

133 968 161 1018 et
180 979 220 1019 ne
243 958 347 1020 adhuc
369 960 505 1039 dubites,
534 961 663 1023 vidimus
686 962 816 1043 gloriam
847 962 911 1023 eius
938 957 1051 1044 (cuius,

132 1043 186 1104 nisi
207 1042 297 1104 verbi
318 1043 506 1126 pr·eedicti?)
533 1047 620 1125 quasi
643 1046 792 1126 unigeniti
814 1052 953 1125 apctre3
976 1062 1050 1125 ergo

132 1127 305 1206 unigenitus
328 1136 360 1187 et
381 1127 508 1188 verbum
521 1129 613 1201 idem¹
626 1136 713 1205 sunt,
749 1128 839 1190 Unde
862 1135 892 1188 et
904 1127 1050 1208 deinceps

130 1209 227 1288 ipsum
250 1206 386 1290 semper
403 1209 549 1273 describit
569 1211 665 1273 filium
688 1213 759 1291 Dei,
793 1213 874 1273 etin
899 1211 1049 1272 canonica

133 1311 184 1352 suc
206 1292 420 1377 multipliciter
441 1314 497 1375 per
519 1295 662 1374 verbum,
692 1295 781 1375 quod=
797 1293 985 1374 audivimus,
1021 1300 1065 1355 et·

134 1374 213 1454 quod
236 1376 371 1437 vidimus
393 1377 433 1438 de
460 1379 554 1440 verbo
579 1380 670 1439 vitae,
713 1378 798 1443 Idem
823 1399 860 1440 ex
892 1377 959 1438 aliis
989 1379 1050 1458 epi·

130 1458 215 1518 stolis
240 1460 400 1520 canonicis
425 1462 498 1522 satis
520 1460 636 1541 patet.'

208 1542 366 1622 Secundo,
388 1564 482 1623 quare
503 1546 640 1625 appellet
659 1543 796 1605 verbum.
840 1544 954 1605 Multae
978 1552 1050 1605 sunt

129 1644 238 1686 causae
256 1632 288 1686 et
311 1627 447 1706 optimae
469 1628 591 1708 aliquae
614 1634 646 1688 et
667 1626 852 1708 profundae,
874 1628 983 1708 prima,
1006 1629 1048 1687 vi·

130 1708 215 1770 detur
229 1708 261 1769 id
274 1728 315 1769 ex
337 1709 453 1771 Genesi
475 1713 631 1790 sumsisse,
653 1711 705 1773 ubi
727 1710 846 1787 dicitur,
868 1710 945 1771 dixit
964 1711 1049 1773 Deus

129 1791 206 1872 Fiat,
230 1798 263 1852 et
283 1793 397 1853 factum
428 1801 483 1854 est.
527 1796 575 1854 Ex
606 1814 665 1875 quo
697 1801 783 1854 textu
805 1799 879 1858 satis
902 1792 1051 1874 accipitur

130 1877 254 1938 verbum
285 1895 356 1936 esse
384 1877 467 1957 apud
488 1877 604 1949 Deum:
635 1879 722 1957 quia,
754 1897 824 1936 curn
851 1878 934 1938 Deus
963 1879 1049 1956 dixit,

129 1960 193 2019 sine
215 1959 311 2020 dubio
332 1980 397 2029 uon
419 1968 485 2021 erat
505 1961 630 2022 verbum
649 1968 785 2022 creatum
807 1961 857 2020 vei
872 1961 1048 2041 humanum,

128 2061 193 2102 cum
217 2051 292 2103 tunc
314 2043 638 2124 nondumaliquares
661 2043 711 2111 vel
728 2044 852 2107 verbum
875 2044 964 2104 fuerit
986 2064 1048 2104 cre·

127 2134 224 2204 ctum,
258 2124 315 2186 sed
345 2147 401 2206 per
432 2126 534 2189 dicere
564 2116 618 2189 iren
646 2128 771 2189 verbum
794 2129 852 2188 Dei
879 2133 1049 2207 coeperunt

127 2228 210 2288 esse,
239 2211 340 2289 ipsum
363 2217 465 2272 autem
488 2232 550 2271 non
572 2213 684 2293 coepit,
710 2219 739 2271 et
767 2210 810 2270 ita
831 2218 984 2272 consonat
1006 2210 1047 2289 id,

127 2293 206 2372 quod
231 2293 322 2354 dixit:
366 2294 400 2353 In
423 2295 573 2375 principio
598 2303 664 2356 erat
678 2295 813 2356 verbum.
856 2294 931 2354 Erat
953 2295 1045 2373 enim,

125 2395 189 2436 cum
213 2397 270 2457 per
287 2379 387 2457 ipsum
398 2379 481 2438 Deus
503 2379 631 2458 iuberet,
653 2387 687 2439 ut
707 2377 942 2457 fierentomnia,
968 2398 1043 2458 ergo

124 2460 222 2539 ipsum
246 2470 335 2521 extra
349 2463 463 2539 omnia,
487 2480 565 2540 quae
586 2464 670 2524 iussa
684 2470 754 2522 sunt
774 2461 849 2541 ficri,
872 2467 1045 2521 nectamen

126 2561 190 2603 cum
225 2543 369 2605 omnibus
393 2545 505 2605 factum
541 2554 601 2625 est,
634 2545 688 2606 sed
717 2546 821 2605 omnia
852 2565 907 2624 per
935 2545 1046 2625 ipsum.
1111 2564 1112 2571 ¹

124 2625 242 2688 idcirco
270 2629 454 2708 principium
477 2631 630 2712 evangelii
652 2629 803 2689 iohannis
826 2631 901 2688 miro
930 2627 1047 2688 iumine

125 2713 252 2789 exponit
281 2713 464 2791 principium
496 2712 636 2774 Genesis.
681 2712 712 2774 si
742 2731 815 2792 ergo
845 2712 928 2771 Deus
960 2712 1046 2790 dixit,

123 2794 214 2873 igitur
246 2795 373 2854 verbum
411 2797 476 2855 eius
504 2797 679 2857 distinctum
708 2802 755 2855 est
787 2796 825 2856 ab
854 2815 909 2873 eo,
943 2801 1046 2854 tamen

124 2897 274 2956 nusquam
303 2897 373 2938 esse
402 2882 518 2958 potuit,
552 2882 610 2941 nisi
642 2879 723 2960 apud
755 2879 907 2939 dicentem
936 2877 1043 2938 Deum.

124 2959 204 3041 Ergo
235 2968 434 3023 coaeternum
464 2971 495 3023 et
523 2971 625 3024 tamen
655 2964 830 3024 distinctum
860 2963 888 3020 ei
911 2967 973 3038 est,
1009 2979 1047 3020 ac

123 3063 175 3122 per
205 3047 268 3106 hoc
304 3064 393 3106 verus
423 3049 516 3107 etiam
536 3049 630 3109 Deus.
673 3046 713 3106 Et
741 3044 884 3124 quicquid
909 3051 973 3123 est,
1006 3064 1046 3107 ex

124 3145 181 3205 quo
207 3130 313 3189 omnia
335 3129 435 3208 sacta,
457 3131 541 3190 Deus
565 3139 627 3211 est,
651 3151 718 3190 cum
742 3131 822 3188 ultra
843 3128 992 3187 factorem
1015 3134 1047 3187 et

124 3211 270 3272 iacturam
301 3232 365 3272 nou
393 3216 493 3292 possit
515 3235 583 3275 esse
611 3212 736 3293 aliquid.
780 3211 848 3286 Quo
871 3217 975 3291 patet,
1007 3231 1046 3271 ex

124 3295 275 3376 principio
299 3295 432 3356 Genesis
455 3319 543 3358 suum
564 3298 746 3378 principium
771 3295 950 3374 collegisse:
975 3296 1046 3374 quia

123 3379 199 3438 istae
222 3387 389 3458 sequentes
411 3383 651 3461 propositiones,
673 3382 704 3440 in
718 3379 868 3458 principio
893 3384 958 3438 erat
977 3399 1046 3439 ver·

124 3459 191 3522 bum
218 3472 250 3522 et
272 3463 399 3523 verbum
418 3472 483 3524 erat
505 3472 572 3543 etc,
595 3465 680 3525 velut
702 3461 867 3523 corollaria
879 3470 1047 3541 sequuntur

125 3547 299 3606 necessario
324 3566 364 3605 ex
384 3546 558 3609 illisverbis
577 3548 683 3624 Mosis,
706 3546 784 3605 dixit
797 3545 893 3604 Deus:
917 3548 992 3626 Fiat,
1016 3552 1047 3607 et

125 3627 235 3689 iactum
267 3637 324 3694 est.
376 3629 467 3705 Quod
496 3632 600 3693 Moses
628 3632 710 3711 prius
744 3630 843 3708 ipsum
877 3631 1047 3709 appellavit

126 3713 261 3792 verbum,
285 3732 375 3792 quam
398 3714 568 3794 Johannes,
589 3736 661 3775 nam
684 3719 715 3774 et
732 3711 887 3792 Propheta
908 3734 964 3794 per
985 3717 1044 3793 spi-

126 3796 213 3856 ritum
241 3796 324 3857 idem
355 3798 524 3880 collegerat
552 3820 593 3860 cx
620 3797 737 3860 eisdem
768 3797 887 3880 verbis,
920 3799 1047 3882 quaudo
