2356 4200
345 309 378 366 de
398 314 497 366 virtute
515 312 760 383 indulgentiarum.
975 308 1039 376 149
1133 395 1136 408 Ι

117 479 206 542 adest
226 479 382 542 Iohannes
403 483 557 561 Baptista,
589 484 640 562 qui
662 485 692 543 in
716 483 777 543 hoo
799 486 910 546 missus
932 504 1038 547 seeun-

119 563 192 624 dum
214 566 405 643 propositum
429 573 520 644 atque
543 565 697 626 decretum
720 566 793 645 Dei,
822 574 854 628 ut
874 570 1039 650 poeniten·

121 648 195 707 tiam
218 647 425 726 praedicaret,
448 649 499 727 qui
521 656 552 709 et
574 648 663 709 dixit:
701 649 922 712 Poeuitentiam
946 654 1038 734 agite,

119 737 151 790 et
172 731 296 790 iterum:
319 730 412 811 Agite
433 731 536 810 itaque
558 732 668 812 dignos
689 733 803 793 fructus
820 735 1039 814 poenitentiae.

121 812 208 887 Quae
230 813 325 873 verba
346 815 412 893 ipse
435 815 588 894 exposuit,
611 834 678 874 curn
700 817 959 896 interrogantibus
979 826 1039 879 tur·

116 896 178 972 bis,
213 896 284 974 quid
311 897 466 956 facerent?
496 898 716 977 respoudit*):
762 899 820 974 Qui
847 899 939 960 habet
961 901 1037 962 duas

116 979 244 1056 tunicas,
268 979 320 1039 det
340 999 403 1040 non
425 979 567 1060 habenti,
591 989 622 1041 et
643 983 694 1061 qui
717 1002 803 1042 escas
825 983 933 1060 habet,
956 985 1038 1044 simi·

115 1062 185 1122 liter
213 1062 314 1122 faciat.
364 1063 475 1123 Nonne
505 1063 606 1143 vides,
638 1065 720 1144 quod
755 1085 811 1146 pro
846 1067 1038 1146 poenitentia

116 1164 180 1204 non
202 1145 260 1204 nisi
283 1145 509 1206 observantiam
537 1154 773 1228 praeceptorum
794 1149 853 1208 Dei
881 1150 1037 1229 imposuit,
1117 1204 1122 1215 .

118 1235 211 1306 etque
233 1228 303 1289 ideo
326 1230 548 1308 poeniteutiam
577 1249 640 1290 nou
669 1232 728 1291 nisi
750 1233 983 1293 couversionem
1005 1238 1038 1294 et

118 1311 318 1372 mutationem
342 1331 443 1372 novae
465 1315 547 1373 vitae
568 1313 698 1394 intelligi
719 1315 836 1375 voluit?
956 1387 961 1397 .

200 1392 260 1453 Sed
284 1393 479 1477 clarius**):
522 1395 604 1455 Eece
632 1403 783 1457 venerunt
809 1397 981 1478 publicani,
1003 1404 1036 1459 et

116 1477 274 1537 dixerunt:
318 1478 479 1558 Magister,
503 1478 573 1557 quid
596 1479 764 1539 faciemus?
807 1481 849 1540 At
869 1479 922 1541 ille
944 1480 1033 1541 dixit:

114 1559 197 1621 Nihil
225 1561 372 1640 amplius,
401 1580 491 1640 quam
520 1561 602 1640 quod
634 1564 833 1623 constitutum
863 1570 910 1623 est
936 1563 1034 1642 vobis,

115 1643 245 1704 faciatis.
278 1643 421 1724 Nunquid
444 1644 494 1702 hio
518 1646 607 1704 dixit:
631 1643 761 1724 Oportet
782 1665 838 1706 vos
858 1645 1036 1708 satisfacere

115 1746 174 1808 pro
196 1728 369 1807 praeteritis
391 1727 547 1806 peccatis?
589 1728 665 1788 Item
687 1729 832 1789 militibus
855 1729 944 1790 dixit:
976 1729 1057 1790 Ne.

116 1812 231 1870 minem
250 1811 448 1887 concutiatis,
478 1811 592 1870 nemini
625 1811 808 1871 calumniam
837 1812 973 1888 faciatis,
1005 1819 1037 1872 et

117 1894 255 1954 contenti
278 1899 379 1954 estote
402 1894 562 1972 stipendiis
576 1895 694 1955 vestris.
723 1894 865 1973 Nunquid
880 1895 930 1954 hic
942 1895 1035 1973 aliud,

116 1995 207 2055 quam
227 1982 394 2056 praecepta
414 1976 472 2036 Dei
494 1979 671 2037 communia
690 1978 857 2057 imposuit?
893 1977 983 2052 Quod
1006 1979 1031 2037 si

114 2059 164 2118 hie
185 2060 396 2139 poenitentiae
418 2059 637 2120 doctoraDeo
657 2062 689 2120 iu
711 2060 772 2141 hoc
792 2061 893 2140 ipsum
914 2062 1032 2121 institu-

26 2192 30 2201 .
116 2149 164 2202 tus
185 2161 249 2203 non
271 2143 376 2202 docuit
396 2160 453 2202 nos
477 2141 733 2220 satisfactionem,
764 2145 905 2203 nimirum
927 2143 1035 2204 fefellit

114 2244 182 2304 nos,
204 2244 263 2285 nee
285 2227 359 2285 satis
382 2223 487 2310 docuit
508 2227 718 2305 poenitentiae
740 2225 883 2287 officium.

198 2307 356 2385 Secundus
378 2307 523 2368 Ezechiel
547 2309 654 2371 18:81
678 2328 845 2369 conversus
866 2311 958 2370 fuerit
978 2310 1032 2370 im·

113 2392 181 2470 pius
206 2391 244 2450 ab
265 2393 425 2471 impietate
447 2410 519 2468 sua,
553 2400 584 2451 et
604 2392 710 2452 feeerit
730 2392 874 2452 iudicium
897 2400 929 2453 et
949 2393 1035 2452 iusti-

113 2476 197 2550 tiam,
220 2475 284 2534 vita
306 2475 403 2550 vivet,
427 2493 490 2534 nou
513 2476 666 2535 morietur.
704 2475 792 2536 ¹Ecce
815 2477 858 2536 nil
879 2476 938 2536 nisi
958 2474 1034 2535 iudi-

115 2559 194 2623 cium
218 2564 249 2616 et
269 2558 416 2617 iustitiam
438 2558 584 2636 imponit,
613 2577 692 2637 quae
721 2566 787 2619 tota
809 2561 872 2619 vita
893 2557 1035 2630 facienda

114 2647 194 2718 sunt,
216 2641 301 2699 iuxta
321 2639 410 2699 illud:
454 2640 542 2700 Beati
565 2642 615 2719 qui
636 2642 752 2702 faciunt
772 2642 917 2702 iudicium
939 2647 971 2702 et
990 2642 1034 2701 iu-

113 2724 227 2783 stitiam
250 2724 281 2782 in
304 2723 387 2782 omni
409 2729 558 2803 tempore.
602 2724 702 2783 Etiam
731 2725 782 2785 hie
809 2743 882 2805 ergo
912 2743 970 2784 nos
992 2724 1033 2784 ie·

113 2806 210 2866 fellit?

197 2889 318 2948 Tertius
330 2888 465 2948 Micheas
480 2892 514 2969 ὃς
536 2886 686 2950 indicabo
710 2890 774 2967 tibi,
791 2910 815 2951 -o
834 2891 939 2968 homo,
961 2888 1034 2968 quid

114 2973 154 3031 sit
176 2971 307 3046 bouum,
338 2979 369 3030 et
392 2971 462 3049 quid
485 2973 636 3032 Dominus
657 2974 792 3051 requirat
813 2993 832 3032 a
854 2982 899 3051 te,
929 2973 1034 3052 utique

113 3055 216 3114 iacere
238 3055 399 3131 iudicium,
431 3063 462 3114 et
484 3055 611 3134 diligere
635 3056 891 3130 misericordiam,
920 3062 952 3115 et
972 3074 1033 3115 am-

114 3136 220 3197 bulare
242 3136 406 3197 sollicitum
429 3156 497 3196 cum
522 3138 588 3198 Deo
612 3144 676 3198 tuo.
721 3138 815 3198 Vides
838 3138 909 3218 quid
936 3139 1034 3216 requi-

113 3228 161 3279 rat
182 3220 221 3280 ab
243 3220 464 3280 hominelleus
488 3239 543 3299 pro
563 3220 781 3299 satisfactione,
805 3220 1034 3300 deniqueprae-

114 3305 238 3363 mittens
259 3303 364 3362 irridet
386 3321 457 3382 eos,
491 3304 542 3381 qui
571 3323 626 3383 per
654 3322 749 3383 opera
782 3304 959 3363 satisfacere
980 3322 1033 3363 vo·
1143 3347 1151 3365 ..

113 3386 188 3462 lunt,
212 3386 333 3445 diceus:
363 3384 442 3459 Quid
466 3386 591 3466 dignum
615 3385 741 3446 offeram
764 3386 920 3447 Domino?
952 3385 1034 3445 Nun-

114 3467 185 3548 quid
209 3471 237 3528 ei
259 3467 386 3528 offeram
409 3469 693 3547 holocaustomata,
722 3476 752 3530 et
773 3469 886 3530 vitulos
911 3470 1034 3529 annicu-

114 3551 184 3611 los?
205 3550 349 3629 Nunquid
362 3551 476 3630 placari
498 3559 603 3631 potest
623 3554 653 3611 in
677 3552 798 3612 milibus
821 3553 959 3631 arietum,
983 3559 1045 3632 aut=

104 3799 108 3804 “
185 3801 221 3887 l),>
236 3799 327 3853 Lucae
348 3800 373 3883 3?
438 3799 487 3868 *·)
508 3801 570 3854 Luc.
589 3792 625 3876 3τι
