2356 4200
131 272 174 342 ἰθ
297 360 299 364 Ι
442 278 590 334 Sermones
609 274 720 333 botheri

132 446 256 528 quando
286 446 449 509 dicendum
481 450 529 509 sit.
577 447 668 509 Unde
692 448 743 509 hio
776 447 943 528 pessimum
976 444 1052 506 illud

132 531 331 592 detractionis
366 533 472 591 vitium
505 531 679 611 discerpere
712 538 743 592 et
769 532 905 592 lacerare
932 529 1051 590 studea·

132 633 209 674 mus.
253 613 418 675 Sciendum
439 617 560 694 itaque,
590 614 672 694 quod
695 615 794 675 omnis
817 613 973 674 detractor
991 614 1052 694 pri-

131 716 183 771 mo
206 704 254 757 est
275 697 431 758 homicida
452 699 599 794 mystice,
627 699 646 761 i
668 717 696 760 e
718 697 807 778 peior
829 714 919 776 quarn
943 712 1052 776 corpo·

130 779 213 840 ralis
257 779 406 841 Probatur
428 781 500 859 quia
520 780 614 841 homo
636 780 712 840 vivit
733 781 844 860 triplici
865 781 944 850 vita
973 779 1054 839 scili-

131 869 181 922 cet
207 864 374 943 corporali,
408 863 557 944 spirituali
589 859 621 924 'et
649 865 806 960 opinione·
833 881 888 923 seu
914 864 1051 942 nomine,

130 946 216 1006 iuxta
246 945 339 1025 illud,
372 949 500 1007 nomina
530 965 636 1008 eorum
663 948 768 1006 virent
798 947 829 1005 in
858 952 1050 1026 perpetuum

131 1028 259 1089 Gladius
281 993 383 1090 autbm
411 1029 562 1090 detractat
549 1031 625 1090 toris
646 1031 751 1126 primo
777 1028 923 1089 interficit
910 1030 1054 1108 t(qnaa

130 1117 178 1171 est
198 1100 303 1192 lingua
327 1114 409 1188 eius)
440 1114 533 1172 vitam
568 1113 720 1190 nominis,
750 1131 841 1192 quam
869 1112 949 1172 torte
976 1130 1051 1171 nun-

131 1213 222 1274 quam
254 1201 358 1291 potest
386 1195 524 1256 reddere.
569 1195 744 1256 Secundum
773 1194 888 1255 occidit
915 1196 1070 1265 animam,

131 1278 211 1356 eius,
244 1279 291 1338 oui
316 1276 465 1356 deoohit,
500 1279 645 1358 quoniam
668 1279 738 1338 talis
759 1279 896 1340 adirem
922 1283 953 1337 et
973 1278 1051 1337 invi

131 1360 211 1420 diam
236 1367 289 1421 seu
315 1360 419 1422 odium
442 1368 496 1422 aut
516 1361 598 1422 aliud
616 1368 781 1442 peceatum
811 1359 959 1436 mortale,
994 1378 1051 1420 seu

129 1443 296 1504 vindictum
317 1464 373 1524 per
393 1445 618 1505 retaliationem
637 1445 836 1505 detractionis
853 1448 1050 1524 provocatur,

130 1532 161 1587 et
182 1528 207 1585 si
221 1527 290 1589 ,hoc
311 1546 374 1588 non
397 1527 446 1604 iit,
483 1535 586 1587 tamen
618 1527 729 1603 fieret,
763 1534 909 1606 quantum
940 1527 970 1586 in
993 1526 1052 1587 illo¹

128 1610 200 1687 fuit,
235 1611 318 1670 misit
338 1612 417 1671 enim
441 1612 502 1670 iam
525 1617 588 1670 tum
610 1612 641 1670 in
665 1631 749 1689 eum3
780 1612 882 1690 gratia
902 1610 960 1669 Dei
981 1610 1050 1688 erit,

130 1693 155 1752 si
184 1712 246 1752 non
278 1693 435 1754 occiderit.
490 1694 603 1754 Vident
590 1701 639 1754 tur
672 1693 810 1754 Gabriel
834 1693 874 1753 de
907 1693 1006 1752 R'estit
994 1698 1049 1754 t.ut

128 1775 162 1837 L.
184 1775 236 1836 lv.
259 1775 392 1837 distinct.
408 1780 456 1841 ib.
489 1777 579 1837 -ιΤει
560 1783 602 1836 tro
626 1775 740 1837 occidit
758 1775 929 1836 auditorem
951 1794 1050 1854 suum,

129 1860 215 1937 qnia,
245 1859 328 1938 quod
350 1859 458 1920 audire
480 1855 607 1920 detract
587 1867 702 1920 tionem
726 1860 765 1919 sit
784 1866 946 1956 peecatum
969 1876 1048 1918 mor·

127 1942 204 2037 tale,
225 1942 374 2022 probatur
396 1961 435 2002 ex
456 1939 596 2002 Psalmo.
630 1942 780 2023 Domine,
808 1943 878 2023 quis
899 1940 1050 2001 habitabit

127 2026 158 2084 io
181 2025 403 2086 tabernaculo?
425 2024 651 2105 Respondetur,
674 2027 810 2104 quinon
832 2025 962 2104 accepit,
984 2025 1004 2084 i.
1019 2043 1047 2086 e

127 2109 285 2168 consensit
320 2108 517 2204 opprobrium
555 2108 702 2168 adversus
735 2109 910 2188 proximum
948 2126 1047 2185 suum,

127 2192 262 2269 quinon
286 2190 506 2272 egitdolum
497 2211 529 2250 m
551 2192 674 2271 lingua,
695 2191 873 2288 ⁸Hebraico,
904 2191 955 2271 qui
983 2208 1047 2249 non

126 2273 263 2333 detulit
255 2293 286 2333 m
310 2274 415 2354 lingua
436 2293 501 2336 sua
544 2274 628 2354 Ergo
652 2275 703 2352 qui
725 2275 853 2353 accipit,
875 2291 938 2333 nou
961 2271 1045 2332 habi-

126 2355 231 2416 tabit
191 2363 288 2416 ιιιιι
276 2357 512 2417 tabernaculo
503 2377 534 2415 1.·
546 2375 573 2417 e
596 2357 743 2436 ecclesia,
775 2358 853 2416 sicut
873 2355 984 2416 Judaei
1004 2355 1046 2415 ie-

126 2441 262 2499 cerunt
253 2459 284 2499 ιιι
307 2439 439 2501 Christo.
483 2438 545 2500 Sed
576 2439 677 2500 nullus
706 2459 769 2500 non
797 2439 953 2499 habitat
944 2457 976 2497 ιιι
999 2456 1047 2498 ec

126 2522 222 2582 clesia
243 2523 301 2582 nisi
329 2521 467 2583 mortalis
497 2528 661 2603 peccator,
695 2542 754 2582 vae
780 2522 858 2582 illis!
903 2520 1065 2582 Secundo·

126 2612 197 2664 sunt
217 2605 323 2675 furiosi
346 2607 467 2685 tyranni
490 2606 557 2665 sine
579 2606 807 2683 misericordia,
833 2604 967 2683 ideoque
988 2623 1048 2664 neo

124 2689 183 2767 ipsi
212 2689 345 2748 animam
374 2696 609 2767 consequentur.
653 2688 734 2764 Quia
761 2694 958 2767 praeceptum
988 2692 1046 2763 est,

126 2770 208 2850 quod
232 2778 368 2831 mortuos
391 2772 591 2851 sepeliamus:
614 2770 660 2831 illi
679 2779 782 2831 autem
804 2771 829 2830 si
852 2771 913 2829 sint
934 2769 1046 2849 sepulti

125 2853 276 2914 effodiunt
301 2861 332 2914 et
359 2854 510 2915 foetorem
541 2874 647 2915 eorum
676 2854 856 2934 dispergunt
877 2872 933 2933 per
954 2870 1045 2912 nares

125 2944 241 3014 terrac,
262 2938 281 2997 i.
304 2957 332 2999 c.
354 2938 528 3015 hominum,
551 2939 596 2997 sic
617 2938 736 2997 Martha
757 2935 914 3017 prohibuit
935 2934 1046 2995 tridua·

125 3039 197 3079 num
220 3021 379 3098 suscitari,
403 3020 486 3100 quod
508 3021 653 3097 foeteret,
677 3021 770 3079 etiam
792 3018 955 3079 Christum.
999 3017 1046 3077 llli

125 3109 303 3163 autemnon
318 3105 372 3164 sio.
416 3103 568 3164 Vaerllrsl
592 3103 643 3163 Sic
653 3102 770 3164 Moses
767 3104 937 3182 praecepit
959 3101 1045 3181 igno·

125 3186 249 3245 miniam
279 3195 310 3246 et
338 3186 563 3282 utrpitudinem⁸
584 3187 704 3264 matris,
716 3185 868 3263 sororis,
894 3184 994 3244 fratris
1017 3189 1047 3244 et

125 3275 296 3329 ceterorum
318 3289 381 3330 non
404 3269 563 3346 reveles,
555 3289 575 3328 ι
593 3288 620 3328 e.
644 3232 805 3348 peccatum
829 3275 861 3326 et
882 3266 1045 3327 defectum.

125 3351 203 3412 Sunt
191 3353 306 3412 tanim
336 3353 475 3430 oetgiitrts
498 3352 676 3432 Θιιιιιιςιιι
704 3351 870 3429 Remittat
899 3349 1046 3426 certurio,

124 3434 181 3496 aad
167 3438 258 3509 orbes,
280 3435 385 3510 Licha,
416 3436 492 3497 &ted
496 3441 549 3508 ter,
577 3435 747 3511 ἷιιιιιιιιιιι,
775 3433 872 3508 baulei
894 3436 951 3494 ιιιιι
975 3432 1046 3493 sileo

124 3519 256 3597 Ungtiid,
285 3515 448 3597 ortgurilott
475 3519 646 3596 trophiubig,
678 3516 832 3594 iicibhosbt
859 3520 916 3578 uub
938 3514 1045 3593 ιιιιὶιι.

123 3600 165 3661 Et
185 3620 241 3680 per
268 3600 329 3661 hoc
355 3601 600 3680 repercutiuntur
627 3600 687 3678 illi,
722 3600 773 3678 qui
800 3605 909 3678 putant
940 3617 1045 3658 verum

124 3702 194 3744 esse
223 3682 405 3762 dicendum,
441 3690 472 3745 et
504 3684 735 3744 excusationem
763 3682 960 3762 inpeccatis
989 3680 1047 3740 sibi

122 3766 261 3845 lingunt,
298 3767 370 3846 quia
398 3766 517 3828 scilicet
547 3773 620 3828 tune
654 3765 723 3826 aliis
756 3770 897 3844 cavetur,
936 3772 968 3825 'et
994 3763 1049 3826 ille
