2356 4200
122 255 186 323 250
374 260 571 317 Rosolotioncr
586 258 697 331 Diaput
715 261 792 315 Ludi

125 430 275 511 spiritum.
317 429 432 512 Optimi
452 448 529 491 sone
549 428 688 510 theologi
720 437 752 491 et
778 430 968 514 Christiani,
1001 435 1050 516 qui

124 511 241 575 indunt
260 513 322 575 hoo
341 513 525 590 hominibus,
546 511 630 592 quod
651 512 709 574 sibi
731 513 849 575 velient
866 513 948 579 fieri.

406 654 623 755 conclusio
645 695 765 756 xcvi.

205 822 344 886 Doceudi
371 830 443 885 sunt
469 822 648 902 Christiani,
675 822 758 902 quod
785 822 963 907 redemptio
1002 848 1050 893 ve·

124 906 241 967 uiarum
264 914 312 969 est
331 906 437 986 libera,
457 924 520 966 non
542 912 715 987 praecepta.

208 988 288 1051 Satis
308 988 347 1051 id‘
369 980 465 1071 supra'
488 988 568 1068 dixi,
601 988 684 1069 quod
706 990 815 1051 veniae
837 998 911 1053 sunt
932 992 976 1055 de
997 1014 1050 1055 no-

124 1090 209 1133 mem
230 1072 352 1152 eorum',
383 1091 462 1152 quae
483 1070 592 1150 licent,
621 1090 683 1132 non
713 1078 816 1132 autem
838 1093 948 1135 eorum
972 1096 1051 1158 quae

127 1154 312 1235 expediunt,
345 1151 501 1234 quomodo
524 1154 554 1213 in
583 1156 679 1214 veteri
714 1153 831 1237 lege*)
856 1156 985 1221 libellus
1006 1178 1049 1222 re

123 1236 225 1319 podii,
248 1236 429 1298 sacrificium
452 1236 641 1318 zelotypiae,
670 1241 700 1296 et
727 1239 758 1297 iu
780 1258 862 1298 nova
882 1238 959 1322 Iege
983 1242 1050 1305 lites

126 1325 157 1380 et
177 1319 289 1403 iudicia
315 1327 442 1400 propter
468 1317 622 1398 infirmos,
654 1320 716 1380 imo
745 1327 872 1402 propter
905 1322 1050 1387 duritiam

124 1410 268 1481 vestram,
290 1402 389 1482 inquit
411 1401 566 1480 Christus,
588 1421 667 1481 quae
684 1403 856 1483 quicunque
881 1408 987 1486 egerit
1008 1415 1051 1471 to

124 1482 237 1545 leratur
264 1486 380 1565 potius,
414 1504 505 1565 quam
529 1484 776 1565 commendatur,
802 1488 866 1547 imo
888 1495 925 1549 ut
944 1490 1053 1571 glossa

127 1567 202 1627 dicit
222 1567 274 1628 tiu.
297 1573 325 1634 5.
349 1568 387 1629 de
409 1587 480 1648 poe.
502 1575 533 1627 et
553 1586 613 1627 re.:
637 1566 728 1642 Quod
749 1576 868 1647 autem,
906 1578 939 1632 ct
966 1562 1053 1635 multi

125 1650 187 1726 alii,
210 1650 318 1712 melius
339 1652 486 1728 facerent,
508 1657 541 1709 ut
562 1669 618 1730 per
638 1670 672 1710 se
694 1652 917 1732 satisfacerent,
940 1661 974 1716 ct
990 1676 1052 1719 non

125 1732 312 1796 redimerent
331 1736 456 1810 venias,
484 1751 560 1811 quas
592 1740 696 1793 tamen
728 1753 790 1794 non
813 1736 871 1795 nisi
894 1739 1053 1801 criminosi

125 1816 275 1878 redimere
297 1837 374 1899 opus
395 1816 519 1880 habent.

398 2014 613 2076 Conclusio
633 2014 776 2077 XLVII.

207 2142 347 2207 Doceudi
374 2148 444 2233 suut
472 2141 652 2221 Christiani,
681 2144 764 2223 quod
800 2145 858 2205 nisi
887 2148 1053 2228 superfluis

125 2226 296 2306 abundent,
327 2226 503 2289 necessaria
529 2230 673 2286 tenentur
698 2226 782 2287 domi
812 2246 886 2288 suae
909 2232 1052 2311 retinere,

126 2317 157 2370 et
178 2328 370 2391 nequaquam
392 2328 448 2389 pro
470 2308 568 2369 veniis
590 2306 756 2370 effundere.

209 2392 288 2468 Quia
317 2392 426 2473 Apost.
450 2391 599 2471 dioit**),
622 2393 673 2470 qui
703 2393 764 2452 suis
787 2397 817 2452 et
839 2395 978 2457 maxime
1001 2396 1051 2459 do-

127 2476 259 2536 mesticis
282 2495 343 2535 non
368 2474 517 2556 providet,
550 2471 641 2537 fidem
662 2477 787 2556 negavit
809 2483 840 2535 et
863 2483 912 2536 est
936 2479 1051 2542 infideli

127 2558 269 2620 deterior.
314 2556 374 2617 Sed
397 2567 468 2617 suut
489 2556 595 2633 multi,
618 2559 670 2636 qui
692 2576 749 2617 nec
770 2577 898 2638 panem,
923 2581 983 2622 nec
1006 2583 1051 2624 ve·

127 2649 204 2703 stem
225 2638 389 2701 commode
411 2640 535 2719 habent,
556 2645 589 2699 et
610 2646 712 2700 tamen
737 2642 853 2720 crepitu
876 2651 908 2702 et
923 2648 1051 2727 strepitu

127 2724 290 2785 venialium
319 2721 565 2803 praedicatorum
592 2722 709 2783 inducti
731 2743 765 2783 se
787 2725 874 2802 ipsos
896 2725 1051 2807 fraudant,

127 2814 158 2866 et
177 2807 313 2886 inopiam
336 2825 423 2866 suam
445 2805 627 2881 conficiunt,
649 2805 825 2866 utiliorum
848 2809 973 2886 copiam
1003 2831 1051 2873 au·

127 2894 230 2970 geant.

389 3051 603 3113 Conclusio
637 3051 799 3115 XLVIII.

211 3178 351 3242 Doceudi
373 3186 443 3239 snut
465 3179 643 3257 Ohn'stiani,
666 3180 749 3260 quod
771 3198 867 3262 papa,
891 3184 972 3246 sicut
992 3206 1051 3247 ma·

128 3265 176 3407 pis
200 3273 288 3346 eget,
319 3264 363 3323 itai
394 3263 495 3344 magis
518 3268 607 3341 optat
633 3263 664 3322 in
688 3263 785 3323 veniis
807 3263 917 3326 dandis
940 3288 998 3347 pro
1020 3289 1050 3329 ae

152 3354 275 3408 evotam
299 3347 485 3420 orationem,
509 3363 598 3425 quam
621 3356 794 3427 promptam
816 3352 989 3429 pecuniam.

212 3428 301 3490 Hanc
323 3428 562 3509 Conclusionem
575 3427 710 3489 riderent
731 3428 846 3490 domini
870 3435 967 3494 nostri
990 3453 1050 3495 cur·
1071 3490 1087 3519 ⁸

131 3513 232 3575 tesani
255 3504 414 3572 Romanae
436 3513 538 3571 curiae
561 3512 686 3573 conscii.
730 3508 852 3575 Certum
871 3522 975 3579 tamen
998 3526 1050 3596 est,

190 3764 221 3833 ⁸)
240 3764 337 3819 sume.
359 3765 385 3819 5.
422 3760 471 3830 ‘rt
493 3763 517 3816 1.
536 3762 607 3815 mm.
625 3762 650 3818 s.
