2356 4200
174 274 238 347 170
417 274 618 345 Metione·
634 273 745 347 nucea
763 274 843 332 Lntla

688 398 696 428 l

172 448 410 532 poenitentiam,
444 465 536 528 qnam
567 447 642 509 satis
674 445 768 511 inisse
795 463 857 514 non
885 447 988 529 potuit
1006 447 1097 527 scire,

171 533 259 595 iuxta
280 530 388 593 horum
410 529 603 594 sententiam.

256 612 389 691 Quinto,
410 613 519 675 iterum
542 612 694 674 somnium
716 609 857 691 procedit
876 631 916 672 ex
938 630 989 685 eo.
1011 610 1096 757 qnod

172 697 384 761 remissionem
406 701 604 776 peccatorum
626 713 688 757 non
706 713 800 776 super
814 692 907 756 fldem
921 701 952 758 et
965 713 1020 757 ver
1040 713 1096 761 nm

172 780 344 841 miserentis
355 779 476 855 Christi,
499 777 553 837 sed
576 795 668 858 super
690 795 768 857 opus
792 777 941 838 currentis
962 776 1096 841 bominis

139 888 141 891 ’
173 861 348 938 aedificent,
370 862 442 942 quia
463 859 744 939 sstiefactionem1)
770 859 937 942 plenariam
955 859 1096 923 darinon

172 964 267 1027 posse
288 944 416 1025 tingunt,
438 943 495 1005 nisi
517 942 651 1023 perfecte
673 943 822 1020 contritis,
843 961 973 1025 qnorum
995 943 1097 1007 nullm

173 1034 221 1091 est
241 1030 272 1089 in
293 1027 353 1090 bac
374 1027 443 1089 vita.
485 1025 527 1089 Et
554 1033 657 1087 mmen
685 1024 859 1088 concedunt
886 1044 954 1089 eam
983 1025 1048 1088 dari
1077 1046 1115 1090 a·

120 1158 123 1162 .
172 1130 257 1193 papa
277 1112 369 1172 etiam
391 1109 569 1190 imperfecte
591 1108 741 1171 contritis.

134 1204 136 1209 '
207 1254 210 1259 ,
256 1192 409 1273 Sexto,.si
430 1193 544 1254 iustitia
557 1191 613 1255 Dei
635 1190 750 1287 aliquid
771 1191 905 1272 requirit,
925 1191 988 1254 iarn
1008 1197 1097 1257 extra

174 1295 297 1339 menum
320 1282 367 1335 est
389 1275 550 1351 ecclesiae,
571 1293 651 1355 quae
667 1273 741 1337 unit
752 1270 846 1337 babet
862 1280 990 1352 mutare,
1013 1274 1099 1355 quod

173 1359 256 1420 Deus
279 1357 343 1418 vult
365 1361 418 1419 aut
440 1357 577 1438 imponit
630 1355 696 1418 Stat
718 1357 797 1417 enim
821 1355 909 1437 firma
930 1358 1098 1422 sententie:

174 1441 341 1511 Consilium
364 1460 465 1503 meum
488 1438 590 1518 stabit,
613 1447 643 1503 et
663 1439 806 1501 voluntas
828 1458 898 1503 mea
919 1438 981 1503 liet

256 1523 373 1585 Eadem
395 1524 514 1585 ratione
536 1531 566 1583 et
584 1520 658 1583 illud
680 1522 864 1600 contutatur,
886 1522 970 1605 qnod
991 1521 1099 1585 allidi·

173 1610 247 1669 cnnt
267 1623 384 1686 poenes
408 1606 575 1667 canonicas
597 1622 666 1669 esse
687 1602 907 1667 declaratorias
928 1624 1098 1688 poenarum

174 1707 194 1753 a
221 1689 335 1750 iustitie
364 1688 468 1750 divina
492 1688 717 1766 requisiturum.
771 1688 903 1749 Primum
932 1687 1007 1751 illud
1034 1708 1098 1752 non

100 1788 115 1805 ¹*
173 1770 332 1855 probatur,
354 1789 428 1852 ergo
450 1769 558 1833 eadem
581 1769 727 1832 facilitate
748 1770 960 1835 contemnitur.
998 1769 1032 1834 si
1048 1769 1100 1835 de·

173 1853 280 1931 clarat
301 1872 375 1934 ergo
394 1852 585 1935 impossibile
607 1858 663 1930 est,
685 1859 719 1914 nt
739 1851 857 1915 relaxet
878 1853 1011 1915 ecclesia
1033 1872 1099 1915 eas·

173 1936 254 2015 dem,
277 1938 432 2016 quianon
454 1937 617 2017 imposuit,
651 1934 705 1997 sed
734 1936 894 2016 impositae
916 1956 935 1997 s
956 1935 1024 1997 Deo
1047 1935 1098 1998 de·

173 2020 278 2084 clarat.
322 2020 386 2080 Aut
406 2019 509 2080 dicere
531 2023 694 2098 cogentur,
726 2016 810 2097 qnod
838 2017 964 2080 verbnm
986 2016 1098 2080 Christi

173 2104 218 2165 sic
246 2102 286 2162 sit
306 2101 527 2164 ordinandum:
562 2099 779 2182 Quodcunque
800 2117 859 2181 ego
880 2099 1099 2180 ligavero,'tu

174 2183 286 2247 solves.

479 2327 693 2399 Conclusio
716 2335 792 2397 Xll.

258 2451 339 2514 Olim
357 2471 478 2532 poenae
500 2453 670 2514 canonicae
691 2471 752 2514 non
776 2460 857 2533 post,
880 2453 933 2515 sed
955 2460 1028 2516 ante
1049 2453 1101 2517 ab·

174 2535 359 2597 solutionem
387 2534 640 2615 imponebantur,
671 2545 817 2616 tanquam
839 2542 1029 2600 tentamenta
1051 2558 1101 2600 re·

173 2637 228 2680 ree
255 2618 455 2679 contritionis.
812 2638 815 2642 ⁴

257 2701 368 2761 Iterum
391 2700 503 2782 probat
524 2706 666 2762 octavam
688 2700 766 2762 baec
793 2700 995 2781 duodecima,
1030 2704 1102 2783 qnia

176 2784 346 2845 canonicae
369 2801 490 2863 poenae
511 2781 589 2844 adeo
611 2790 683 2845 sunt
709 2784 911 2864 temporales,
945 2792 978 2845 ut
1008 2784 1100 2847 linem

174 2868 222 2927 sni
251 2865 387 2927 habeant
412 2866 510 2946 ipsam
534 2863 768 2927 absolutionem.
813 2865 1015 2928 (tumentem
1037 2869 1101 2930 nul·

175 2949 223 3010 lus
246 2949 408 3010 moriturus
430 2967 492 3009 nou
512 2946 624 3010 debeat
643 2947 772 3024 absolvi,
797 2949 926 3024 [ceteris
956 2949 1100 3034 paribus)

175 3036 270 3112 patet,
292 3031 375 3110 quod
397 3049 459 3092 non
481 3030 697 3112 imponendae,
719 3031 876 3094 sedetiam
891 3033 1056 3114 impositae
1072 3041 1104 3095 et

175 3113 397 3195 imponendae,
419 3120 491 3175 sunt
510 3113 613 3193 potius
634 3113 831 3210 relaxandsq
874 3113 964 3190 Quod
987 3117 1012 3177 si
1035 3134 1102 3178 mos

175 3195 227 3256 ille
250 3198 366 3276 priscus
389 3195 539 3257 ecclesiae
560 3195 719 3276 hucusque
740 3195 847 3258 fuisset
867 3204 1018 3279 servatus,
1040 3218 1101 3261 non

175 3277 283 3340 luisset
303 3297 389 3339 error
408 3279 467 3338 iste
488 3288 587 3339 natus.
638 3277 726 3341 Nunc
747 3296 821 3340 vero
851 3299 919 3341 cnm
948 3280 1102 3343 absolut-io

135 3400 140 3407 ι
176 3360 345 3442 praecedat
366 3379 492 3442 poenas,
514 3359 626 3423 famum
650 3367 706 3440 est,
728 3367 762 3421 nt
782 3362 812 3422 in
837 3359 1039 3426 absolutionis
1061 3365 1103 3425 in-

177 3444 285 3505 iuriam
309 3462 372 3527 non
394 3442 568 3507 absolutum
590 3445 745 3507 remittent
765 3445 795 3505 in
818 3452 958 3525 mortem,
980 3455 1013 3508 et
1039 3467 1102 3509 rem

177 3535 315 3588 monstro
346 3525 460 3588 iaciant
487 3524 688 3605 simillimam,
722 3526 793 3590 dnm
821 3526 1013 3591 absolvendo
1041 3549 1102 3592 non

178 3608 354 3689 absolvunt,
377 3616 407 3669 et
428 3608 601 3670 absolutum
624 3609 731 3671 eadem
754 3628 832 3671 voce
853 3610 960 3692 ligent.

235 3762 264 3829 1)
283 3763 314 3816 In
333 3762 377 3818 ed.
397 3763 472 3819 tem:
491 3762 694 3817 remissionem.
749 3732 756 3745 .
