2356 4200
434 277 734 348 mmmm
984 276 1046 345 m

125 455 221 509 tutem
243 449 273 508 in
296 449 504 527 admonendo,
526 449 682 511 lenitatem
705 451 735 509 in
751 449 953 530 corripiendo,
977 468 1046 509 oan-

126 531 234 592 dorem
256 533 288 591 in
310 532 490 610 iudioando‚
518 532 718 594 lenitudinem
738 533 774 593 ‘in
803 532 1046 613 pronunciando.

126 612 205 678 Cum
228 634 319 676 nemo
343 623 480 676 nostrum
503 623 607 675 eareat
627 617 744 693 erratis,
767 635 820 675 our
841 615 960 676 alienos
983 615 1045 694 lap-

126 716 179 757 sus
203 703 264 757 tem
286 698 488 759 inclementer
500 699 711 759 insectemur?
734 717 787 758 our
808 700 958 759 malumus
982 699 1045 758 vin-

127 797 207 858 eere,
230 799 321 859 quom
344 781 482 841 mederi?
516 801 568 841 our
590 783 777 863 opprimere,
801 799 890 862 quam
914 774 1049 841 dooere?
1096 767 1100 783 ¹

127 863 171 924 At
190 863 258 937 ille,
281 865 331 943 qui
354 865 438 924 solus
462 865 596 926 omnium
620 866 703 926 omni
725 866 821 926 oaruit
842 884 960 935 errore,
983 883 1045 924 non

126 949 307 1006 comminuit
317 947 458 1007 baoulum
474 948 672 1024 confractum,
692 968 751 1008 neo
768 949 935 1028 exstinguit
953 947 1046 1007 linum

124 1029 199 1088 lumi
242 1046 287 1090 ns.
311 1031 500 1112 Augustinus
523 1031 561 1091 de
578 1031 748 1091 Donatistis
771 1031 839 1110 plne
863 1049 953 1110 quem
975 1030 1047 1090 hae

123 1113 180 1171 ret'
213 1131 227 1170 s
250 1129 346 1192 agens
368 1131 430 1173 non
452 1113 518 1174 vult
540 1132 594 1174 eos
618 1115 702 1194 cogi,
725 1115 787 1174 sed
801 1122 917 1175 tantum
932 1112 1047 1190 dooeri,
1076 1158 1078 1161 -

125 1202 157 1255 et
178 1194 216 1255 ab
237 1192 345 1263 horum
368 1197 537 1257 cervicibus
555 1199 784 1279 magistratuum
801 1197 921 1279 gladios
944 1195 1047 1275 depel-

126 1278 181 1355 lit,
219 1297 348 1356 quorum
371 1280 441 1339 siois
469 1281 536 1360 ipse
559 1279 696 1364 quotidie
717 1280 931 1361 impetebatur.
970 1280 1046 1357 Nos,

127 1378 255 1439 quorum
278 1363 433 1441 proprium
457 1382 566 1422 munus
589 1370 637 1422 est
658 1363 784 1443 dooere,
813 1383 926 1444 eogere
953 1363 1046 1422 melu-

126 1463 210 1522 mus‚
231 1447 302 1524 quin
323 1444 450 1508 facilius.
539 1490 541 1494 .

211 1527 308 1605 Haeo,
328 1527 533 1589 illustrissime
554 1527 636 1599 Dux,
657 1544 695 1597 eo
717 1527 817 1588 soribo
840 1528 1047 1609 liberius‚quo

124 1604 228 1671 minu'e
259 1608 300 1670 ad
321 1630 370 1673 me
393 1612 527 1689 pertinet
554 1629 650 1671 eausa
668 1609 862 1671 Lutherinne.
893 1611 1048 1688 Ceterum,

125 1699 159 1753 ut-
181 1698 252 1753 tuoe
275 1692 464 1754 eelsitudinis
486 1699 544 1771 est,
556 1693 759 1753 Christianam
782 1694 961 1774 religionem
984 1695 1047 1773 pie·
1115 1714 1121 1725 ·

125 1781 189 1836 tato
213 1781 265 1836 tue
286 1784 458 1856 protegere,
480 1777 524 1839 ita
544 1776 725 1856 prudentiae
747 1783 804 1850 est,
825 1795 887 1837 non
907 1778 1047 1837 oomrnit·

126 1864 207 1936 tere,
234 1866 268 1919 ut
294 1860 454 1938 quisquam
481 1860 648 1937 innoeens,
680 1865 709 1918 te
738 1860 872 1919 iustitiae
895 1859 1047 1938 praeside,
1095 1925 1105 1940 „

126 1929 184 2003 sib
203 1948 364 2021 praetextu
385 1943 509 2022 pietatis
529 1942 701 2020 aliquorum
729 1942 881 2021 impietati
909 1942 1046 2003 dedatur.

127 2024 200 2085 Vult
219 2023 301 2084 idem
323 2024 563 2104 Leopontitox,
591 2026 640 2085 oui
663 2024 738 2087 nilril
760 2026 857 2105 magis
879 2031 927 2086 eet
948 2025 1045 2102 soron

126 2125 218 2185 quam
245 2112 278 2167 ut
310 2114 375 2169 tute
396 2109 437 2168 eit
466 2109 653 2171 innooeutia.
681 2107 772 2169 Pater
800 2109 904 2169 vocari
932 2107 1049 2188 gaudet

126 2206 186 2250 neo
205 2197 289 2251 emet
302 2209 366 2266 eos,
389 2192 441 2269 qui
454 2190 510 2252 errb
521 2192 616 2271 ipsius
632 2189 738 2251 umbra
750 2190 945 2270 tyrannidem
960 2210 1045 2251 exer·
1092 2265 1095 2268 Δ

125 2279 205 2334 oont.
227 2272 336 2356 Neque
357 2274 514 2352 quisquam
538 2274 635 2354 magis
656 2281 744 2352 peret
758 2275 860 2334 animo
883 2272 1047 2353 pontillum,

125 2374 217 2434 quarn
250 2357 291 2431 is,
320 2357 386 2435 qui,
415 2356 498 2434 quod
524 2357 741 2435 aequissimum
764 2364 830 2430 est,
859 2358 1044 2435 exsequitur.

126 2437 207 2512 Quid
234 2439 304 2498 istio
331 2438 370 2500 de
391 2439 534 2500 Luthorio
557 2440 708 2516 sentiant,
731 2442 844 2500 neseio.
883 2440 973 2500 Certe
995 2439 1046 2498 hio

124 2519 216 2582 video
239 2521 335 2583 libros
356 2521 437 2583 illiue
460 2523 500 2583 ab
520 2523 645 2602 optimis
667 2522 836 2602 quibusque
849 2522 1046 2602 cupidissime

124 2604 203 2684 legi,
238 2624 422 2686 quamquam
458 2605 531 2665 mihi
568 2603 704 2665 nondum
738 2608 860 2666 vaeavit
884 2606 1045 2666 evolvere.

124 2687 210 2748 Bene
232 2687 334 2749 voleat
356 2687 463 2749 eadem
485 2694 538 2749 tuo
560 2687 728 2766 eelsitudo,'
760 2707 852 2766 quam
882 2688 970 2751 nobis
992 2687 1044 2747 diu

123 2770 309 2832 ineolumem
331 2768 363 2853 1)
387 2770 609 2850 florentemque
631 2778 733 2832 servet
752 2771 889 2833 Christus
911 2760 1045 2850 optimus

124 2854 275 2912 maximus
299 2855 345 2932 *),
410 2904 413 2911 ,

291 2937 478 3016 Antverpioe
498 2935 603 2997 XVlll.
627 2935 753 2997 Colend.
776 2937 881 2999 Maias.

231 3080 235 3103 ,
271 3020 361 3081 Anno
384 3039 402 3080 a
425 3019 546 3080 Christo
569 3016 728 3081 inoarnato
749 3019 907 3087 ll.D.XlX.

179 3288 208 3349 1)
228 3287 257 3337 ln
275 3287 318 3341 ed.
337 3287 396 3340 Jen,
417 3284 556 3337 additum:
577 3286 685 3339 felicem

180 3362 210 3422 ³)
225 3359 300 3413 Non
318 3359 380 3414 edit.
399 3359 477 3412 len:
514 3357 615 3411 Multae
644 3357 794 3412 tdmodiim
821 3364 886 3412 suut
900 3358 1046 3428 ,Epistolae

123 3430 251 3496 Ernesti,
271 3433 300 3482 in
320 3431 419 3499 quibua
439 3431 605 3484 mentionem
624 3431 691 3482 lacit
707 3445 809 3488 causae
825 3430 956 3497 turben,
980 3433 1045 3500 quia

123 3517 171 3553 eas
191 3502 266 3554 votet
283 3501 385 3572 legere,
402 3501 513 3554 evolvat
531 3517 600 3568 opus
620 3501 797 3569 epistolarum
817 3504 882 3554 eius.
