2356 4200
135 320 198 389 100
410 313 556 395 -Epttoms
573 313 776 394 Responsionis
793 304 795 308 f

134 498 240 575 santis,
262 503 293 556 et
314 494 498 577 ostenditur,
522 495 604 575 quod
627 496 734 556 leviter
754 494 916 575 processit,
938 495 1055 573 quiae)

134 580 192 640 scri
216 587 299 640 tures
320 578 401 639 male
423 580 569 658 citatim
591 578 673 658 quod
696 597 757 642 non
781 577 880 638 solum
901 594 965 638 non
987 593 1058 636 con·

134 599 274 742 cludunt,
308 661 363 722 sed
391 681 449 723 neo
476 663 569 722 etiam
599 668 670 722 sunt
697 661 736 721 ad
757 660 967 741 propositum,
1001 659 1057 719 nisi

133 758 213 824 rare,
236 753 267 805 et
286 744 348 806 hoc
368 762 424 825 per
445 752 542 806 totum
566 743 675 804 librum
697 744 780 804 facit.
1077 819 1080 824 Ι

165 829 169 832 ’
218 827 293 907 Oap.
317 831 365 893 10.
409 826 499 903 Quod
522 829 561 886 sit
583 846 668 887 error
690 845 846 903 asserere,
868 823 951 904 qnod
974 813 1059 905 Papa

134 929 197 972 non
219 913 317 991 possit
338 910 475 990 plenarie
494 910 663 990 indulgere,
686 909 734 969 vei
756 909 807 969 hio
828 908 876 968 vel
898 910 929 968 in
947 907 1056 968 tuturo.

216 993 257 1053 Et
278 993 319 1053 ibi
342 998 370 1055 1.
393 993 573 1069 ostenditur,
597 993 679 1072 quud
703 992 824 1068 hocsit
845 1008 930 1051 error
949 989 1056 1051 inteili-

134 1074 235 1157 gendo
259 1074 297 1135 de
317 1077 437 1156 poenis,
461 1095 537 1155 quas
561 1076 665 1136 divina
686 1075 800 1135 iustitia
822 1073 946 1134 anobis
963 1074 1057 1154 exigit

134 1175 191 1242 pro
213 1161 359 1238 peccatis,
378 1178 431 1218 seu
455 1177 534 1238 quae
556 1160 682 1219 veniunt
703 1160 733 1217 in
755 1158 823 1219 foro
838 1155 1054 1218 animae'toie·

133 1241 259 1304 rendae.
1020 1300 1031 1321 ⁸

218 1323 258 1383 Et
274 1324 303 1385 2.
328 1323 538 1384 dissolvuntur
559 1324 663 1384 omnia
685 1325 749 1383 eius
772 1329 964 1402 argumenta.

216 1406 257 1466 nt
279 1407 308 1469 3.
331 1406 500 1466 ostenditur
521 1426 589 1467 esse
611 1424 762 1484 errorem,
787 1404 869 1485 quod
890 1406 922 1464 in
943 1405 1056 1484 Purga-

134 1489 213 1549 torio
234 1489 320 1568 Papa
342 1507 404 1548 non
426 1491 525 1570 possit
545 1490 698 1549 remittere
729 1507 862 1569 poenam
887 1487 1055 1561 Oanonum,

135 1589 196 1632 non
219 1571 342 1651 quidem
365 1574 395 1631 in
418 1573 522 1652 specis
545 1573 686 1653 propria,
710 1572 763 1633 sed
787 1573 816 1631 in
840 1571 1053 1650 aequivalenti.

218 1653 257 1713 Et
278 1656 308 1716 4.
331 1655 522 1734 improbatur
545 1654 622 1716 alius
645 1673 743 1733 error,
768 1672 829 1734 quo
852 1654 973 1732 asserit,
996 1672 1055 1715 om·

135 1755 204 1796 nem
226 1738 360 1818 poenam
382 1737 471 1798 huius
500 1740 581 1797 vitae
612 1741 721 1798 mutari
744 1739 773 1797 in
796 1735 929 1818 poenam
951 1737 1055 1798 mortis

134 1819 306 1880 voluntarie
328 1820 499 1882 toleratam.
958 1855 961 1859 ⁴

216 1902 256 1963 Et
283 1906 312 1968 5.
347 1902 495 1983 probatur
528 1903 689 1963 ecclesiam
723 1920 882 1962 romanam
919 1910 1054 1984 tempore

134 1984 275 2066 Gregorii
297 1984 390 2046 fuisse
413 1992 515 2066 caput,
538 1985 620 2065 quod
642 1987 701 2045 iste
723 1991 825 2064 negat.

216 2068 256 2128 Et
278 2069 395 2148 ultimo,
418 2068 628 2130 Fundamenta
656 2070 738 2146 eins,
773 2086 853 2146 quae
880 2068 955 2128 nihii
978 2074 1054 2146 sunt,

135 2150 302 2214 diruuntur.

218 2233 292 2315 Cap.
318 2237 365 2296 11.
409 2233 499 2310 Quod
529 2236 586 2294 iste
616 2233 809 2294 adversarius
838 2233 919 2293 male
946 2235 1055 2294 sentiat

134 2317 172 2377 de
193 2315 392 2397 Purgatorio,
426 2318 477 2377 ubi
505 2326 536 2377 et
564 2317 593 2377 hi
625 2334 743 2377 errores
766 2316 994 2397 improbantur,
1025 2323 1054 2377 et

134 2399 341 2460 dissolvuntur
362 2401 516 2460 contraria
538 2406 728 2480 argumenta.

218 2481 350 2560 Primus,
382 2484 431 2543 via
452 2483 601 2559 hominis,
636 2488 783 2561 quantum
807 2481 1052 2543 adcrementum

134 2565 292 2626 habituum
315 2575 345 2625 et
368 2567 475 2626 merita
498 2585 635 2646 operum,
659 2584 720 2625 non
743 2564 845 2625 tinitur
865 2566 896 2624 in
914 2575 1022 2626 morte.

217 2648 393 2724 Secundus,
425 2649 604 2729 imperfecta
637 2650 747 2708 caritas
783 2649 918 2708 morituri
953 2667 1052 2709 neces·

133 2733 214 2791 sario
236 2751 341 2792 secum
361 2731 419 2791 fert
440 2751 585 2812 magnum
599 2734 749 2807 timorem,
772 2733 863 2791 etiam
886 2739 958 2810 post
980 2749 1052 2792 mor-

133 2821 204 2893 tem,
228 2824 375 2894 tantoque
397 2817 553 2892 maiorem,
576 2823 691 2894 quanto
713 2816 813 2874 minor
834 2815 922 2874 fuerit
943 2817 1018 2895 ipss.

213 2896 350 2974 Tertius,
385 2897 433 2956 hio
467 2901 557 2958 timor
585 2909 614 2958 et
636 2898 744 2957 horror
766 2898 839 2957 satis
863 2907 965 2957 estse
988 2897 1051 2959 solo

134 2982 186 3056 (ut
209 2979 269 3040 alia
291 2984 429 3058 taceam)
454 2981 555 3041 facere
573 2999 706 3062 poenam
724 2981 902 3060 purgatorii,
925 2999 996 3041 cnm
1017 2982 1052 3040 sit

133 3063 292 3142 proximus
316 3063 539 3145 desperationis
560 3065 686 3126 horrori.

216 3145 359 3225 Quartus,
380 3147 501 3207 videtur
521 3147 674 3224 infernus,
701 3147 911 3226 purgatorium
933 3153 964 3206 et
986 3165 1049 3207 coe·

134 3228 195 3288 lurn
219 3229 352 3305 differre,
381 3231 460 3289 siout
486 3231 676 3310 desperatio,
708 3247 805 3310 prope
828 3229 1003 3311 desperatio
1024 3236 1051 3289 et

132 3313 279 3373 securitas
302 3312 450 3372 differunt.

212 3393 352 3472 Quintus,
374 3398 580 3456 necessarium
604 3398 723 3458 videtur
745 3394 905 3455 animabus
933 3397 963 3454 in
986 3415 1049 3477 pur·

131 3479 251 3558 gatorio
274 3479 352 3540 sicut
375 3480 467 3540 minui
484 3479 652 3561 horrorem,
673 3482 716 3540 ita
732 3495 870 3538 crescere
885 3480 1048 3540 caritatem.

46 3133 59 3169 Ο

135 3614 554 3630 -ι-ιι--ι-,ῴ-ηῃ-

184 3685 218 3752 p't
239 3683 283 3738 Sic
302 3688 384 3740 etiarn
394 3686 554 3742 Coloniens.
575 3694 602 3739 et
621 3688 782 3741 Lovaniens.
803 3691 983 3762 respondent,
1002 3696 1049 3744 est·

130 3769 185 3824 que
203 3756 248 3810 hic
267 3756 389 3811 solennis
409 3761 606 3827 magistrorum
637 3765 797 3813 nostrorum
823 3762 922 3817 modus
942 3778 1049 3833 respon·

122 3826 225 3889 dandi:
245 3829 319 3887 Mate
340 3831 432 3887 citasti
450 3838 478 3886 et
497 3832 653 3902 exposuisti
670 3831 850 3900 scripturam.
