2356 4200
406 276 427 313 a
446 258 578 322 Caietano
593 259 630 312 td
648 259 759 329 l’spem.
779 300 782 305 -
986 255 1049 322 399
1136 279 1142 287 ·

126 447 184 511 per
203 430 388 498 infusionem
408 430 542 511 gratiae,
579 446 659 507 quse
686 446 742 508 per
767 425 975 509 indulgentius
1003 427 1048 489 iu·

126 511 211 574 fundi
233 508 296 573 non
318 518 431 593 potest.
517 511 519 515 ’
567 509 571 518 “

211 595 332 657 Deinde
356 595 387 657 in
410 595 475 672 his,
507 613 587 673 quae
609 599 680 654 sunt
701 592 793 656 dubie
819 599 851 654 et
871 593 1048 675 opinabilia,

130 696 195 739 non
215 678 319 740 solum
339 685 389 739 est
408 677 525 741 licitum
547 677 703 758 disputare
724 682 757 738 et
770 676 980 739 contradicere
1002 696 1048 739 se·

126 763 263 844 pientem
285 761 416 844 sepienti
444 761 599 842 (maxime
628 777 703 821 raro
729 760 761 820 in
788 759 853 840 iris,
883 779 962 840 quae
982 779 1047 823 non
1103 764 1108 772 “

127 852 200 905 sunt
219 850 395 924 praecepte,
417 862 476 904 nec
498 842 648 922 consulte,
664 861 728 922 ,nac
741 844 918 915 necamur-iu
937 843 977 904 ad
998 861 1047 909 sa-

112 927 254 1007 lutem),
275 947 382 988 varum
403 928 498 988 etiam
513 927 641 987 alteram
653 925 906 988 contradictionis
928 934 1046 1008 purtem

125 1010 324 1091 pertinaciter
351 1029 505 1088 emerere,
532 1008 739 1090 periculosum
774 1015 806 1072 et
832 1011 1046 1091 perspiritum
1070 1068 1089 1091 ,Ι

125 1100 266 1155 reustum
289 1093 477 1174 prohibitum
499 1091 603 1172 est¹)‚
625 1091 809 1154 ubidicitur
829 1092 912 1173 apud
932 1093 1047 1155 loban-

126 1195 198 1238 nem
218 1177 250 1236 in
272 1176 405 1256 epistola
416 1176 470 1255 *32
502 1175 635 1239 Probata
651 1175 784 1256 spiritus,
806 1182 905 1237 utrum
924 1195 965 1238 ex
977 1177 1046 1238 Deo

125 1260 202 1337 rint,
231 1264 263 1320 et
288 1257 372 1340 apud
398 1257 607 1336 Paulum**):
640 1257 754 1321 Omnia
784 1257 930 1340 probata,
963 1260 1046 1341 quod

124 1341 241 1404 bonum
265 1349 313 1403 est
346 1348 457 1404 tenete.
507 1342 554 1402 ite
581 1348 615 1402 ut
642 1348 673 1403 et
702 1341 834 1403 ecclesia
856 1341 967 1404 eodem
986 1342 1046 1424 api·

124 1426 184 1485 ritu
205 1431 326 1486 rectore
349 1425 541 1505 praeceperit
571 1422 690 1486 inille.
714 1424 748 1486 0.
771 1425 990 1505 Abusionibua,
1014 1433 1047 1487 ut

125 1527 190 1569 non
201 1510 415 1589 permittentur
431 1514 611 1587 quaestores
630 1526 805 1588 proponere
821 1509 938 1588 populo
952 1509 1045 1588 aliud,

124 1608 220 1671 quam
244 1591 326 1672 quod
349 1592 381 1651 in
404 1608 514 1654 eorum
535 1591 630 1652 literis
649 1590 834 1653 pertinetur.

209 1673 325 1750 Quibus
346 1673 481 1750 iuribus,
512 1675 576 1734 imo
597 1674 771 1754 praeceptis
804 1675 912 1754 nixus,
944 1674 1046 1757 dispu-

124 1756 251 1821 tandam
269 1757 350 1818 hanc
371 1759 530 1818 materiam
550 1757 689 1837 suscepi,
719 1764 820 1818 motus
842 1757 1045 1820 immodestis

123 1841 209 1901 simis
242 1839 516 1902 declamationibus
551 1841 739 1920 nimiumque
770 1839 943 1902 indiscretis
975 1861 1045 1924 pro·

123 1923 373 2004 muigationibus,
396 1923 504 2003 quibus
525 1922 731 2004 indulgentias
760 1921 961 2003 divulgabant
980 1927 1044 2005 qui·

124 2005 195 2067 dam
217 2007 249 2067 in
271 2007 384 2068 nostris
399 2006 577 2087 regionibus
592 2006 755 2086 apostolici
775 2011 827 2082 (ut
841 2005 1041 2084 asserebant)

122 2091 327 2151 commissarii
358 2096 391 2150 et
421 2095 615 2169 quaestores,
656 2090 699 2149 ite
732 2097 766 2149 ut
796 2088 852 2151 sub
885 2088 1043 2171 indulgen·

123 2173 234 2234 tiorum
256 2179 416 2254 praetextu
437 2172 589 2233 inauditas
616 2172 762 2233 semidae
791 2179 823 2232 et
842 2172 1044 2235 scandalosas

124 2254 282 2317 machinas
304 2263 499 2336 exercerent,
530 2257 563 2316 in
585 2256 798 2336 gravissimum
825 2273 972 2319 romanae
993 2276 1043 2318 ec·

125 2336 240 2399 deuse
276 2346 307 2399 et
337 2339 470 2400 clarium
502 2338 779 2400 ecclesiasticarum
813 2337 976 2400 ludibrium
1011 2347 1045 2402 et

124 2427 352 2502 contemptum,
384 2423 636 2501 reverentiaeque
664 2421 856 2502 apostolicae
875 2422 961 2486 sedis
979 2442 1043 2486 non

124 2503 280 2566 mediocre
315 2505 540 2567 detrimentum.
599 2505 739 2584 Denique
769 2506 800 2566 in
831 2504 1041 2568 seductionem

123 2587 231 2668 populi
252 2606 335 2648 nova
356 2589 503 2669 dogmata
524 2587 622 2652 moiiti
643 2595 730 2666 sunt,
752 2595 787 2649 ιιι
807 2587 957 2650 auderent
975 2608 1041 2651 ver·

124 2671 171 2731 bis
192 2671 273 2732 mole
293 2671 404 2733 sobriis
421 2671 544 2752 docere,
567 2678 599 2734 et
619 2671 742 2734 libellos
763 2673 793 2733 in
809 2671 918 2753 vulgus
940 2671 1041 2753 edere,

123 2752 421 2834 indulgentias‘esse
442 2774 565 2837 semper
583 2753 808 2837 indulgentias,
838 2755 995 2817 honinem
1007 2755 1040 2835 ¹)

89 2912 94 2921 ι
124 2839 272 2917 consequi
293 2839 423 2918 gratiam
445 2838 504 2898 Dei
524 2837 757 2918 medicantem,
780 2837 895 2900 donum
922 2839 1043 2903 scilicet

123 2921 349 2982 inaestimabile
369 2939 425 3000 pro
446 2923 545 2982 veniis
567 2920 790 2999 venundantes,
813 2928 846 2982 st
865 2920 941 3001 alie,
963 2941 1041 3003 quse

123 3004 236 3083 passim
248 3003 396 3065 ostendit
414 3003 535 3065 libellus
556 3023 688 3081 eorum,
707 3005 758 3084 qui
780 3005 939 3067 instructio
962 3024 1041 3067 sum·

124 3087 221 3146 maria
235 3094 381 3166 uocatur,
403 3087 628 3150 absurdissimis
640 3094 671 3148 et
683 3086 768 3148 falsis
779 3088 1041 3168 propositionibus

118 3167 242 3249 plenus,
263 3169 304 3231 ad
326 3171 372 3231 sui
394 3189 579 3257 suorumque
600 3175 740 3231 sutorum
763 3172 971 3251 ignominiam.
1032 3218 1035 3223 -

206 3251 247 3313 Et
267 3253 338 3314 licet
359 3273 419 3336 ego
433 3273 495 3316 non
520 3253 558 3315 de
579 3251 651 3331 fida,
672 3273 735 3315 non
759 3253 956 3335 (lemuribus,
977 3275 1041 3318 non

122 3333 163 3395 de
183 3339 357 3416 praeceptis
378 3338 437 3398 Dei
454 3344 508 3398 aut
528 3337 689 3415 ecciesiae,
708 3336 765 3398 sed
787 3336 827 3398 de
842 3337 1041 3421 indulgentiis

125 3425 179 3494 (ut
198 3417 279 3498 dixi)
295 3419 492 3501 disputarem,
515 3439 594 3501 quae
610 3439 668 3481 nec
679 3428 873 3501 praeceptas,
894 3440 953 3483 nac
968 3441 1041 3484 con·

194 3616 229 3686 1)
250 3617 281 3670 ln
300 3617 342 3671 ed.
363 3621 466 3688 princ:
486 3621 529 3672 sit.
565 3620 598 3688 2)
618 3620 649 3674 in
668 3620 711 3675 ed.
731 3622 792 3677 Jen.
811 3623 926 3695 legitur:
952 3622 1041 3678 indul·

122 3690 232 3758 gennas
251 3705 313 3743 esse
330 3688 414 3758 idem,
433 3691 508 3760 quod
526 3691 668 3746 hominem
687 3700 736 3747 etc.

195 3761 225 3827 ³)
246 3762 271 3815 l.
289 3761 389 3817 ichen.
408 3763 434 3816 t.
471 3762 522 3828 u)
541 3767 563 3818 ι.
581 3764 679 3822 Thess.
697 3766 722 3829 b„
836 3791 854 3829 ο
