2356 4200
383 275 418 331 ds
435 279 536 331 virtute
554 275 796 346 indulgentiarum.
865 327 868 331 ,
985 270 1045 339 195

123 444 217 506 uredo
244 445 326 509 haue
352 454 488 508 uestrum
517 447 700 509 sententiam
732 448 762 506 in
793 448 949 527 seripturis
972 443 1046 508 setis

123 529 290 592 fundatam.
333 531 551 592 Buuninatures
573 549 648 592 veru
661 530 918 628 indulgentiarum
942 530 1046 590 videm

126 621 172 673 tur
193 632 311 692 poenas
334 615 508 674 animarum
524 615 595 674 itu
588 615 765 694 imaginari
789 615 876 693 quusi
897 612 936 674 nb
959 621 1046 674 extra

123 695 309 775 inferantur,
330 698 451 777 sintque
470 698 591 780 penitus
614 702 775 792 externae,
798 715 859 757 non
882 703 984 756 autem
1007 694 1046 763 eb

122 780 255 838 intrem
279 781 470 841 conscientie
492 788 665 857 naseuntur,
688 779 868 860 quesiDeus
890 779 990 840 solum
1006 776 1045 839 ab

123 862 169 922 eis
189 862 308 922 auferat
327 881 457 943 poenas
475 883 543 923 eum
566 865 606 923 sit
622 863 807 924 eontrarium
813 863 941 942 verius,
952 860 1045 958 ’quud

125 945 243 1005 animes
272 948 374 1024 potius
404 965 422 1006 e
450 948 559 1026 poeuis
592 947 719 1007 auferat.
780 945 865 1006 Sient
876 945 1046 1041 seriptum

125 1027 236 1107 esst).
270 1028 401 1090 Divertit
429 1029 467 1089 ab
490 1028 634 1090 oneribus
656 1029 779 1091 dorsum
804 1026 882 1106 eius,
904 1046 967 1089 non
990 1029 1045 1087 uit·

125 1111 256 1170 Divertit
276 1129 372 1171 onera
394 1131 413 1173 a
434 1112 527 1173 dorso
551 1115 625 1172 eius.
668 1112 708 1172 Et
730 1113 855 1171 iterum:
884 1110 916 1170 Si
938 1112 1047 1170 transi

124 1193 170 1253 bis
192 1195 385 1274 perignem,
416 1190 540 1255 flamme
563 1214 626 1256 uon
649 1193 775 1255 noeebit
795 1201 835 1254 te.
879 1192 1047 1268 Quomudu¹

124 1277 358 1348 neunoeebitl
380 1278 438 1337 nisi
461 1277 750 1356 quiudetlidueiem
772 1276 866 1355 eordi,
890 1284 922 1336 ut
943 1278 1047 1356 ignem

125 1377 188 1419 nun
211 1360 325 1436 timeat,
347 1379 409 1420 uon
424 1369 525 1420 autem
548 1368 582 1420 ut
601 1361 682 1440 iguis
704 1377 767 1421 nou
790 1361 838 1437 sit,
861 1379 929 1419 eum
952 1368 1048 1419 trans·

125 1441 258 1501 eundum
291 1444 319 1502 ei
348 1443 510 1522 perillum
531 1445 581 1502 sit.
623 1441 725 1517 Quare
745 1442 878 1503 diversio
902 1441 984 1502 dorsi
1008 1440 1048 1502 ab

126 1524 270 1584 oneribus
293 1544 356 1586 nun
378 1525 428 1603 fit,
456 1527 514 1585 nisi
536 1525 676 1586 sanando
694 1527 815 1584 animae
837 1526 993 1602 timorem,
1015 1532 1049 1585 et

125 1607 329 1667 eonluitundo
355 1627 442 1684 eum,
469 1610 550 1668 sient
572 1615 604 1668 et
625 1607 851 1688 supradictum
875 1617 936 1685 est,
963 1607 1046 1687 qued
1132 1609 1135 1612 ’

125 1689 210 1749 nullu
232 1709 335 1770 poena
357 1692 487 1751 vineitur
508 1693 616 1751 timore
639 1692 695 1769 sui,
718 1691 773 1751 sed
795 1709 900 1751 amore
923 1698 954 1751 et
975 1708 1049 1751 uimu

125 1779 253 1852 temptu.
315 1773 358 1834 At
385 1775 525 1834 timerem
554 1793 616 1835 non
652 1773 793 1834 auferunt
827 1773 1047 1855 indulgentiae,

125 1857 188 1916 ime
211 1856 344 1916 inferunt
365 1866 511 1934 quantum
538 1858 568 1915 in
599 1859 643 1917 eis
672 1864 735 1933 est,
769 1856 841 1917 dum
871 1858 958 1917 velut
985 1856 1051 1917 odi«

125 1938 217 1998 bilem
239 1958 304 1999 rem
326 1958 446 2018 poenas
463 1940 648 2000 relaxandas
665 1939 803 2002 suadent.
841 1939 924 1999 Deus
946 1945 1048 2000 eutem

126 2023 288 2101 proposuit
307 2021 423 2082 habere
443 2021 525 2083 lilios
546 2022 737 2102 impavidus,
760 2039 896 2096 securos,
918 2039 1051 2102 genere·

125 2121 189 2180 sos,
212 2105 408 2165 aeternaliter
429 2115 460 2169 et
480 2105 626 2185 perfeeto,
650 2107 699 2185 qui
717 2122 843 2200 prorsus
865 2105 941 2164 nihil
963 2105 1051 2164 time*

126 2196 189 2262 unt
212 2187 265 2247 sed
288 2207 343 2266 per
365 2190 481 2268 gratius
504 2208 578 2248 suus
591 2187 732 2248 fiduciam
746 2207 850 2247 omniu
863 2188 1050 2266 triumphent

90 2298 97 2305 ·
127 2276 220 2349 etque
243 2279 459 2348 contemnent,
490 2290 668 2353 poenasque
704 2279 735 2331 et
757 2276 871 2331 mortes
894 2289 948 2349 pru
972 2269 1047 2329 ludi·

128 2353 194 2417 brio
222 2352 371 2429 habeant
391 2359 524 2414 lusuros
558 2355 688 2433 ignavos
718 2352 800 2432 odit,
833 2355 884 2433 qui
913 2355 1047 2413 omnium

128 2437 238 2496 timere
261 2436 502 2514 confunduntur,
531 2439 622 2498 etiem
646 2456 666 2497 a
688 2438 790 2497 souitu
819 2437 883 2498 lolii
906 2437 1048 2497 voluntis

442 2637 551 2698 lterum
576 2621 734 2698 obiicitur:

212 2770 243 2829 si
267 2770 406 2829 volenter
427 2791 544 2850 poenas
568 2773 668 2832 ferunt
689 2774 824 2850 animae,
853 2789 906 2830 rur
926 2791 983 2851 pru
1005 2772 1049 2832 eis

129 2853 272 2912 oramus?
296 2853 498 2933 Respondeuz
522 2855 587 2914 Nisi
600 2874 654 2914 eus
669 2856 809 2915 volenter
824 2856 945 2931 ferrent,
968 2862 1050 2914 certe

129 2934 293 2995 damnatae
315 2945 436 3013 essent,
459 2937 513 2996 sed
532 2938 557 3005 Ι)
584 2938 719 3017 nunquid
751 2957 813 2997 nou
842 2936 912 2997 ideo
942 2944 1051 3016 optare

129 3017 243 3078 debent
270 3020 441 3094 orationes,
473 3020 595 3097 quande
620 3028 651 3079 et
671 3019 898 3100 apostulus**)
931 3021 1050 3100 optavit

128 3120 184 3181 pro
202 3121 235 3161 se
259 3103 413 3162 orationes
434 3101 514 3178 fleri,
543 3111 575 3162 ut
598 3103 776 3164 liberaretur
802 3102 841 3163 ab
867 3102 1049 3181 infidelibus,

129 3189 161 3243 et
191 3184 248 3243 sibi
275 3186 386 3244 ostium
416 3185 499 3245 verbi
532 3188 716 3266 aperiretur,
751 3187 801 3264 qui
835 3193 936 3246 tumen
967 3189 1050 3247 omni

128 3266 241 3326 fiducie
267 3268 376 3347 plenus
405 3270 533 3328 inertem
563 3278 762 3330 contemnere
790 3285 824 3328 se
852 3268 1052 3348 gloriubatur.¹

128 3349 257 3409 Etiamsi
279 3352 400 3409 animae
423 3371 484 3411 nou
508 3359 650 3432 optarent
672 3353 847 3428 orationes,
871 3359 972 3414 tamen
997 3356 1054 3413 uu'J

129 3439 224 3492 strum
258 3440 305 3493 est
336 3451 439 3492 earum
470 3435 567 3497 lubori
603 3435 771 3495 condolere
805 3442 835 3493 et
870 3440 1055 3497 suueurrutul

129 3517 285 3594 oratione,
313 3517 391 3575 sieut
414 3517 598 3596 quibuslibet
633 3519 715 3596 aliis,
747 3519 971 3597 quantumlibet
992 3520 1055 3581 lor·-¹

202 3713 232 3770 ll
252 3714 282 3765 lu
302 3713 345 3766 ed
364 3713 424 3766 den
446 3713 537 3768 deest:
559 3712 617 3765 sed.

197 3783 227 3853 *)
251 3785 321 3837 Psul
340 3785 384 3840 81
422 3785 485 3840 Esa
505 3786 548 3841 43
587 3783 635 3851 ⁸⁸)
657 3783 810 3839 Colossi.
834 3780 873 3840 2
889 3786 987 3839 Thess.
1007 3786 1032 3840 2.

778 3893 842 3959 lt·
