2356 4200
432 271 537 328 Oontru
554 271 632 327 onst
651 271 733 325 Eccii.
980 263 1044 334 427

123 459 200 520 orgo
221 440 345 503 animae
372 441 512 503 sucrum?
561 441 759 518 Ceciderunt,
792 440 847 514 sed
877 459 940 503 non
966 441 1047 503 sicut

124 523 245 604 angeli,
268 543 326 584 nec
348 533 541 602 manserunt,
563 524 614 584 ubi
643 522 826 585 cecideruut.
875 523 949 598 Quis
971 542 1045 604 ergo

122 608 196 684 ecit,
229 627 270 668 an
300 607 344 667 ita
372 626 440 667 cum
469 607 630 669 animabus
658 607 688 666 in
717 607 893 686 purgatorio
929 614 1046 686 agatur.

124 686 193 751 Noe
215 697 337 768 autem,
368 689 513 769 quidquid
542 689 590 751 vel
619 709 675 770 per
701 687 816 750 febrem
847 689 1047 767 somniamus,

129 773 234 833 statim
265 772 422 845 oraculum
444 775 610 848 iactamus,
633 779 694 832 tam
717 771 850 832 audaces
873 791 974 832 rerum
994 771 1046 833 ou

126 856 382 917 strusinsimarum
405 875 550 918 censores
572 874 692 935 sumus,
714 874 773 916 nec
794 853 845 916 uel
866 844 974 917 codtra
994 853 1047 916 du·

123 936 221 999 bitere
247 939 458 1019 permittimus.

423 1044 501 1105 VIII.
529 1041 743 1128 Obeliscus.*)

197 1147 265 1212 Ec.
289 1147 347 1208 Par
369 1136 534 1225 temeritas,
555 1155 589 1208 ut
611 1168 650 1210 ex
672 1146 822 1235 prioribus
848 1147 951 1229 liquet,
974 1164 1047 1227 quo-

123 1232 208 1290 niam
243 1231 288 1290 sic
316 1231 418 1292 dicere
445 1241 528 1292 esset
553 1233 714 1291 terminum
748 1232 817 1292 viae
850 1228 1047 1309 contundere,

124 1314 339 1393 poenitentiae
363 1320 394 1374 et
415 1316 550 1375 omnium
571 1315 709 1394 allorum,
730 1332 801 1374 nam
822 1313 853 1374 in
877 1317 956 1373 statu
978 1319 1049 1373 sunt
1102 1344 1108 1357 ι

124 1396 289 1476 solvendi,
318 1416 381 1457 non
411 1398 557 1458 merendi.
606 1396 680 1458 Ideo
712 1397 838 1475 caritas,
868 1415 928 1477 qua
959 1395 1048 1456 datur

125 1480 291 1558 unicuique
314 1479 480 1539 secundum
505 1480 587 1559 quod
599 1481 695 1561 gessit
716 1481 905 1561 incorpore,
927 1480 958 1538 in
974 1479 1047 1558 vita,

83 1559 86 1565 ’
125 1580 188 1622 non
212 1564 243 1621 in
265 1562 448 1642 purgatorio
470 1570 517 1622 est
537 1561 700 1641 merenda,
722 1562 837 1642 alioqui
860 1560 1048 1645 supplendus

124 1648 208 1705 esset
230 1644 400 1724 Apostolus
410 1644 447 1680 *⁸³
455 1649 484 1720 ),
508 1662 756 1725 unumquemque
777 1645 934 1726 recipere,
956 1651 1049 1725 prout

123 1728 221 1808 gessit
240 1728 273 1786 in
296 1745 441 1807 corpore,
464 1727 513 1788 vel
535 1716 723 1809 purgatorio.
752 1740 772 1780 ἰ

207 1809 296 1870 Luth.
325 1810 438 1869 Vinum
467 1830 588 1891 semper
614 1809 736 1884 bibere,
766 1809 891 1871 tandem
915 1808 961 1870 es't
982 1828 1047 1870 mo-

123 1893 253 1970 lestum,
281 1900 313 1952 et
342 1893 441 1953 omnis
470 1894 613 1974 voluptas
635 1893 816 1953 assiduitate
838 1893 917 1974 parit
939 1892 985 1950 sui
1007 1892 1048 1952 fa·

125 1975 259 2035 stidium.
304 1974 425 2049 Quanto
449 1976 546 2056 magis
569 1976 817 2036 molestissimum
842 1982 904 2051 est,
928 1990 1049 2054 semper

124 2057 231 2118 arrdire
263 2057 318 2117 has
346 2058 427 2118 male
456 2059 576 2120 olentes
614 2065 645 2119 et
676 2056 855 2118 temerarias
891 2057 1048 2117 hominum

126 2142 307 2221 opiniones,
331 2160 406 2218 quas
430 2147 532 2202 tamen
555 2144 597 2201 ita
619 2143 766 2220 garriunt,
789 2147 902 2199 utnon
926 2141 984 2199 nisi
1007 2145 1048 2199 te·

125 2225 296 2283 meritatem
319 2224 536 2303 pronuncient,
559 2223 704 2303 quidquid
727 2242 789 2284 non
820 2221 960 2282 eiusdem
987 2222 1048 2281 lae·

125 2308 168 2366 cis
197 2305 302 2383 fuerit,
333 2306 423 2365 toties
453 2307 523 2366 mihi
547 2306 642 2366 Eccio
665 2305 782 2365 scilicet
804 2303 963 2365 dicendum
990 2310 1046 2382 est,

125 2387 210 2467 quod
232 2406 294 2448 nou
318 2389 528 2449 ecclesiastica
550 2389 692 2469 loquitur,
715 2388 769 2449 sed
793 2387 995 2466 scholastice,
1017 2387 1048 2446 id

125 2477 183 2542 est,
205 2471 332 2531 futiliter
355 2477 386 2531 et
406 2473 554 2532 inutiliter
575 2471 735 2534 fabulatur.

208 2552 276 2634 Ego
304 2552 474 2633 disputavi,
507 2563 537 2615 et
569 2574 663 2634 posse
695 2555 792 2614 teneri
821 2552 900 2630 dixi,
931 2553 1049 2612 animas

125 2655 196 2696 esse
217 2637 248 2695 in
272 2642 351 2695 statu
374 2637 509 2697 merendi
536 2639 737 2718 (quamquam
760 2638 791 2696 in
819 2636 883 2712 his,
916 2641 948 2694 ut
975 2635 1049 2713 dixi,

127 2717 202 2777 nihil
225 2719 344 2798 uspiam
367 2709 498 2797 statuo).
542 2717 629 2780 Hanc
650 2719 887 2800 disputationem
917 2719 961 2777 sic
988 2716 1047 2777 sol·

125 2801 186 2879 vit,
215 2807 248 2859 ut
277 2801 372 2860 dicat:
415 2800 484 2862 Non
514 2810 584 2862 sunt
612 2804 642 2862 in
665 2809 745 2862 statu
768 2799 921 2862 merendi:
957 2800 1050 2880 plana

126 2882 200 2943 illud
224 2883 305 2943 idem
338 2883 455 2944 inerme
487 2883 667 2965 figmentum
689 2884 845 2965 allegans,
879 2882 960 2962 quod
982 2884 1050 2964 ipse

126 2967 315 3046 impugnavi.
368 2965 451 3026 Talis
487 2974 534 3027 est
562 2967 745 3048 disputatio,
787 2968 848 3027 imo
888 2967 1047 3026 contentio

128 3049 373 3108 muliercularum
405 3056 436 3108 et
466 3069 639 3129 puerorum.
683 3048 747 3111 Est.
790 3048 859 3109 Non
889 3055 942 3108 est.
992 3048 1047 3126 lta,

127 3131 208 3191 Non.
259 3131 316 3208 Ito,
345 3149 425 3207 non,
454 3137 485 3191 et
515 3141 586 3192 sunt
615 3139 716 3192 tamen
748 3131 779 3193 ln
811 3130 859 3190 his
882 3132 1049 3190 acutissimi

128 3213 278 3294 theologi,
300 3213 354 3275 sed
378 3223 425 3274 sat
448 3233 548 3294 supra,
572 3217 653 3276 etin
676 3212 918 3295 probationibus.

205 3295 283 3356 Illud
307 3296 451 3375 apostoli,
476 3298 557 3376 quod
576 3298 702 3374 inducit,
718 3316 808 3377 quam
825 3295 916 3357 docte
931 3295 1049 3356 adrem

128 3378 274 3460 applicat
319 3378 488 3458 Apostolus
509 3380 551 3441 ibi
572 3381 706 3460 loquitur
728 3381 766 3441 de
789 3378 930 3440 tribunali
948 3378 1049 3439 novis·

132 3463 199 3522 simi
222 3462 335 3538 iudicii,
358 3461 408 3521 ubi
432 3462 565 3524 cessabit
592 3480 674 3522 mors
704 3469 735 3524 et
763 3462 990 3545 purgatorium,
1018 3468 1051 3521 at

129 3546 196 3622 ipse
225 3544 317 3604 trahit
346 3544 383 3603 ad
414 3547 622 3626 purgatorium
652 3552 683 3606 et
711 3549 840 3607 mortem
863 3545 996 3605 hominis
1016 3545 1049 3604 in

130 3635 285 3707 tempore,
317 3634 349 3685 ut
370 3628 452 3707 quod
476 3630 635 3708 apostolus
659 3628 733 3688 dicit
754 3634 931 3707 recepturos
953 3629 992 3687 in*
1006 3629 1049 3688 iu·

340 3736 547 3752 m

185 3782 216 3852 ⁸)
237 3781 376 3836 Adversus
396 3782 437 3838 18.
460 3782 582 3837 conclus.
600 3779 719 3836 Lutlrcri.
761 3780 806 3845 ”l
822 3779 852 3834 2.
868 3779 936 3834 Cor.
955 3781 980 3836 5.
