2356 4200
333 268 367 324 de
386 270 486 324 virtute
501 268 746 338 indulgentiarum
934 264 995 333 191

73 440 105 497 et
159 435 352 500 arbitrariam
365 437 395 518 ¹)
436 438 742 537 aequivocationem
789 454 857 499 cum
900 437 1005 500 alen»

77 537 149 599 pars
171 521 437 598 aequivocationis
471 540 626 603 nunquam
658 522 758 602 possit
782 519 915 601 probari
958 519 999 582 ut

80 619 149 662 meo
172 602 286 665 iudicio
309 623 371 665 non
394 624 463 666 esse
484 606 599 666 licitum
623 604 733 682 eredo,
754 604 909 686 longeque
930 622 999 684 pes·

74 687 184 747 simum
217 705 303 746 usum
331 687 512 766 quibusdam
541 688 700 768 hucusque
720 688 814 748 fuisse
835 693 999 782 servatum,

77 768 196 829 scilicet
228 772 419 850 scripturae
439 777 565 832 sanetae
598 771 766 851 simplicem
806 788 929 830 sensum
966 769 998 831 in

75 852 280 929 aequivocum
303 860 336 913 et
357 853 481 914 dubium
504 854 649 915 dividere.
693 854 818 917 Rectius
846 854 926 914 enim
956 851 999 912 di·

76 935 165 1011 citur,
187 933 268 995 hanc
288 938 483 997 autoritatem
499 937 538 998 de
560 938 620 998 hau
640 956 674 998 re
695 955 758 998 non
780 935 875 1014 loqui,
896 952 1006 1015 quartu·

78 1017 148 1077 dum
171 1016 211 1077 de
224 1026 396 1098 utraquers
412 1020 585 1101 intelligere
598 1038 756 1097 conamur,
778 1018 915 1080 denulle
936 1034 999 1079 cer·

17 1120 30 1139 s
75 1108 138 1160 tam
168 1101 384 1180 relinquamus
440 1102 569 1164 Pellium
611 1104 692 1164 enim
728 1103 820 1164 breve
857 1108 905 1163 est
939 1102 1001 1177 (ait

23 1250 30 1259 „
74 1183 270 1263 Esaiae*))‚
305 1193 466 1266 utrumque
494 1187 617 1268 operire
649 1204 712 1249 nou
744 1191 857 1266 potest.
904 1184 945 1245 Iit
966 1192 1001 1245 ut

78 1265 172 1410 vulqp
195 1265 319 1328 dicitur.
354 1268 425 1330 Non
452 1275 501 1330 est
527 1269 625 1330 altare
646 1269 772 1357 alterius
793 1267 931 1329 nuditate
953 1283 1000 1328 or·

31 1374 33 1379 s
77 1367 138 1410 nen
161 1368 223 1411 um

159 1432 254 1513 igitur
281 1432 443 1493 dicendum
472 1440 535 1512 eat,
571 1432 655 1513 quod
682 1433 775 1495 homo
807 1434 872 1495 illie
904 1434 1005 1513 metit·

82 1513 165 1595 quod
186 1515 237 1577 irio
258 1517 437 1594 seminavit,
460 1516 647 1598 intelligatur
669 1516 708 1577 de
729 1518 884 1597 praesenti
904 1523 937 1576 et
956 1515 1001 1576 tlu-

77 1605 144 1658 tura
171 1600 243 1660 vita.
299 1599 410 1660 Messis
444 1600 523 1660 enim
556 1600 623 1660 sine
655 1606 762 1661 nostm
795 1600 934 1661 torsione
969 1604 1007 1661 et*

77 1682 334 1760 aequivocatione
352 1681 469 1743 arbitrii
489 1683 586 1743 nostri
613 1681 815 1763 relinquenda
842 1688 891 1744 est
909 1683 943 1743 ιιι
963 1698 1007 1744 ee·

78 1763 313 1844 significatione,
337 1784 397 1844 que
418 1767 511 1826 utitur
531 1767 695 1846 scriptura,
719 1766 838 1826 scilieet
857 1765 948 1826 futuri
969 1771 1006 1826 et

78 1847 261 1908 universalis
282 1846 396 1909 iudicii.
439 1847 542 1928 Atque
561 1850 606 1909 ita
625 1848 701 1910 illae
722 1848 902 1909 autoritates
924 1847 1000 1909 nihil

77 1938 217 2011 pugnant
237 1929 384 1992 adversus
407 1932 633 2012 purgatorium,
656 1950 719 1992 nou
741 1950 797 2013 per
819 1932 1001 2010 aequivoce·

78 2014 172 2074 tionis
194 2014 347 2092 cavillum,
369 2013 424 2074 sed
446 2032 502 2094 per
522 2013 687 2075 ιιιιιαιιοιιιι
706 2033 840 2076 sensum
882 2013 1002 2076 Eodem

79 2094 174 2156 modo
196 2103 228 2156 et
249 2096 334 2172 illud
356 2096 406 2156 hic
419 2116 512 2158 omne
525 2099 674 2175 meritum,
695 2097 759 2158 rll1c
771 2096 896 2158 nullum
917 2096 1007 2178 Alio·¹

80 2179 154 2258 quin
176 2185 307 2257 quantus
329 2180 428 2240 iuerat
456 2178 583 2241 sudor
574 2182 700 2261 iugenio
723 2198 808 2270 meo,
841 2180 866 2240 si
888 2188 919 2241 et
941 2198 1002 2262 ego

80 2263 224 2322 meritum
240 2264 477 2359 aequivocerem
492 2263 618 2344 duplex,
640 2243 759 2324 scilicet
779 2271 850 2343 post
871 2271 1002 2338 mortem

78 2362 142 2406 non
165 2363 233 2406 esse
255 2347 395 2406 meritum
414 2345 503 2407 huius
521 2348 679 2426 temporis,
702 2346 757 2407 sed
770 2346 849 2408 bene
861 2347 1001 2408 meritum

75 2428 158 2488 illius
185 2435 299 2506 status,
330 2437 361 2489 et
390 2429 595 2510 Augustinum
622 2429 707 2510 loqui
735 2429 774 2501 de
803 2431 919 2511 primo,
945 2429 1002 2491 ssd
1032 2446 1033 2450 ’

81 2511 177 2572 nolui.

146 2588 250 2669 'Quill
274 2601 376 2655 autern
406 2594 510 2655 dicent
543 2595 583 2655 ad
615 2594 691 2655 illud
729 2596 1000 2672 ecclesiastie*⁸¹)·

80 2677 209 2756 Lignum
238 2677 410 2757 ubicunque
441 2677 601 2756 ceciderit,
641 2680 707 2739 sive
741 2679 781 2739 ad
814 2678 1002 2758 aquilonem,

80 2761 147 2820 sive
169 2760 208 2820 ad
231 2768 377 2839 austrum,
398 2761 440 2822 ibi
462 2761 541 2821 erit?
564 2763 590 2821 si
612 2761 735 2840 quidem
757 2778 812 2842 per
833 2780 937 2821 essum
958 2761 1004 2821 iu·

81 2841 223 2923 telliguut
245 2852 384 2904 mortem.
417 2844 449 2904 si
472 2863 547 2924 ergo
568 2863 623 2924 per
644 2845 819 2943 aquilonem
841 2844 1002 2921 infernum,

81 2943 138 3005 per
160 2933 295 2986 austrum
319 2927 457 3002 coelum
485 2945 546 3007 quo
568 2926 697 3006 eadent,
728 2929 779 3006 qui
802 2929 917 2988 intrant
935 2946 1003 3006 pur·

83 3009 256 3089 gelonium?
278 3009 327 3070 Ad
350 3018 419 3071 aust
419 3031 484 3070 rum
507 3009 619 3087 dicent,
641 3011 698 3071 sed
697 3011 900 3095 aequivoce.
941 3009 1004 3071 seu

83 3090 155 3170 quid
179 3093 302 3153 dicenti
335 3092 380 3153 Ibi
407 3094 479 3154 erit.
508 3093 549 3152 ibi
561 3070 724 3171 mauebit,
752 3112 826 3174 ergo
846 3111 1003 3172 nunquam

83 3174 211 3235 exibunt
230 3176 460 3255 purgatorium?
489 3175 538 3236 An
566 3175 618 3236 hic
640 3195 767 3255 quoque
785 3177 1009 3256 aequivocatur·

83 3260 202 3319 mansio
223 3259 342 3319 scilieet
330 3260 541 3340 ttemporalis
556 3267 587 3320 et
597 3260 746 3320 aeterna?
768 3260 871 3321 claret
889 3261 1003 3340 itaque,

83 3341 167 3419 quod
187 3342 266 3402 haec
287 3344 434 3404 autoritas
456 3349 541 3403 recta
561 3343 634 3402 fecit
654 3351 763 3405 contra
784 3343 1004 3423 purgatorium,

84 3425 157 3503 quin
186 3426 278 3485 etiem
307 3443 363 3504 per
389 3426 675 3504 aequivocationem
703 3428 749 3486 sui
776 3426 850 3486 iacit
875 3444 915 3487 ex
937 3444 1004 3505 pun
1117 3421 1119 3426 ’

83 3509 204 3586 gatorio
226 3506 387 3568 infernum.
429 3508 499 3570 Non
522 3516 626 3588 potest
645 3510 750 3590 itaque
767 3509 856 3588 solvi,
878 3508 937 3569 nisi
961 3508 1005 3568 di·

157 3705 189 3769 1)
210 3707 241 3757 ln
260 3704 302 3757 etl¹
322 3706 401 3757 lent
418 3706 591 3758 arbitratum.

159 3775 189 3844 ⁸)
211 3777 275 3830 lise.
294 3776 337 3832 28.
376 3775 425 3845 ⁸⁸)
445 3777 549 3830 Eccles.
568 3793 593 3831 c.
613 3776 655 3830 11.
