2356 4200
127 280 169 350 44
453 266 601 344 Sermones
626 268 737 344 lothari

131 453 262 540 sedlini,
284 459 365 520 istrid
388 461 539 540 neutrius,
562 463 641 522 sicut
662 459 934 538 aliusetaliud.*)
957 454 1051 521 Unde

128 549 229 629 patet,
271 543 354 624 quod
383 564 442 604 nec
470 565 555 604 suam
590 545 724 626 logicam
757 545 830 603 satis
865 540 1050 624 intelligunt,

128 627 252 705 quando
286 627 367 687 hanc
396 628 504 688 falsam
533 633 687 706 esserunt,
719 627 863 706 quioquid
899 632 946 688 est
966 626 1050 687 Deus

128 716 176 770 est
196 711 302 789 Pater3
339 711 520 772 subsumunt
549 713 645 790 enirn,
678 710 732 770 sed
754 706 856 770 Filius
882 708 929 770 est
955 709 1051 786 Deus,

13 848 27 871 s
128 810 202 874 ergo
226 794 319 854 Filius
343 800 389 854 eat
408 795 507 857 Pater.
552 795 613 855 Sed
637 801 685 855 est
706 793 828 854 fallacia
842 793 967 875 'figurae
990 792 1050 854 dic

129 877 235 957 tionis,
265 883 296 937 et
325 877 381 938 sub
409 875 726 939 termino'essentiali
755 876 919 938 distributo
946 860 1050 951 sribsu}

128 961 221 1020 mitur
242 962 389 1020 terminus
405 961 588 1042 personalis.
629 959 720 1022 Unde
743 960 838 1021 multo
856 959 967 1020 melior
987 970 1051 1021 mo'·

130 1041 186 1103 due
209 1046 315 1123 potest
338 1046 505 1125 assignari,
528 1063 588 1124 qno
612 1044 747 1104 salvetur
758 1045 872 1103 veritas
894 1043 1050 1104 huius'ai·

129 1127 214 1187 ticuli
238 1133 268 1187 et
289 1127 462 1208 regularum
485 1124 758 1211 syllogisticarum,
772 1136 876 1207 quam
901 1147 920 1187 a
943 1114 1051 1187 Came-

127 1229 257 1270 racense
280 1211 468 1292 assignatur,
495 1211 554 1271 iste
576 1210 709 1289 scilicet,
732 1210 814 1290 quod
837 1210 943 1270 omnis¹
959 1209 1051 1289 syllo'-

128 1295 244 1375 giemus
267 1312 306 1353 ex
329 1296 465 1354 terminis
488 1294 612 1374 divinis,
635 1295 685 1373 qui
708 1293 799 1354 infert
820 1293 1050 1354 conclusionem

127 1377 253 1454 falsam,
276 1378 446 1437 certissime
467 1375 759 1458 peccatsecun‘dnnr
779 1377 931 1437 fallaciam
949 1375 1050 1456 aequi-

128 1459 302 1535 vocationis
336 1458 387 1521 vel
408 1459 524 1542 figurae
559 1460 710 1520 dictionis.
755 1460 795 1520 Et
825 1459 897 1520 hinc
932 1458 982 1536 fit,
1019 1466 1052 1519 ut

126 1562 189 1602 non
225 1561 333 1603 omnes
369 1545 599 1625 propositiones
635 1543 757 1604 divinae
790 1543 912 1623 possint
936 1543 1052 1603 intrare

125 1625 256 1687 formam
279 1627 517 1707 syllogisticam,
553 1634 600 1704 et,
624 1627 802 1705 siintrant,
834 1626 950 1686 faciunt
970 1625 1051 1685 h‘anc

127 1708 296 1769 fallaciam:
332 1716 380 1789 ut,
414 1711 513 1770 omnis
535 1711 627 1770 Pater
655 1718 798 1792 generat,
818 1709 883 1769 ·Dei
915 1709 1051 1769 essentia

128 1797 175 1852 est
196 1792 301 1872 Pater,
330 1811 404 1873 ergo
427 1795 562 1853 essentia
594 1798 730 1875 generat.
773 1790 935 1852 Manifesta
954 1795 1051 1872 patet,

128 1876 274 1954 quoniam
305 1874 491 1936 subsumitur
510 1875 565 1936 sub
584 1877 714 1936 termino
729 1870 883 1956 personali
904 1875 1051 1934 terminus

127 1957 317 2037 essentialis,
340 1964 433 2038 atque
453 1958 497 2018 ita
517 1978 580 2020 non
601 1958 636 2019 fit
658 1956 968 2019 subsumtiotermini
992 1957 1050 2017 dis-

127 2040 239 2119 tributi.
285 2040 364 2116 Quid
389 2061 463 2121 ergo
486 2043 621 2119 mirum,
650 2043 674 2102 si
696 2041 807 2103 falsum
829 2038 1050 2102 concludatur?

124 2124 175 2186 Sic
199 2126 290 2184 etiam
324 2123 385 2184 ibi:
423 2124 508 2184 nulla
529 2125 685 2185 ,divinitas
723 2130 865 2206 generat,
899 2123 953 2183 sed
988 2134 1050 2185 om-

125 2208 172 2266 nis
206 2226 340 2287 persona
374 2212 420 2266 est
453 2207 607 2286 divinitae,
638 2227 713 2288 ergo
742 2206 827 2268 nulla
843 2225 979 2286 persona
999 2225 1050 2288 ge-

124 2303 221 2350 nerat.
265 2288 326 2351 sed
357 2291 401 2349 sic
431 2289 536 2352 debuit
557 2291 709 2371 subsumi,
741 2288 798 2351 sed
820 2291 879 2350 ista
903 2290 1046 2350 divinitas

128 2373 157 2432 A
180 2380 227 2433 est
257 2372 417 2453 divinitas,
452 2392 526 2456 ergo
560 2375 619 2434 ista
647 2374 794 2434 'divinitas
820 2393 882 2433 non
906 2379 1046 2453 generat:

125 2457 209 2516 etin
233 2457 329 2535 priori
353 2456 412 2534 sic,
435 2457 490 2518 sed
510 2458 671 2539 istepater
692 2464 739 2517 est
760 2462 862 2536 pater,
886 2475 959 2538 ergo
984 2475 1046 2517 om-

125 2540 172 2599 nis
201 2546 290 2619 pater
312 2546 448 2620 generat.
479 2539 553 2602 *Sed
575 2539 654 2600 haec
676 2537 714 2599 ad
738 2539 870 2620 logicam
892 2540 1048 2619 pertinent

123 2621 233 2707 latius,
271 2622 322 2682 hic
348 2629 448 2683 autern
483 2644 540 2704 pro
562 2624 643 2684 illius
670 2622 819 2682 orationis
841 2622 928 2701 lnce,
962 2622 1046 2682 Deus

124 2711 190 2765 erat
211 2703 354 2785 verbum,
376 2700 519 2767 adducta.

147 2796 150 2803 '
186 2786 364 2869 ‘'Sequitur,
398 2790 460 2849 hoc
494 2796 560 2850 erat
590 2790 620 2848 in
648 2787 800 2869 principio
832 2786 913 2868 apud
936 2786 1046 2865 Deum,

122 2872 193 2952 quia
215 2871 353 2950 dixerat,
387 2873 471 2933 Deus
506 2878 571 2933 erat
598 2870 746 2951 verbum,
785 2889 825 2930 ne
859 2868 1047 2932 confundere

146 2972 273 3014 ersonas
305 2954 476 3034 videretur,
511 2954 640 3035 repetit,
676 2954 759 3033 quod
792 2959 884 3014 antea
917 2953 1046 3028 dixerat,

122 2974 207 3098 ileos
231 3044 296 3097 erat
318 3037 462 3115 verbum,
496 3057 536 3097 ne
569 3035 623 3096 illa
652 3035 712 3097 duo
736 3033 819 3117 prius
843 3035 939 3113 dicta,
968 3034 1046 3099 scili-

124 3127 173 3181 cet
194 3121 224 3179 in
248 3122 401 3202 principio
425 3127 491 3181 erat
514 3118 659 3196 verbum,
682 3127 713 3180 et
727 3118 860 3179 'verbum
878 3127 943 3178 erat
965 3119 1045 3200 apud

122 3203 237 3279 Deum,
261 3204 433 3264 correxisse
456 3202 628 3280 videretur,
653 3209 684 3263 et
705 3203 819 3262 nullam
843 3220 877 3261 se
899 3200 1046 3262 distincti·

123 3305 214 3347 onem
237 3287 412 3366 intelligere
434 3285 586 3366 voluisse,
610 3290 748 3347 autnon
770 3284 809 3345 ab
832 3291 958 3345 aeterno
981 3304 1046 3345 ver-

122 3368 193 3431 bum
217 3370 328 3446 fuisse,
349 3368 411 3429 imo
429 3370 591 3430 confirmat
606 3369 834 3430 distinctionem
857 3367 1046 3446 praedictam

123 3461 179 3534 p'er
212 3452 416 3512 assertionem
439 3451 678 3535 reduplicatum,
710 3456 744 3511 ut
766 3451 811 3510 sic
839 3468 912 3510 vere
936 3453 978 3510 sit
1004 3450 1046 3510 di-

166 3708 208 3851 JL)
229 3700 375 3762 Praeclara
413 3711 571 3766 observatio
607 3716 634 3764 ct
665 3702 894 3784 scliclasticorum
930 3711 1047 3779 argutiis

122 3797 236 3834 nitar.¹
323 3787 396 3821 ·''
494 3780 512 3812 ¹⁴·
693 3799 710 3816 ··
798 3792 913 3813 '¹¹··
