2356 4200
139 106 203 175 452
538 108 668 164 Astomi

226 279 348 344 Deinde
370 278 480 342 eadem
503 278 652 343 ebrietate
673 298 791 341 mersus
813 296 828 338 s
849 284 935 340 uniat
951 296 1002 341 me
1018 294 1067 341 ns*

144 384 248 427 serere
268 363 476 447 indulgentias
491 363 530 424 de
541 362 685 424 thesauro
707 296 862 445 evaugedi
884 360 960 441 dari,
981 360 1066 443 quod

143 446 261 524 nullus,
284 448 400 529 inquit,
431 447 564 528 largiens
593 445 734 506 intendit.
781 445 915 526 Ignosco
951 444 1067 507 cunis·

143 530 323 612 privislibus
346 529 612 610 disputationibus,
635 528 741 608 quales
763 529 821 589 uisi
843 534 956 606 essent,
977 532 1066 610 pote-

145 613 267 675 retvel
289 632 329 673 ex
351 615 414 672 suis
437 613 538 674 verbis
561 632 653 693 supra
678 611 768 673 dictis
794 612 986 690 meminisse,
1015 631 1067 672 me

143 695 256 773 dicere,
278 695 485 777 indulgentias
507 715 570 756 nou
593 716 632 756 ex
656 695 835 779 evangelio,
866 693 920 755 sed
943 714 982 755 ex
1006 694 1066 754 ola·

142 778 231 841 vibus
245 779 363 840 donari.
392 778 455 838 llas
478 781 557 839 euim
571 798 590 839 a
605 798 654 838 me
665 779 839 839 thesaurum
861 776 1067 859 indulgentia·

142 880 208 924 rum
230 863 348 943 positas
366 880 444 939 esse,
463 881 553 943 supra
570 862 643 922 satis
661 861 822 939 intellexit,
847 879 977 940 eumque
1002 860 1066 921 tbe·

144 964 266 1006 saurum
288 944 327 1005 ab
349 945 530 1025 evangelico
553 945 696 1005 thesauro
720 942 983 1022 distinctum,'sed
1006 942 1067 1003 ola·

144 1029 206 1089 rius
235 1027 325 1088 infrur
373 1027 433 1087 Sed
461 1028 559 1113 voluit
579 1027 740 1087 ridiculum
762 1026 876 1087 habere
898 1025 1066 1109 theologus

144 1130 201 1191 pro
222 1109 387 1171 testivitate
410 1110 526 1170 dierum
548 1111 669 1171 illorum
692 1109 948 1188 Bacchanalium,
971 1108 1067 1188 quod,

145 1212 213 1253 cnm
235 1211 386 1271 nusquam
409 1201 501 1272 esset,
525 1193 613 1253 finxit
634 1195 665 1253 in
689 1194 764 1253 meis
786 1191 1002 1272 positionibus.

437 1328 530 1389 XXV.
555 1328 771 1404 Obeliscusf)

174 1522 178 1529 ,
227 1445 282 1506 Ec.
305 1444 478 1526 Propositio
503 1446 595 1526 plena
615 1466 753 1525 veneno,
778 1464 858 1527 quae
881 1444 1067 1506 seditionem

147 1526 374 1597 excitare'nata
399 1536 495 1605 esset,
529 1549 590 1588 non
627 1530 784 1589 caritatem
808 1524 919 1589 Oh'risti
942 1534 1067 1611 augere.

148 1610 240 1687 Quod
262 1612 287 1670 si
310 1611 458 1672 Lutherus
480 1613 532 1691 pio
551 1610 742 1673 alliciebatur
753 1630 870 1691 amore,
882 1629 944 1671 nou
961 1630 1066 1673 coram

147 1693 265 1775 pusillis
297 1692 367 1775 (qui
395 1693 510 1773 alioqui
538 1694 657 1755 facilius
694 1692 974 1770 scandalisentur),
1012 1693 1067 1754 sed

147 1794 250 1838 eoram
273 1776 329 1852 his,
353 1795 480 1855 quorum
502 1778 639 1856 interest,
663 1777 735 1838 talia
757 1784 932 1859 proponere
954 1774 1067 1837 debus»

146 1865 203 1939 rat,
225 1865 256 1920 et
276 1859 354 1919 torte
377 1861 443 1937 quis
465 1862 531 1936 scit,
555 1863 580 1919 si
596 1861 679 1921 Deus
697 1861 917 1920 incrementum
930 1858 1070 1920 dedisset

147 1948 179 2003 et
197 1942 378 2023 profectum.
988 1928 997 1957 ⁶

230 2023 318 2084 Luth.
339 2024 461 2085 Gratias
483 2027 627 2086 monitori
649 2025 773 2086 tandem
796 2023 1068 2104 aliquandobcue·

147 2107 232 2186 volo,
254 2107 308 2167 sed
331 2108 500 2187 praemissa
522 2110 616 2185 rabie,
639 2108 739 2190 Rogo,
764 2127 817 2167 our
839 2126 975 2168 summus
992 2126 1067 2188 pou·

148 2190 223 2250 tifex
251 2189 352 2250 distin.
376 2195 405 2253 5.
440 2189 491 2250 lib.
512 2194 540 2254 6.
574 2191 638 2253 cle.
675 2191 713 2251 de
742 2190 940 2251 abusionibus
972 2183 1067 2271 quae·

148 2279 264 2333 storum
279 2273 472 2332 severissime
495 2279 642 2349 statuens,
664 2281 727 2333 tam
751 2273 853 2335 multis
874 2272 982 2333 verbis
1005 2292 1067 2334 non

148 2356 264 2415 excitat
285 2354 484 2432 seditionem,
517 2364 548 2416 et
573 2357 676 2417 omnia
705 2356 806 2436 replet
833 2374 970 2433 veneno,
999 2374 1066 2417 cnm

148 2438 225 2499 haec
252 2439 345 2498 faciat
372 2438 539 2499 asserendo
569 2446 600 2499 et
620 2438 854 2519 praecipiendo,
890 2437 972 2518 quod
1008 2458 1067 2581 spo

150 2521 255 2600 paucis
278 2520 378 2581 verbis
398 2528 502 2600 tango,
524 2540 587 2581 nou
610 2523 667 2581 nisi
690 2521 898 2602 disputando?
920 2521 970 2582 An
994 2521 1067 2583 nuli

148 2611 220 2664 sunt
252 2609 441 2682 quaestores,
477 2605 528 2682 qui
559 2604 723 2665 abutuntur
751 2604 814 2665 suis
852 2602 1068 2666 facultatibus?

149 2693 202 2747 aut
230 2685 269 2747 de
297 2685 491 2747 abutentibus
514 2706 572 2747 uec
593 2687 748 2766 disputare
771 2686 970 2747 conceditur?
1019 2686 1066 2747 Au

147 2768 258 2833 Eeoius
290 2768 374 2828 solus
404 2771 539 2830 omnium
568 2769 693 2830 taudem
722 2769 907 2850 flagitiorum
929 2769 1068 2850 procedit

150 2852 318 2931 patronus?
360 2851 409 2911 Au
433 2870 495 2911 uon
519 2852 647 2912 esthon
669 2871 790 2913 veneno
813 2853 919 2915 omnia
939 2853 1068 2933 replere,

149 2935 293 2997 resistere
312 2935 455 2995 vitiorum
478 2935 724 3013 insectatoribus,
747 2936 809 2995 imo
829 2933 998 3014 pontificiis
1020 2934 1067 2995 de

152 3017 266 3079 cretis?
315 3017 493 3097 Theologus
523 3017 554 3076 id
583 3018 675 3079 docet
696 3019 835 3094 etfacit,
856 3019 882 3078 si
905 3017 1067 3101 theologus

151 3098 298 3160 dicendus
331 3106 394 3179 est,
418 3100 468 3178 qui
491 3106 576 3160 tante
597 3100 761 3161 daemonia
783 3101 917 3179 loquitur
938 3101 1067 3163 furibuu-

150 3181 206 3242 dus
229 3189 260 3242 st
280 3181 418 3249 aubelus.

235 3264 354 3325 Deinde
377 3285 469 3325 unum
492 3267 660 3327 rectissime
682 3265 770 3341 dicit,
799 3284 848 3326 me
878 3265 997 3327 seilicet
1018 3284 1068 3347 pu·

153 3345 230 3407 siliis
252 3347 429 3408 scandalum
453 3348 585 3409 dedisse.
622 3350 699 3409 Nam
718 3368 785 3408 cum
799 3367 858 3429 ego
881 3367 943 3409 nou
966 3348 1069 3430 lingua

153 3428 269 3510 vulgari
293 3430 455 3507 ediderim,
478 3450 536 3491 neo
558 3432 647 3492 latius
670 3451 760 3515 quam
784 3432 895 3493 circum
918 3451 977 3491 nos
999 3431 1068 3493 emi·

152 3515 252 3589 serim,
275 3512 363 3591 adde,
386 3515 486 3574 solum
509 3514 696 3575 doctioribus
719 3515 891 3591 obtulerim,
912 3515 1069 3575 staminis

202 3681 234 3752 ⁶)
257 3678 364 3737 Contm
383 3680 425 3738 67.
445 3678 574 3741 (nucius.
591 3678 712 3732 lutheri.
