2356 4200
408 309 427 350 a
445 295 577 350 Csisteuo
598 295 635 350 ed
652 297 767 380 Papam.
985 295 1048 361 405

125 462 396 543 testimonialium,
428 485 525 526 unum
551 464 603 526 vel
630 466 720 546 plura
740 463 896 546 publicum
919 486 973 527 ssu
995 486 1049 548 pu·-

125 545 221 623 blioa,
246 544 318 614 ,lis'ri
340 554 433 628 atque
456 547 566 609 uonfioi
590 549 677 630 petiit
697 549 932 609 instrumentum
955 556 987 610 et
1006 551 1049 611 in·
1123 572 1138 581 ·
1161 568 1166 583 ²

125 634 306 691 strumenta.

208 711 288 773 Aeta
308 713 432 774 fuerunt
454 712 531 775 haee
547 714 717 794 Augustae,
741 721 773 775 et
794 712 907 775 ibidem
930 716 960 775 in
984 734 1048 775 mo-

80 788 85 809 '
124 795 260 857 neuterio
283 795 406 857 Ordinis
426 796 563 858 Fratrum
586 798 835 874 carmelitarum,
868 797 923 859 sub
956 817 1050 878 anno,

123 877 304 956 Indistione,
328 879 388 958 die,
411 899 517 941 mense
540 887 571 940 et
591 880 791 962 pontificatu,
814 876 922 960 quihus
946 900 1049 962 supra,

123 961 337 1041 praesentibus
371 961 486 1023 ibidem
519 962 752 1026 honorabilibus
787 964 882 1043 viris,
918 961 1049 1026 dominis

124 1044 300 1106 Venoeslao
330 1045 517 1125 Steinheiss,
561 1055 593 1107 et
629 1047 869 1108 Bartholomaeo
903 1047 1049 1126 Utzmair,

125 1127 314 1208 presbyteris
336 1131 542 1209 Augustensis
565 1130 730 1210 diooossis,
751 1128 880 1190 testibus
902 1129 942 1189 ad
963 1149 1050 1211 prae·

124 1212 221 1270 missa
242 1212 360 1272 voeatis
383 1219 476 1291 etque
500 1215 627 1293 rogatis.
1040 1250 1043 1255 ‹

208 1293 249 1354 Et
274 1312 333 1374 ego
357 1293 464 1355 Gallus
486 1295 677 1391 IIunIgpnter
704 1295 744 1356 de
773 1294 1050 1377 Herhrauhtingen,

123 1375 433 1458 laiousAugustensis
445 1376 610 1453 diocoesis,
621 1379 760 1459 publicus
773 1378 868 1438 saon's
877 1378 1050 1459 apostoliea

125 1465 159 1520 et
178 1460 330 1540 imperiali
351 1459 566 1521 autoritatibus
581 1461 738 1536 Notarius,
762 1463 835 1540 quia
856 1460 1051 1542 supradictae

124 1542 295 1604 sohedulae
318 1543 536 1624 appellationis
547 1543 577 1627 ¹)
602 1544 802 1624 exhibitioni,
824 1544 1050 1624 provocationi,

127 1625 340 1706 submissioni,
385 1627 597 1706 apostolorum
632 1618 788 1708 petitioni,
826 1627 1051 1708 protestationi,

127 1709 334 1789 omnibusque
355 1709 424 1769 aliis
446 1716 478 1770 et
499 1711 627 1792 singulis
650 1711 836 1792 praemissis,
859 1710 930 1770 dum
956 1710 1052 1789 (mont

126 1791 352 1873 praemittitur)
377 1791 488 1854 fierent
509 1799 541 1854 et
561 1803 734 1874 agerentur,
757 1813 817 1853 una
840 1812 907 1853 oum
922 1811 1051 1873 praeno·

128 1875 253 1936 misatis
284 1875 413 1936 testibus
442 1895 590 1956 praesens
625 1883 656 1938 st
688 1875 892 1957 personaliter
918 1877 1051 1952 interlui,

128 1976 228 2038 eaque
249 1960 356 2019 omnia
377 1966 409 2018 et
430 1960 552 2040 singula
573 1961 618 2020 sis
638 1959 703 2021 fieri
726 1959 788 2020 vidi
810 1965 841 2019 et
861 1957 974 2018 audivi.
1003 1957 1050 2018 Id-

127 2042 212 2103 oiroo
234 2041 296 2102 hoo
316 2059 463 2121 praesens
493 2042 649 2122 puhliuum
679 2043 929 2120 instrumentum,
958 2059 1051 2101 mann

127 2125 253 2204 propria
275 2125 430 2205 seriptum,
453 2125 566 2186 exinde
588 2126 726 2204 donisel,
749 2124 932 2205 subsoripsi,
954 2122 1050 2204 publi·

126 2208 206 2285 oevi,
229 2214 260 2267 et
279 2209 311 2267 in
333 2207 414 2267 hano
435 2207 589 2287 publicam
613 2209 742 2271 formam
759 2208 875 2288 redegi,
898 2207 1050 2288 signoque

126 2297 159 2350 et
180 2288 306 2351 nomine
328 2291 404 2350 meis
426 2291 524 2352 solitis
547 2301 578 2352 et
591 2293 747 2353 oonsustis
763 2291 891 2373 signavi,
913 2288 1048 2350 inlidem

126 2379 159 2434 et
180 2373 389 2434 testimonium
401 2376 538 2434 omnium
560 2381 591 2435 et
603 2376 793 2457 singulorum
811 2373 1049 2455 preemissorum
1070 2384 1072 2387 “

125 2463 254 2536 rogatus
278 2463 310 2516 et
329 2457 503 2535 requisitus.
974 2468 976 2472 ’
1052 2476 1056 2487 ’

355 2538 580 2619 Actorum²)
605 2541 643 2601 D.
666 2541 826 2601 Martini

167 2619 291 2682 Lutheri
314 2621 395 2702 apud
418 2623 565 2705 Legatum
588 2623 804 2704 Apostolioum
828 2622 988 2703 Augustae
1016 2637 1019 2642 ’

541 2706 634 2768 Finis.

486 2865 689 2988 Epistola

126 3026 268 3088 Thomas
289 3026 446 3109 orietani,
475 3029 566 3091 Tituli
588 3030 618 3093 S.
642 3030 719 3091 sixti
749 3027 925 3110 Presbyteri
948 3025 1052 3089 Gurdi-

127 3110 224 3189 nalis,
253 3109 291 3171 ad
320 3111 357 3172 D.
386 3111 588 3191 Friderioum,
618 3109 776 3177 Saxoniae
802 3110 937 3188 Duoem,
973 3109 1053 3174 seori

127 3194 250 3273 Imperii
273 3193 446 3258 Electorem
471 3202 528 3260 eto.
551 3195 590 3257 de
611 3196 734 3257 Lutheri
756 3213 866 3273 eausa,
900 3198 972 3274 p'ost
993 3191 1052 3252 dis,

214 3295 333 3338 sessum
358 3278 496 3340 eiusdem
518 3278 639 3340 Lutheri
663 3298 701 3340 ex
723 3278 863 3359 Auguste
886 3294 968 3336 anno

477 3362 517 3423 II.
539 3361 576 3425 D.
598 3361 706 3427 XVIII.

165 3550 168 3555 .
211 3487 420 3549 IllustrissIme
441 3497 473 3551 et
494 3489 755 3552 excellentissime
775 3489 941 3568 Prinoeps,
970 3485 1056 3547 venit

129 3571 236 3632 Frater
260 3571 407 3633 Martinus
434 3571 583 3635 Lutherus
612 3593 681 3635 oum
718 3573 814 3634 literis
851 3568 1056 3636 exoslleutiae
1085 3623 1089 3633 .

156 3681 330 3691 *ο-

132 3795 168 3851 ed
205 3725 285 3850 Iplnln
297 3684 423 3779 eduen:
444 3725 633 3796 appellationi.
662 3725 691 3792 2)
709 3724 783 3779 Haec
801 3739 859 3778 uon
877 3707 1008 3794 leguntur
1025 3719 1062 3773 in·

170 3813 214 3866 .p
261 3813 284 3852 o.
