2356 4200
179 264 242 333 494
374 268 399 329 ,“
436 262 448 301 “·
488 254 566 319 Mart.
589 253 667 320 Lam.
687 252 841 318 Damone

94 418 98 425 ¹
180 438 236 505 hio-
253 442 363 499 oontra
384 436 557 496 haereticos
580 434 1020 511 unitatem-ooalesiaeouetur,
1042 436 1103 494 nori

180 527 365 602 potestatem
374 519 507 580 Romani
528 516 692 598 pontifiois,
714 517 918 599 prinoipale'm
941 522 1104 578 vocat-oo·

180 604 323 683 oiesiam,
345 610 376 664 et
398 603 478 664 bene
491 640 507 680 ,-
522 603 595 680 quia
614 602 736 682 primus
751 600 1031 680 apostolorumibi
1051 599 1104 660 Pe

179 693 264 764 trus,
292 695 324 746 ei
344 685 417 746 inde
439 692 507 745 orta
527 691 575 744 eit
595 685 626 744 in
646 682 894 765 aiias'eoelesias
917 685 1020 744 unitas
1046 683 1104 759 (im

181 768 262 851 quit)
288 768 498 829 aaeerdoialis.
527 764 643 828 Unde?
668 780 688 826 a
716 767 807 827 Petro
836 766 970 846 soilieei,
999 770 1104 826 seeun-

181 853 253 913 dum
276 853 466 932 superiorem
488 851 683 910 autoritatem
706 848 844 909 eiusdem
859 849 1019 930 Cypriani,
1042 854 1101 909 non

180 934 263 1015 quod
300 935 407 996 Petrus
436 946 552 994 ‘omnes
580 932 757 995 saeerdotes
779 933 902 1013 feeerit,
935 932 994 1005 sed
1021 931 1102 1012 quod

181 1018 320 1079 Ghrisurs
348 1016 498 1098 apostolis
529 1034 635 1095 parem
656 1021 840 1095 potestatem
872 1015 1042 1093 tribuens,-
1067 1014 1103 1074 ab

181 1101 358 1171 unosPetro
380 1100 541 1179 incipiens,
563 1100 712 1159 unitatem
735 1098 885 1160 ecelesiae
907 1105 1103 1171 monstraret,

211 1238 214 1243 .
263 1183 352 1242 Errat
374 1200 448 1263 ergo
470 1181 591 1257 Eeoius,
614 1183 665 1260 qui
688 1182 749 1242 hoo
775 1181 871 1243 verbo
895 1187 985 1262 putat
998 1200 1103 1242 ¹saeer-

181 1265 270 1326 dotes
294 1285 401 1325 omnes
425 1284 463 1324 ex
485 1263 561 1324 urbe
574 1264 715 1325 Romana
735 1265 904 1344 venire,‘et
926 1264 1044 1326 debere
1055 1263 1104 1325 ba·

181 1349 255 1411 beri.
278 1348 329 1408 Sia
352 1349 432 1408 enim
455 1347 689 1427 nolli-apostoli
711 1336 907 1410 ordinassent
929 1339 1103 1428 eriisoopos.

181 1430 221 1491 Et
241 1433 373 1511 ipsemet
386 1430 558 1510 Cyprianus
579 1450 643 1491 non
665 1448 706 1490 ex
726 1430 801 1491 urbe
823 1449 911 1491 suum
933 1431 1041 1492 retulit
1060 1449 1103 1490 oa

182 1513 369 1591 oerdotium,
396 1530 455 1574 neo
477 1513 557 1573 ullus
579 1512 700 1576 Africae
723 1519 755 1574 et·
775 1513 908 1574 Orientis
932 1515 1096 1595 episeopus

181 1596 272 1672 Quod
284 1596 394 1656 Eooius
415 1596 538 1657 fortiter
559 1597 676 1674 transit,
702 1597 802 1656 solum
824 1598 853 1657 in
876 1598 974 1658 literis
993 1604 1026 1658 et
1047 1614 1061 1654 a
1082 1595 1103 1654 i-

182 1679 259 1740 labis
282 1679 450 1758 sophistica
471 1680 641 1760 pertinaoia
661 1679 802 1757 haerens,
823 1698 886 1759 quo
898 1680 995 1741 faeiat
1016 1614 1103 1740 noim

182 1761 368 1842 Cyprianum
397 1761 601 1842 haeretioum,
629 1763 715 1822 ouius
738 1762 834 1823 verba
859 1782 924 1844 pro·
951 1764 1020 1824 iure
1050 1768 1104 1823 orio

182 1844 287 1905 divino
305 1851 415 1905 contra
435 1846 531 1904 vitam
552 1844 689 1905 eiusdem
712 1851 841 1925 torquet.

265 1928 403 2007 Septimo
426 1927 571 1994 Hieron..
586 1926 625 1989 ad
646 1926 829 2008 Evagrium,
851 1929 919 1989 Neo
941 1928 1041 1989 altera
1061 1948 1105 1988 ur-

182 2012 228 2073 bis
248 2013 391 2088 Romae,
420 2011 517 2072 altera
539 2012 632 2071 toiius
655 2011 737 2072 orbis
758 2011 967 2072 existimanda
987 2018 1037 2072 est
1058 2029 1104 2072 eo

182 2095 287 2156 oiesia.
317 2094 395 2154 Vide
416 2094 498 2154 hune
519 2093 669 2154 audaoem
691 2101 723 2155 et
743 2096 869 2175 impium
893 2096 1103 2174 impostores,

181 2179 217 2239 D.
230 2179 436 2256 Hieronymus
457 2177 488 2237 id
511 2179 574 2256 agit
592 2197 629 2238 ea
639 2178 780 2257 epistola,
803 2176 887 2257 quod
908 2196 1022 2239 omnes
1042 2178 1105 2258 epi·

180 2263 268 2341 soopi
290 2268 360 2320 sunt
378 2260 523 2338 aequales
534 2263 614 2320 inter
633 2279 677 2339 ee,
698 2267 731 2321 et
751 2262 948 2343 presbyteros
967 2260 1104 2337 eoadem,

182 2364 260 2423 quos
275 2346 441 2423 episcopos
455 2362 534 2404 esse.
558 2344 703 2422 Breviter,
724 2344 802 2405 haeo
818 2344 951 2424 epistola
973 2344 1025 2405 vel
1039 2344 1104 2405 sola

182 2428 315 2488 funditus
338 2428 447 2486 evertit
469 2426 672 2487 adulatorium
698 2427 903 2505 dogmanoii
916 2427 954 2487 de
973 2430 1102 2507 primatu

181 2512 293 2591 Papae,
316 2511 390 2568 iuris
413 2508 517 2586 divini,
539 2510 583 2570 ita
604 2509 765 2589 utLipsiae
787 2530 843 2590 per
864 2511 998 2572 eundem
1021 2531 1040 2570 a
1058 2530 1104 2569 me

180 2596 294 2675 petitus
330 2599 455 2652 ooaotus
485 2593 524 2651 sit
560 2593 727 2673 confugere
753 2595 791 2654 ad
819 2600 1030 2654 commentum
1064 2593 1104 2653 di·

181 2678 353 2738 atinotionis
376 2695 451 2735 suae
472 2676 551 2734 inter
570 2677 823 2755 apostolatumei
840 2677 989 2756 regimen.
1015 2677 1104 2736 Clare

181 2763 262 2820 enim
285 2760 328 2820 ibi
351 2759 424 2818 dioit
445 2758 669 2837 Hieronymus,
692 2761 871 2839 episcopum
893 2760 995 2820 altero
1017 2779 1104 2839 supe·

180 2846 291 2902 riorem
314 2842 379 2901 iieri
402 2843 542 2921 potentia
563 2841 745 2922 divitiarum,
767 2862 829 2903 non
853 2842 1020 2903 sacerdotii
1043 2843 1104 2924 dig·

181 2927 284 2983 nitate.
307 2924 453 2984 Eiusdem
476 2926 585 3002 meriti,
607 2925 714 3004 inquit,
737 2933 783 2986 est
805 2927 973 3005 episeopus
983 2926 1105 2988 Romae

182 3016 212 3065 ei
235 3005 367 3086 Eugubii
390 3013 448 3069 eto.

262 3089 357 3149 Plane
380 3108 453 3169 ergo
476 3096 570 3169 patet,
592 3089 720 3150 Eooium
741 3090 789 3150 his
810 3090 903 3151 larvis
931 3090 1018 3152 aliud
1042 3113 1105 3154 nou

181 3173 359 3250 quaesiisse,
390 3191 481 3251 quam
505 3179 538 3231 ut
558 3171 701 3233 illuderet
723 3173 905 3252 simplioium
929 3181 963 3234 et
984 3175 1106 3235 rudium

179 3254 361 3332 animabus,
385 3262 416 3314 et
437 3255 467 3317 8.
490 3256 681 3335 Hieronymo
703 3258 877 3336 imponeret
899 3276 972 3317 sues
994 3261 1107 3340 impias

179 3338 425 3417 depravationes,
447 3336 519 3397 dum
542 3357 580 3398 ea
601 3339 725 3420 aliegat,
747 3359 826 3419 quae
841 3341 978 3413 maxime
998 3350 1109 3403 eontra

180 3440 249 3481 earn
272 3427 420 3501 pugnaui.

260 3503 322 3565 Sed
344 3522 445 3581 neque
465 3503 538 3583 quid
559 3504 636 3564 velit
654 3524 782 3586 possum
804 3504 955 3584 divinare,
978 3508 1108 3587 quando

177 3584 267 3648 dioit:
280 3587 359 3649 -Non
375 3592 424 3646 est
444 3586 543 3647 altera
564 3587 647 3648 urbis
667 3589 796 3666 Romae,
818 3588 916 3648 altera
938 3593 1040 3652 totius
1063 3612 1110 3654 ou

178 3669 224 3729 bis
247 3671 387 3739 eoelesia.
420 3669 602 3747 Hieronymi
625 3674 778 3732 sententia
800 3671 885 3731 alara
905 3680 975 3751 est,
998 3675 1108 3737 orbem

177 3771 246 3814 esse
268 3754 416 3813 maiorem
429 3751 537 3830 Urbe,
559 3753 642 3814 siout
661 3754 703 3817 ibi
725 3754 818 3835 dioit,
839 3773 920 3836 ergo
939 3756 977 3817 id
997 3761 1111 3822 sentiri
