2356 4200
937 284 1002 353 286

75 527 332 663 Disputatio
355 534 403 663 D.
416 530 599 666 llsrtini
619 534 802 667 Lutlori
830 536 882 632 do
909 562 1003 656 poe

10 716 14 724 .
221 649 413 742 mtonns
441 651 487 744 ot
517 650 860 771 mdnlgoutus.²)

351 845 492 908 Amore
522 856 559 911 et
579 849 716 913 studio

73 1011 431 1074 Eluoidondse'veritstis
447 1012 655 1077 heeeSubsori
681 1012 1002 1099 te*)disputsbuntur

74 1094 338 1177 Wittembergse‚
371 1094 570 1159 Praesidente
598 1099 635 1160 R.
659 1034 696 1162 lt
728 1099 859 1160 Mertiuo
888 1097 1002 1158 Luther

73 1178 276 1257 Eremitsno,
321 1178 603 1262 Augustinisn02),
632 1179 751 1243 Art-ium
781 1188 813 1244 et
839 1181 869 1245 S.
900 1180 1000 1243 Theo·

75 1263 181 1345 logioe
201 1261 365 1343 Magistro,
398 1261 598 1344 eiusdemque
625 1262 738 1326 ibidem
769 1264 898 1328 Leotore
920 1261 999 1325 ordi-

74 1347 175 1407 nsrio.
230 1344 333 1421 Quare
360 1347 454 1425 petit,
496 1353 529 1406 ut
564 1348 615 1427 qui
650 1366 713 1409 non
741 1354 872 1428 possunt
899 1345 999 1407 verbis

75 1434 259 1513 praesentes
275 1427 436 1490 nobiseum
459 1427 641 1511 disceptare,
664 1438 760 1512 egent
780 1428 811 1491 id
832 1430 927 1490 literis
949 1428 1000 1491 ab·

75 1518 193 1575 sentes.
227 1510 262 1571 ln
274 1512 400 1572 nomine
412 1509 538 1572 Domini
549 1514 646 1575 nostri
659 1514 734 1574 lesu
747 1512 869 1590 Christi,
889 1512 999 1573 Amen.

162 1597 198 1670 1)
222 1593 374 1654 Dominus
396 1600 428 1654 et
450 1597 597 1677 magister
618 1602 726 1658 noster
737 1595 828 1657 lesus
851 1594 999 1674 Christus,

76 1676 228 1738 dicendo:
250 1675 476 1738 Poenitentiem
497 1679 581 1760 ogite
603 1685 661 1742 ets.
680 1696 803 1740 omnem
821 1676 999 1740 vitemfide-

74 1761 151 1821 lium
172 1758 397 1841 poenitentiam
421 1778 492 1821 esse
514 1762 621 1823 voluit.

160 1843 198 1922 2)
224 1841 314 1918 Quod
327 1842 490 1921 verbum³J
516 1844 555 1905 de
571 1845 763 1926 poenitentis
774 1844 1006 1924 sacramentali„

73 1926 106 1988 id
128 1932 178 1987 est
187 1923 220 2007 ⁴)
251 1925 454 1987 nonfessionis
483 1933 515 1988 et
542 1928 773 2008 satisfactionis,
797 1946 876 2008 quoe
900 1946 998 1988 saeer-

74 2008 184 2072 dotum
207 2009 375 2070 ministerio
397 2008 578 2088 celebratur,
601 2026 663 2072 non
684 2017 789 2091 potest
808 2010 949 2091 intelligi.

159 2094 197 2168 3)
221 2091 292 2153 Non
314 2097 417 2152 temen
440 2092 538 2154 solam
561 2094 692 2155 intendit
716 2095 908 2169 interiorem,
935 2095 997 2154 imo
1081 2163 1091 2175 Ι

74 2175 206 2237 interior
228 2173 312 2235 nullo
338 2181 403 2253 est,
435 2174 493 2236 nisi
515 2176 589 2237 soris
612 2183 756 2258 operetur
777 2178 876 2237 varies
899 2177 998 2237 earnis

75 2256 338 2320 mortificationes.

157 2336 197 2484 42
222 2341 326 2402 Mouet
352 2341 458 2420 itaque
490 2361 610 2422 poeno,
639 2342 740 2403 donee
769 2347 873 2404 menet
894 2340 998 2402 odium

75 2427 131 2505 sui,
155 2425 166 2484 i
201 2431 257 2504 est,
279 2425 470 2504 poenitentis
491 2444 564 2487 vero
585 2427 677 2507 intus,
700 2427 819 2486 seilioet
839 2444 936 2506 usque
958 2423 997 2487 sd

74 2508 235 2570 introit-nm
255 2507 342 2587 regni
364 2503 533 2570 coelorum.

158 2588 198 2674 5)
221 2590 307 2670 Papo
331 2591 434 2670 non⁵)
465 2591 531 2651 vult
557 2610 616 2653 neo
648 2597 751 2672 potest
778 2591 856 2653 ullos
878 2610 1000 2673 poenes

75 2674 248 2752 remittere,
269 2679 392 2754 prester
413 2693 478 2755 ees,
500 2693 576 2754 quas
599 2675 723 2737 arbitrio
745 2674 796 2735 vel
817 2694 873 2737 suo
885 2675 936 2735 vel
949 2694 998 2735 os-

75 2776 193 2819 uonum
213 2756 368 2836 imposuit.

159 2844 196 2915 6)
221 2839 307 2919 Pops
338 2858 400 2900 non
430 2846 534 2920 potest
562 2842 717 2902 remittere
744 2841 838 2900 ullam
866 2840 997 2921 culpem,

75 2924 135 2984 nisi
157 2921 345 2983 declarando
374 2920 444 2998 et⁰)
475 2922 677 3003 approbando
700 2923 858 2984 remissam
880 2942 899 2983 s
919 2923 998 3003 Deo,

75 3014 128 3067 ont
149 3012 234 3066 certe
255 3003 439 3066 remittendo
469 3025 557 3066 ossus
583 3013 758 3067 reservatos
787 3004 859 3086 sibi,
889 3006 997 3086 quibus

75 3089 266 3170 contemptis
289 3088 379 3169 eulps
400 3107 525 3170 prorsus
547 3097 729 3151 remaneret.

159 3169 198 3255 7)
229 3170 312 3232 Nulli
339 3190 464 3253 prorsus
492 3173 618 3233 remittit
645 3172 728 3234 Deus
751 3169 890 3254 culpem,
923 3172 996 3251 quin

131 3360 162 3431 ‘)
183 3361 216 3413 ln
235 3358 278 3414 ed.
298 3361 523 3429 Propositionum
533 3360 611 3414 Luih.
628 3377 652 3414 a.
668 3362 738 3418 1538
749 3361 873 3416 additum
882 3359 998 3430 legitur:

74 3433 206 3486 themate.

130 3504 163 3569 1)
185 3503 267 3572 Apud
289 3520 313 3554 v.
341 3504 366 3555 d.
393 3504 492 3557 Herdt:
518 3505 670 3572 Disputatio
698 3504 730 3556 D.
757 3503 866 3557 Martini
898 3503 999 3557 Luther

75 3576 201 3645 theologi
212 3591 264 3644 pro
275 3575 462 3629 deelsrotione
473 3578 582 3628 virtutis
593 3575 838 3644 indulgentiarum.
874 3575 905 3638 2)
915 3576 999 3644 Apud

75 3667 100 3700 r.
120 3648 146 3700 d.
169 3647 259 3700 Herdt
278 3647 368 3700 deest:
388 3647 563 3714 Eremitsno,
583 3647 796 3713 Augustinisno.
834 3646 866 3714 3)
892 3646 997 3700 Ibidem

75 3719 199 3775 additur:
226 3721 421 3788 poenitentioe.
455 3718 487 3789 4)
509 3719 593 3781 lbid.:
617 3721 716 3788 ipro:
738 3720 766 3772 id
784 3724 835 3787 est,
859 3723 940 3786 etque
959 3719 999 3771 its

78 3808 191 3861 semper
209 3794 343 3861 scriptum
362 3791 471 3861 legitur.
509 3790 542 3860 5)
561 3789 644 3845 ibid:
668 3805 728 3844 nee.
765 3790 798 3858 6)
823 3787 907 3853 Ibide
927 3795 998 3846 eut.
