2356 4200
342 286 376 340 de
394 287 497 340 virtute
511 285 758 356 indulgentiarum.
943 282 1016 350 m

85 477 236 538 nunquam
258 457 331 519 alibi
353 457 508 538 adiungit,
537 457 572 516 in
598 463 743 536 quantum
774 457 879 518 elavae
900 477 933 518 ee
956 474 1008 519 ex*-

86 541 238 617 tendnnt?
260 542 309 601 An
332 540 478 602 nondum‘
493 539 640 616 videmus,
663 558 753 619 quam
775 540 850 623 vigil
872 538 911 601 eit
924 540 1008 602 ohne

86 633 153 685 etue
172 626 204 685 in
226 625 450 703 eeoleeiaeue,
479 629 514 683 ut
539 624 631 683 etiam
658 641 759 683 errare
782 623 922 684 volentes
944 636 1019 686 nont

86 708 243 789 permittat
264 706 387 768 errare?
408 708 433 766 ei
456 714 558 766 temen
581 707 753 786 nosipsos,
776 706 919 787 neglecto
942 709 1019 768 eine¹

86 791 262 869 monitorio,
285 810 348 850 non
371 789 646 870 praecipitaremus
666 790 698 849 in
721 807 867 852 errorem.

169 873 273 934 Tertio
296 873 375 951 dieo,
399 873 478 933 siout
498 873 590 952 priua,
614 872 733 932 etiamei
752 876 834 953 papa
854 891 923 932 oum
945 873 1008 934 euie

86 957 330 1037 poenitentian'ie
354 956 405 1016 hie
426 975 488 1016 non
503 962 627 1034 erraret,
649 973 712 1020 non
724 955 796 1016 ideo
810 963 881 1016 eunt
903 955 1018 1017 haere--

88 1040 149 1119 tiei,
172 1041 222 1119 qui
245 1047 361 1120 negent
382 1040 446 1100 eine
471 1057 609 1117 sensum,
632 1043 684 1098 aut
705 1056 768 1099 non
789 1037 931 1117 credant,
955 1038 1008 1100 do

87 1120 145 1182 nee
178 1121 268 1182 fuerit
296 1122 417 1182 eoncilii
452 1121 632 1181 universalis
667 1121 781 1181 iudidio
820 1121 1004 1198 alterutrall

86 1205 218 1285 portium
240 1204 366 1266 definita
388 1205 436 1264 vel
459 1203 624 1284 reprobate
639 1203 684 1280 ²).
733 1204 790 1265 fiio·
807 1206 903 1284 enim,
937 1205 1009 1265 lieet

87 1289 179 1348 etiam
203 1287 400 1368 indulgentiis
421 1288 560 1348 ornarint
582 1287 692 1348 festum
708 1289 1008 1367 coemptionis-tan·

87 1389 179 1451 qnam
206 1390 271 1431 rem
305 1378 424 1449 oertam¹
447 1369 535 1450 fidei,
570 1390 633 1431 non
663 1377 764 1431 tamen
788 1369 936 1431 damnent
957 1377 1022 1433 aut³
1069 1369 1076 1384 ⁸

87 1454 185 1534 ligant
214 1472 286 1530 eoe,
320 1455 371 1533 qui
393 1452 579 1513 solutionem
602 1453 716 1512 talium
749 1453 1020 1534 indulgentiarum·

88 1555 151 1597 non
174 1543 332 1617 quaerunt.
383 1537 430 1596 lta
452 1543 719 1615 quantumcunque
751 1535 884 1596 donetur
912 1536 1010 1598 indul·

87 1620 278 1701 gentianum,
306 1620 435 1680 formam
463 1619 547 1678 illam
576 1637 639 1680 non
662 1624 711 1680 eet
732 1637 862 1680 neeeeee
883 1620 1011 1681 eredere

88 1722 157 1762 eeee
179 1722 292 1780 veram,
315 1703 415 1763 donee
429 1708 542 1763 statuat
560 1702 702 1764 eooleeia„
730 1701 895 1763 utiterum
913 1702 1024 1783 videat*

88 1794 204 1864 quante
225 1787 264 1847 eit
285 1787 454 1846 necessitas
476 1785 603 1865 legitimi
627 1791 658 1845 et
679 1785 860 1847 universalia
878 1786 1009 1848 ooneilii.

88 1867 150 1930 Sed
173 1869 278 1947 timeo,
300 1876 437 1929 nostrum
460 1867 605 1929 eeoulum
620 1887 682 1928 non
705 1869 744 1928 eit
757 1867 882 1948 dignum
902 1869 1010 1930 donari

89 1951 179 2014 nobie
202 1951 280 2032 tale,
303 1951 357 2011 eed
381 1953 483 2032 potine
506 1957 537 2011 ιιι
559 1951 789 2031 operationibus
812 1953 923 2012 erroris
944 1952 1011 2012 illu-

88 2034 205 2114 damur,
225 2036 303 2094 siout
324 2037 489 2095 meruimus
500 2038 547 2111 ι).
1020 2048 1022 2055 “

357 2231 571 2291 Conclusio
593 2228 740 2291 XXVII.

172 2358 335 2418 Hominem
351 2359 540 2437 praedicant,
562 2360 613 2438 qni
626 2359 737 2436 statim,
761 2367 794 2418 ut
810 2360 907 2418 iaetus
925 2377 1010 2418 nurn-

90 2462 156 2501 mue
178 2441 209 2500 in
233 2442 340 2501 oietam
364 2443 507 2519 tinnierit,
531 2443 656 2502 evolare
678 2441 783 2502 dieunt
803 2443 947 2502 animam.

172 2524 335 2584 Hominem
349 2524 539 2604 praedicant,
560 2525 591 2585 id
607 2533 663 2602 eet,
685 2527 851 2586 venitatem
875 2530 906 2584 et
929 2544 1010 2586 men·

90 2607 193 2685 dacia,
225 2607 393 2667 seeundum
415 2607 505 2668 illud:
541 2609 647 2668 Omnia
678 2608 772 2670 homo
796 2607 946 2686 mendax,
981 2615 1011 2668 et
1048 2645 1051 2659 ·

89 2691 213 2751 iterum:
245 2691 371 2751 Venitne
401 2691 499 2750 omnis
534 2692 627 2752 homo
658 2692 777 2752 vivens.
828 2691 931 2770 Atque
952 2692 1011 2751 ieta

89 2774 204 2853 positio
226 2773 394 2834 seeundum
427 2793 526 2834 meam
559 2775 744 2836 sententiam
764 2794 827 2834 non
849 2780 921 2854 eget
941 2792 1010 2852 pro·

90 2857 230 2932 batione,
266 2856 412 2936 probatur
443 2863 546 2918 tamen
579 2876 634 2938 per
667 2865 847 2935 sequentem
874 2856 1012 2935 Gunela,

90 2940 162 3019 quie
183 2940 309 2999 arbitrio
323 2939 390 3017 Dei,
413 2948 444 3000 et
467 2941 573 3000 merito
597 2941 718 3000 animae
733 2940 816 3000 valet
834 2939 1010 3019 suffragium

90 3021 251 3083 ecelesiae.
280 3021 354 3082 ideo
378 3023 498 3082 etiamsi
520 3023 641 3083 illorum
665 3023 748 3084 esset
761 3042 835 3083 vere
849 3023 1011 3100 sententia,

90 3103 175 3186 quod
196 3124 251 3185 per
272 3105 397 3165 modum
431 3105 565 3185 euiiiagii
597 3112 742 3186 prosunt
776 3125 840 3167 non
866 3107 1012 3186 sequitur,

91 3187 174 3269 quod
198 3189 301 3248 stetim
323 3188 458 3259 evolent.

172 3270 284 3350 Primo,
307 3291 370 3332 non
393 3271 584 3352 suffragium,
608 3270 663 3346 eed
686 3270 842 3332 exauditio
878 3238 1015 3352 suffragii

91 3357 218 3433 eiueque
241 3373 350 3434 euaoep
354 3355 396 3416 tio
354 3355 538 3434 tliberat,
560 3375 629 3417 eum
651 3375 713 3415 non
738 3360 846 3416 orente
869 3353 1026 3435 ιιιιοιθιὶαἰ

90 3437 147 3498 sed
169 3443 318 3517 operante
288 3438 407 3499 tDeo
431 3438 605 3500 liberentur.

175 3519 328 3599 SecundO,
350 3523 496 3582 natural)
500 3542 553 3583 eus
577 3522 622 3581 sio
642 3523 715 3602 egit,
736 3527 770 3581 ιιι
758 3522 842 3582 teito
857 3520 1011 3598 exaudiat

163 3717 205 3785 1)
216 3718 246 3770 la
266 3716 309 3770 ed
328 3719 430 3785 prinu:
451 3691 520 3770 utra.
558 3714 635 3784 ajin
654 3715 696 3768 ed
706 3715 781 3769 len:
802 3731 866 3768 vere
885 3713 1028 3783 probata.-

164 3789 241 3890 *)2.
260 3790 358 3844 Theea
377 3789 404 3843 2.
1023 3827 1026 3830 »
