2356 4200
444 309 471 353 a
490 294 562 353 1s17
577 260 676 353 naara.
811 351 814 358 ,
963 290 1025 359 181

103 463 198 544 igitur
217 460 421 527 differentiam
444 465 581 527 cordium
604 463 832 545 eroupiditaris
858 464 1017 527 videamus

104 554 139 607 ut
160 547 255 608 eorde
276 547 449 609 erudiamur
469 549 501 608 in
524 549 682 629 sapientia.
721 546 844 608 Certum
866 555 923 627 est,
945 510 1028 628 quod

105 627 151 691 illi
175 628 393 691 desiderabant
413 630 567 693 Christum
589 630 628 692 ad
650 650 705 692 eos
727 630 863 711 ingredi,
890 631 1027 711 alioquin

104 718 362 790 murmurassent,
395 714 477 794 quod
506 715 546 776 ad
567 712 741 775 Zachaeum
771 714 928 794 ingressus
949 713 1025 793 fuir3

104 794 161 856 sed
191 814 248 858 cor
280 815 387 857 eorum
418 797 474 858 luit
505 816 682 878 perversum
719 802 750 856 et
777 816 905 876 vanum,
945 796 1027 877 quod

104 878 242 939 Christus
264 878 355 956 vidit,
376 881 435 960 ipsi
462 887 565 942 autem
587 899 650 943 non
671 879 823 942 viderunt.
865 878 953 940 Nam‘
973 898 1029 942 cor

104 980 212 1023 eorum
233 962 290 1023 luit
311 962 389 1041 tale,
422 963 505 1043 quod
536 983 570 1025 se
596 962 706 1044 dignos
728 961 895 1024 credebant
916 961 1027 1025 Christi

103 1044 257 1123 adventu,
289 1063 327 1104 ao
354 1065 410 1125 per
436 1046 498 1107 hoc
519 1048 682 1108 voluerunt
702 1065 758 1125 per
780 1044 892 1106 Christi
912 1046 1027 1126 ingres-

103 1147 172 1188 snm
204 1147 291 1188 suani
321 1126 502 1209 dignitatem
536 1129 661 1210 probari
696 1135 728 1189 et
762 1126 972 1189 commendari
1007 1148 1028 1189 a

103 1216 191 1271 tanto
213 1210 376 1291 propheta,
399 1218 432 1272 ιιι
453 1211 618 1273 diceretur:
647 1211 731 1271 Ecce
753 1211 860 1291 quanti
882 1216 953 1272 sunt
973 1211 1028 1290 illi,

103 1293 142 1353 ad
165 1311 244 1373 quos
274 1298 377 1354 tantus
403 1295 591 1375 ingreditur!
626 1293 678 1356 Sic
705 1295 750 1354 sic
783 1313 870 1354 suam
897 1293 1027 1375 gloriam

103 1383 135 1436 et
156 1395 232 1437 suae
255 1377 391 1438 iustitiae
413 1397 559 1458 pompam
580 1379 612 1437 in
632 1376 754 1437 Christo
776 1376 975 1457 quaerebant,
998 1383 1030 1440 et
1076 1455 1079 1458 ἦ

103 1477 183 1538 quae
206 1478 262 1519 sua
284 1465 363 1520 sunt.
405 1459 550 1521 Nondum
572 1466 659 1522 erant
689 1460 777 1520 vacui
806 1466 837 1520 et
862 1461 970 1521 inanes
992 1478 1028 1522 aa

102 1543 188 1622 ipsis,
209 1542 344 1622 ideoque
365 1542 517 1605 indefensi
540 1549 626 1623 sunt,
661 1541 743 1622 quod
773 1561 836 1604 non
860 1561 915 1604 eos
937 1542 1028 1624 glori·

103 1623 209 1685 ficavit
229 1644 286 1686 suo
308 1627 458 1706 ingressu,
483 1625 636 1705 dicentes,
665 1625 747 1704 quod
770 1626 809 1685 ad
831 1631 1028 1705 peccatoram

103 1706 298 1786 divertisset,
329 1710 417 1788 quasi
450 1708 603 1771 dicerent:
639 1707 716 1770 Sunt
747 1708 798 1769 hic
831 1708 918 1768 multi
956 1709 1028 1769 insti

102 1796 190 1851 tanta
222 1790 324 1871 gloria
355 1791 435 1852 bene
464 1792 565 1873 digni,
600 1797 631 1852 et
662 1797 858 1871 peccatorem
886 1791 1027 1871 praele'rt

102 1872 184 1934 Vide
204 1892 291 1954 ergo,
314 1873 386 1953 quid
407 1875 501 1936 faciat
521 1875 614 1937 stulta
636 1873 789 1954 superbia,
819 1892 909 1953 quam
933 1874 1027 1935 mani·

103 1956 184 2018 festa
204 1956 360 2036 praeferat
386 1965 530 2038 peccata,
560 1958 679 2019 scilicet
711 1957 824 2018 indicia
855 1957 1028 2036 temeraria,

103 2039 323 2118 detractiones,
345 2040 477 2102 invidias
500 2048 532 2101 et
551 2042 621 2104 iras.
665 2039 731 2119 Sic,
764 2041 808 2099 sic
830 2038 967 2100 Christus
996 2041 1028 2101 in

104 2123 227 2202 signum
250 2123 503 2184 contradictionis
535 2125 671 2204 ponitur,
707 2128 741 2182 ut
767 2122 942 2183 revelentur
963 2142 1028 2184 oor-

106 2205 189 2265 dium
213 2206 429 2285 cogitationes.
472 2206 548 2281 Quis
571 2208 652 2266 enim
675 2212 783 2267 nosset
803 2224 859 2266 eoa
884 2206 957 2266 talia
978 2224 1027 2267 ao·

103 2289 213 2369 gitare,
235 2288 294 2348 nisi
316 2288 453 2349 Christus
472 2289 669 2350 revelasset?
701 2288 768 2348 Nec
787 2290 953 2367 ipsummet
974 2307 1028 2351 cor

102 2371 192 2431 novit
219 2389 254 2430 se
281 2371 356 2431 talia
382 2374 528 2452 cogitare,
551 2373 652 2433 donec
673 2371 916 2433 contradictione
937 2370 1026 2432 huius

104 2453 184 2532 signi
204 2453 367 2513 reveletur.
410 2454 548 2515 Christus
571 2463 758 2516 autemnon
791 2455 889 2533 venit,
922 2461 955 2516 ιιι
983 2459 1025 2515 te·

103 2537 281 2597 stimonium
302 2537 463 2617 perhibeat
484 2539 627 2617 vanitati,
655 2546 688 2599 ut
714 2538 866 2618 approbet
891 2545 923 2598 et
943 2537 1025 2598 iusti·

103 2618 175 2679 licet
206 2624 237 2678 et
263 2619 416 2699 glorificet
441 2623 572 2682 iustitias
606 2630 637 2682 et
666 2620 836 2700 probitates
858 2620 1025 2700 hominum,

104 2700 161 2760 sed
194 2707 229 2760 ut
262 2701 415 2782 glorificet
442 2704 564 2764 Patrem
599 2724 704 2764 suum:
741 2721 805 2762 non
834 2701 872 2763 ad
895 2703 1025 2783 gloriam

102 2785 239 2845 iustitiae
260 2792 403 2864 nostrae,
433 2782 487 2846 sed
510 2787 548 2846 ad
580 2787 711 2866 gloriam
739 2785 976 2849 misericordiae.
996 2792 1028 2845 et

104 2868 223 2947 gratiae
252 2886 343 2946 suae,
375 2875 408 2928 ut
437 2870 597 2948 apostolus
628 2869 679 2928 ait.
721 2867 796 2927 Ideo
832 2886 893 2928 non
924 2873 1028 2948 potest

103 2951 210 3010 venire
239 2949 277 3010 ad
306 2969 377 3027 eos,
411 2954 462 3030 qui
491 2971 561 3012 sese
589 2951 699 3032 dignos
732 2957 763 3009 et
788 2951 886 3010 iustos
908 2956 1027 3029 putant,

105 3031 160 3093 sed
184 3033 398 3093 tantummodo
421 3034 459 3093 ad
482 3036 611 3095 miseros
635 3041 665 3093 et
690 3031 918 3093 misericordiae
945 3033 1027 3114 eupi-

106 3114 164 3175 dos
188 3120 220 3174 et
241 3117 339 3194 gratia
359 3116 513 3197 indignos.
557 3117 608 3178 Sic
628 3123 729 3196 patet,
759 3115 915 3194 quomodo
938 3115 1028 3177 simul

105 3198 268 3277 cupierunt
289 3201 321 3258 et
340 3218 402 3259 non
426 3201 587 3279 cupierunt
609 3199 778 3276 Christum,
816 3199 888 3277 quia
917 3217 1026 3260 conou-

104 3281 225 3360 piscere
254 3281 314 3341 isto
342 3281 451 3361 modo,
484 3282 603 3343 scilicet
630 3283 861 3362 perseipsum
884 3280 1028 3342 etfinem

104 3363 224 3443 gloriae
246 3382 330 3441 suaa,
353 3371 400 3424 est
421 3366 523 3444 potius
546 3385 608 3426 non
632 3366 860 3444 concupiscere.

188 3445 348 3506 Zachaeus
376 3454 479 3517 autem
508 3466 571 3511 non
606 3447 750 3527 cupiebat
776 3447 888 3507 Christi
917 3446 1028 3508 adven·

106 3536 180 3605 tum,
203 3535 358 3589 ettamen
381 3530 538 3610 cupiebat:
570 3531 653 3610 quod
683 3550 746 3591 non
769 3529 912 3610 cupiebat
933 3536 1027 3611 patet,

106 3612 178 3690 quia
201 3611 342 3674 ascendit
369 3620 487 3674 tantum
515 3621 549 3674 ut
574 3613 693 3674 videret
714 3613 929 3691 transiturum,
964 3631 1027 3674 non

105 3702 208 3755 autem
231 3696 462 3776 praesumebat,
496 3717 555 3758 nec
582 3696 716 3758 audebat
743 3714 856 3776 cupere
876 3697 1028 3776 ingressu·

104 3797 181 3840 rum.
223 3777 313 3842 Patet
342 3781 425 3842 enim
452 3781 630 3861 manifeste,
659 3780 742 3861 quod
763 3799 827 3841 non
847 3799 881 3842 se
903 3779 1029 3864 dignum
