2356 4200
19 910 26 936 Ι
138 869 215 928 cari.

20 300 22 305 ’
135 279 198 348 396
408 285 480 336 Acte
495 282 581 335 Hert·
593 280 670 334 uum.
688 281 834 350 Augustae

136 450 308 513 Carmelitis
337 451 411 513 satis
433 469 585 531 superque
616 450 724 511 fuerim
752 451 866 510 elsim
899 469 1053 529 onerosus,

137 536 270 596 maxime
300 553 370 595 cum
402 534 658 596 reverendissima
691 534 862 614 paternitas
900 539 956 596 tua
976 535 1054 595 milri

135 620 295 679 vivavoce
318 617 477 696 mandarit,
500 625 542 696 ut,
565 616 718 678 ainollem
732 635 894 693 revocare,
916 637 984 678 non
997 617 1054 679 red·

137 703 213 762 irem
234 702 265 761 in
287 707 486 782 conspectum
509 700 668 762 reverend.
699 701 763 761 Pat.
793 707 877 761 tuae.
900 701 1054 763 Revocare

137 784 263 864 quidet
293 790 437 864 quantum
460 784 597 862 valeam,
633 782 786 864 prioribus
813 783 914 844 literis
951 783 1054 864 signiti-

218 949 325 1031 ltaque
340 960 428 1011 nuuc
449 949 549 1026 abac,
579 950 692 1011 etalio
715 968 765 1009 me
786 948 860 1011 loco
883 951 1054 1031 provisurus

138 1033 246 1114 migro,
290 1033 534 1113 utquomque
566 1032 638 1093 mihi
661 1031 836 1094 consultum
861 1040 934 1111 est,
956 1033 995 1096 ab
1015 1034 1055 1095 his

137 1117 245 1193 etiam,
282 1118 332 1195 qui
361 1117 410 1176 vel
440 1117 572 1180 maiores
595 1135 644 1177 me
665 1134 791 1177 movere
811 1124 970 1196 possunt,
991 1124 1056 1178 uta

136 1198 391 1261 reverendissima
419 1201 602 1279 paternitate
622 1206 695 1276 tna,
727 1200 790 1260 imo
819 1201 1054 1262 uetustissimo

137 1282 262 1344 domino
284 1289 389 1345 nostro
412 1282 516 1343 Leone
538 1283 575 1343 X.
599 1282 679 1343 male
700 1282 866 1343 informato
889 1283 932 1344 ad
954 1284 1055 1346 melius

136 1365 361 1427 informandum
393 1363 476 1447 (scio
500 1367 581 1426 enim
604 1364 686 1446 qnod
710 1366 840 1446 principi
863 1372 976 1429 nostro
997 1367 1056 1428 illu·

136 1449 285 1509 strissimo
308 1453 428 1529 gratum
450 1449 598 1509 iacturum
621 1448 807 1529 appellando
838 1452 941 1531 magis
972 1469 1055 1529 quam

135 1529 329 1604 revocando)
355 1551 394 1612 ap
419 1532 519 1594 ellem.
552 1532 670 1592 Tamen
692 1537 838 1613 qnantum
863 1532 896 1592 iu
920 1552 973 1635 mp
993 1534 1056 1594 fuis

52 1662 56 1670 .
136 1620 199 1690 set,
220 1633 283 1675 non
305 1551 528 1695 appellassent,
551 1615 695 1694 primum,
729 1612 811 1694 quod
835 1614 912 1676 milri
934 1635 999 1677 non
1020 1617 1056 1676 vi·

136 1696 244 1758 deatur
264 1698 440 1757 necessaria
462 1698 628 1777 appellatio
651 1698 699 1758 vel
728 1699 908 1760 commissio
933 1699 974 1761 ad
996 1720 1056 1781 par·

135 1786 192 1858 tes,
214 1799 282 1840 curn
305 1799 381 1861 ego,
403 1786 437 1841 ut
458 1778 536 1858 dixi,
561 1782 664 1841 omnia
684 1782 715 1840 in
737 1781 882 1842 iudicium
908 1783 1056 1844 eeclesiae

47 1923 50 1930 ,
134 1862 308 1938 retulerim,
343 1869 374 1923 et
396 1882 458 1924 non
480 1865 542 1923 nisi·
561 1865 744 1924 sententiam
773 1865 839 1924 eius
868 1873 1055 1947 exspectem.

136 1945 216 2022 Quid
239 1947 319 2006 enim
342 1946 422 2007 ultra
442 1946 544 2008 facere
567 1946 688 2025 debeo,
710 1954 763 2007 aut
783 1946 886 2008 lacere
910 1950 1056 2030 possum?

135 2030 244 2109 Neque
265 2031 345 2099 euim
369 2048 418 2090 me
441 2049 494 2091 reo
517 2037 570 2090 aut
589 2048 776 2110 responsore
805 2049 885 2110 opus
910 2038 980 2112 est,
1010 2032 1056 2113 qui

135 2132 198 2174 non
221 2111 292 2192 quid
325 2131 385 2194 ego
415 2112 493 2190 dixi,
531 2112 585 2174 sed
614 2112 686 2192 quid
717 2114 850 2174 eeclesia
878 2113 1003 2176 dictura
1023 2115 1058 2176 sit

135 2195 275 2274 attendo,
297 2214 356 2256 nec
377 2195 569 2257 adversarius
590 2196 787 2273 contendere,
810 2195 864 2257 sed
889 2197 1057 2281 discipulus

137 2277 243 2339 audire
265 2278 349 2340 volo.

219 2360 354 2440 Deinde,
377 2361 459 2442 quod
482 2360 554 2420 mibi
574 2379 658 2447 pene
681 2381 860 2444 persuasum
885 2370 951 2442 est,
981 2365 1058 2426 hanc

137 2463 260 2506 causam
282 2444 487 2506 reverendiss.
509 2446 684 2526 paternitati
709 2451 779 2506 tuae
792 2463 862 2506 esse
883 2447 1057 2523 molestam,

137 2535 168 2590 et
197 2526 437 2610 appellationem
467 2528 685 2609 gratissimam,
719 2528 853 2607 ideoque
886 2530 971 2591 sicut
1000 2550 1058 2593 uon

136 2630 266 2688 mereor,
287 2610 331 2670 ita
350 2630 410 2671 nec
430 2611 538 2672 timere
548 2610 648 2672 habeo
669 2630 822 2691 censuras,
845 2613 904 2672 etsi
929 2632 994 2695 ego
1006 2613 1058 2676 Dei

136 2695 236 2777 gratia
256 2693 326 2754 talis
354 2695 433 2777 sim,
462 2700 496 2754 ut
518 2713 663 2755 censurae
685 2695 779 2775 longe
801 2696 903 2771 minus
924 2698 1058 2774 timeam,

136 2796 227 2857 quam
251 2796 369 2839 errores
392 2783 423 2838 et
444 2778 557 2838 malam
579 2778 609 2838 in
632 2777 693 2838 ilde
716 2779 914 2858 opinionem,
948 2781 1058 2856 sciens,

136 2859 218 2938 quod
241 2879 370 2921 censura
393 2880 455 2921 non
478 2868 580 2940 uocet,
601 2862 664 2923 imo
687 2861 822 2940 prodest,
845 2861 869 2921 si
890 2863 1059 2924 senalldes

136 2947 167 3002 et
188 2944 323 3004 veritatis
346 2962 454 3005 seusus
478 2962 598 3005 mecum
620 2944 719 3005 fuerit.

218 3024 321 3100 Quare
349 3045 404 3107 per
426 3026 536 3087 Christi
567 3027 698 3104 viscera,
734 3034 766 3086 et
791 3026 946 3105 insignem
979 3034 1059 3089 tuam

136 3107 210 3168 mihi
245 3109 412 3170 exhibitum
449 3109 644 3170 clementiam
672 3128 768 3190 rogo,
802 3108 950 3189 dignetur
983 3111 1061 3173 hanc

136 3209 237 3252 meam
257 3191 463 3253 obedientiam
484 3192 643 3272 hucusque
664 3193 841 3274 praestitam
869 3199 903 3253 et
926 3194 1060 3277 comple

136 3279 197 3334 tam
221 3276 359 3356 gratiose
380 3294 561 3357 agnoscere,
585 3281 616 3335 et
637 3275 830 3338 sanctissimo
853 3273 988 3341 domino
1012 3297 1061 3340 no·

136 3361 199 3418 stro
220 3376 322 3439 papae
343 3357 516 3439 benigniter
535 3359 783 3421 commendatum
805 3358 931 3440 faeere,
972 3370 1061 3442 etque

135 3437 216 3499 hanc
237 3458 337 3502 meam
359 3440 529 3503 abitionem
563 3449 594 3503 et
615 3443 872 3524 appellationem,
907 3464 967 3524 pro
993 3450 1060 3506 sires

136 3523 319 3584 necessitate
347 3530 379 3585 et
407 3526 575 3588 amicorum
604 3529 768 3590 autoritate
789 3535 948 3607 paratam,
990 3528 1061 3592 boui

135 3605 307 3667 consulere.
349 3607 426 3669 Nam
468 3629 573 3671 eorum
603 3630 667 3672 vox
696 3617 727 3672 et
762 3610 840 3670 ratio
870 3609 949 3672 mihi
986 3612 1062 3674 insu·

134 3685 279 3768 perabilis
301 3695 349 3751 est
360 3690 454 3753 haec:
478 3691 559 3769 Quid
571 3696 604 3757 tu
625 3691 806 3755 revocabis?
828 3690 993 3775 Numquid
1016 3703 1063 3758 tus

132 3772 335 3837 revocatione
357 3773 447 3838 uobis
468 3775 571 3858 legem
594 3774 664 3836 fidei
687 3774 826 3835 statues?
854 3774 1000 3841 Damnet
1020 3797 1063 3842 eo
