2356 4200
128 271 170 341 16
231 293 234 296 ’
379 267 538 346 Responsio
559 279 593 331 D.
611 279 690 336 Mart
711 260 822 335 Lntlreri

128 467 149 508 a
170 446 330 509 Salvatore
350 448 502 510 intentum
524 446 639 509 habere
661 468 795 528 sensum,
817 446 945 527 scilicet,
968 445 1050 526 quod

129 531 229 592 omnis
260 530 388 590 interior
417 531 610 609 poenitentia
644 541 790 611 operatur
820 530 922 592 varias
951 531 1048 589 carnis

54 671 57 678 .
129 611 381 674 mortificationes
403 614 546 691 exterius,
569 614 600 674 id
623 623 679 693 est,
702 634 758 695 pro
768 604 847 676 ioco
865 618 898 673 et
910 621 1048 692 tempore

129 704 187 758 etc.
231 694 353 756 Gratias
375 715 435 776 ago
456 695 592 775 tandem,
615 699 687 777 quia
708 697 848 761 defendis
871 715 929 758 me.

127 809 130 819 ·
210 778 270 838 llic
290 778 514 839 concordamus
536 779 742 859 aliquantum,
772 781 827 842 sed
857 797 978 841 rursum
1006 797 1049 838 re-

127 869 221 942 pente
243 860 406 938 dissentis,
428 861 551 922 dicens:
594 862 654 924 Hic
675 872 777 924 antem
801 880 910 924 sensus
933 861 988 923 tibi
1009 863 1049 920 vi-

127 944 216 1006 detur
237 943 446 1024 impossibilis.
489 944 547 1004 Hie
568 963 643 1025 ego:
677 946 744 1007 Tibi
766 947 887 1007 videtur
907 945 1049 1023 impossi-

127 1027 213 1107 bilis,
243 1028 316 1088 mihi
337 1046 411 1088 vero
435 1037 482 1088 est
502 1047 566 1088 non
589 1035 706 1089 tantum
729 1029 901 1108 possibilis,
936 1026 991 1087 sed
1019 1035 1049 1089 et

127 1112 230 1172 inesse
251 1130 388 1190 semper,
419 1118 452 1170 ut
481 1112 680 1190 peripatetice
702 1119 802 1172 tecum
826 1113 949 1192 loquer,
979 1111 1050 1188 quie

128 1196 233 1255 omnia
253 1194 325 1253 iusti
347 1212 443 1273 opera
464 1201 535 1254 sunt
556 1196 822 1274 poenitentiae*),
844 1195 875 1255 id
902 1201 965 1272 est,
987 1213 1049 1253 mu·

127 1279 260 1339 tationes
299 1282 330 1336 et
356 1278 576 1337 renovationes
606 1277 646 1338 de
678 1277 729 1339 die
759 1279 791 1338 in
820 1278 912 1339 diem.
965 1275 1050 1337 Haec

126 1368 230 1421 autem
253 1378 317 1419 non
340 1359 500 1438 possibilia
522 1359 626 1440 modo,
650 1362 703 1420 sed
726 1362 903 1422 necessaria
925 1377 1048 1438 quoque

127 1450 217 1520 sunt,
240 1443 299 1502 uisi
321 1443 363 1502 sis
386 1441 425 1502 da
447 1444 617 1522 nonaginta
640 1463 751 1504 novem
774 1446 879 1522 iustis,
902 1443 956 1523 qui
977 1460 1049 1522 poe·

126 1527 260 1586 nitentia
281 1544 344 1585 non
364 1525 513 1606 indigent,
536 1532 590 1586 aut
611 1528 712 1586 socius
726 1527 891 1604 Pharisaei,
912 1527 965 1604 qui
986 1543 1048 1585 non

129 1615 177 1669 est
206 1610 285 1668 sicut
313 1609 406 1669 ceteri
434 1609 602 1669 hominum.
645 1609 724 1669 Nam
745 1628 895 1670 nuscum
918 1608 1050 1668 ecclesis

128 1693 338 1772 congemimus
375 1690 581 1770 assidue**):
625 1691 734 1753 Erravi
763 1694 842 1753 sicut
869 1693 945 1766 ovis,
971 1709 1049 1770 quae

126 1776 232 1856 periit,
266 1793 378 1854 quaere
407 1795 528 1836 servum
561 1782 657 1836 tuum.
709 1776 750 1835 Et
784 1795 854 1836 cum
882 1774 1047 1854 publicano

125 1877 236 1919 vocem
258 1859 381 1918 turturis
404 1877 566 1918 sonamus:
607 1858 690 1918 Deus
710 1859 862 1938 propitius
885 1865 953 1918 esto
976 1856 1048 1917 mihi

126 1942 294 2021 peccatori.
342 1940 382 2000 Et
409 1961 478 2000 cum
510 1939 607 2002 flios-2
636 1942 786 2002 Veremur
815 1942 921 2002 omnia
952 1959 1049 2020 opera

89 2028 92 2034 '
127 2031 243 2103 nostra,
266 2030 310 2086 et:
338 2024 464 2084 Dimitte
486 2023 576 2085 nobis
597 2022 700 2084 debita
721 2031 837 2102 nostra,
861 2043 930 2083 cum
954 2023 1048 2084 omni·

127 2107 184 2169 bus
207 2107 325 2168 Sanctis
348 2106 492 2185 dicimus,
525 2126 588 2167 non
615 2108 715 2167 solnm
737 2107 848 2185 verbo,
877 2105 934 2167 sed
955 2105 1048 2167 corde

127 2197 159 2250 et
171 2209 275 2270 opere.
304 2190 432 2269 Semper
449 2192 530 2249 enirn
552 2191 584 2248 in
606 2191 716 2251 timore
728 2190 785 2250 Dei
807 2191 937 2269 agimus,
959 2191 1048 2250 timor

40 2322 47 2334 ,
127 2280 228 2333 autem
243 2273 426 2352 principium
440 2280 488 2333 est
502 2273 671 2352 sapientiae
681 2273 770 2353 ***),
792 2271 824 2332 id
840 2280 897 2351 est,
920 2272 1046 2332 mutatio

127 2356 166 2416 de
195 2357 372 2435 insipientia
400 2356 439 2415 ad
467 2357 666 2435 sapientiam,
700 2375 779 2435 quae
809 2363 855 2415 est
888 2357 1047 2415 verissima

126 2440 328 2519 poenitentia.
375 2439 478 2499 Factis
505 2438 641 2499 ostendit
669 2458 703 2498 se
732 2457 795 2498 uon
813 2456 915 2518 regere
943 2437 1047 2518 poeni·

126 2523 223 2582 tentia
247 2519 308 2604 (ait
327 2522 537 2599 Bernardusl,
565 2523 616 2600 qui
645 2541 706 2582 non
736 2520 860 2582 assidue
881 2521 921 2580 ad
945 2521 1046 2600 poeni-

126 2607 253 2666 tentiam
291 2606 425 2665 festinat.
483 2605 580 2665 Tuam
618 2611 720 2664 tamen
760 2605 946 2665 sententiam
984 2622 1045 2685 non

125 2689 249 2767 damnn,
272 2690 323 2767 qui
345 2707 408 2748 non
430 2689 542 2749 novisti
563 2687 664 2764 aliam,
688 2706 778 2766 qnam
793 2687 1046 2748 sacramentalem

125 2772 209 2832 illam
233 2780 264 2832 et
284 2772 390 2831 nescio
413 2780 527 2850 quanto
552 2778 689 2850 tempore
712 2768 862 2830 duntaxat
875 2769 1043 2830 durantem.

125 2855 190 2916 Nos
212 2874 270 2915 nec
291 2854 468 2914 continuam
493 2857 584 2914 istam
614 2871 736 2934 semper
764 2855 814 2934 agi
836 2873 855 2913 a
876 2853 968 2913 nobis
991 2870 1044 2932 pro

126 2938 229 2998 debito
253 2937 393 2999 dolemus
417 2945 447 2997 et
469 2935 665 3013 eonfitemur,
698 2936 769 2996 ideo
803 2943 833 2996 et
853 2938 1045 3015 poenitemus

126 3021 216 3080 simul
238 3028 268 3080 et
289 3040 351 3081 non
375 3022 567 3100 poenitemus
591 3021 673 3081 satis.

207 3103 306 3183 Haec,
336 3123 429 3183 rogo,
462 3101 679 3163 verbosissime
701 3122 720 3162 a
742 3121 791 3162 me
823 3105 954 3162 mactata
975 3100 1044 3162 boni

126 3187 280 3265 consulas,
303 3188 375 3265 quia
395 3188 602 3246 necessarium
625 3187 680 3245 suit
693 3185 857 3246 ostendere
874 3185 937 3264 tibi,
956 3202 1043 3263 quarn

124 3270 199 3332 nihil
222 3290 306 3330 meas
330 3272 500 3350 positiones
523 3287 667 3348 caperes,
700 3276 731 3328 et
766 3287 857 3346 quam
879 3268 992 3328 frustra
1009 3285 1044 3327 ex

125 3360 188 3414 tam
215 3353 345 3413 infirmis.
375 3353 533 3433 principiis
560 3358 657 3412 totum
686 3351 767 3410 huno
795 3351 961 3431 Dialogum
998 3349 1044 3410 de·

126 3436 258 3499 duxeris.
315 3437 397 3496 Nihil
427 3437 518 3497 video
549 3435 687 3495 relictum
714 3435 746 3493 in
776 3433 927 3515 Dialogo,
966 3429 1044 3513 quod

124 3608 540 3625 *mnu

197 3717 227 3782 ⁹)
248 3714 348 3767 Omnia
365 3715 430 3767 iusti
449 3729 535 3781 opera
550 3716 614 3765 sunt
626 3711 821 3779 poenitentiae.
861 3706 920 3772 *Ὗ
933 3709 974 3760 Ps.
988 3703 1041 3759 119.

121 3789 186 3846 Luc.
209 3788 249 3845 17.
287 3785 359 3840 Hiob
378 3787 405 3843 9.
433 3783 508 3851 Ψ)
530 3783 622 3841 Psalrn
645 3784 702 3836 111.

244 3934 254 3960 ί
