2356 4200
450 291 681 351 attremuit
981 282 1043 354 10t

96 550 99 559 .
141 460 265 559 luno
278 397 743 675 Dmimmfflpppm
764 463 864 582 post
886 456 1043 559 'lriuit

135 728 170 790 dc
199 730 309 792 vitiis
340 727 577 811 capitalibus
603 729 640 789 in
667 714 804 790 merito
828 722 985 809 operum
1007 733 1045 791 st

158 813 350 895 opinione
373 812 601 874 sanctitatis
629 831 669 873 se
691 810 1012 888 efferentibus.*)

203 949 295 1011 Bene
321 950 429 1011 omnia
453 949 527 1010 fecit
551 954 610 1010 eto.
660 947 746 1010 Sicut
772 966 917 1010 sermone
943 949 1043 1030 primo

130 1029 245 1109 dictum,
292 1030 356 1094 uod
377 1051 441 1093 nou
461 1030 644 1093 affirmative
653 1030 823 1112 praecepit
834 1032 927 1105 Deus,
946 1050 1043 1091 unum

127 1114 217 1175 Deum
239 1115 284 1176 ha
366 1161 374 1192 ,
397 1114 452 1176 sed
471 1115 631 1195 negative,
654 1134 694 1175 ne
720 1116 853 1176 alienum
876 1114 1044 1176 habeamus

126 1197 229 1277 Deum,
240 1196 328 1277 quod
342 1202 465 1278 praeter
473 1199 625 1260 rationem
638 1197 752 1259 ibidem
765 1198 889 1276 dictum,
908 1196 992 1280 quod
1004 1195 1045 1257 ed

125 1288 323 1360 praeceptum
344 1281 522 1361 negativum
544 1300 584 1341 ex
604 1280 664 1341 illis
687 1281 769 1341 cadit
789 1301 882 1361 super
901 1282 964 1341 iam
984 1281 1045 1340 fao·

125 1371 183 1423 tum
205 1371 239 1424 et
254 1362 417 1427 excellens
438 1369 614 1443 peccatum:
636 1363 708 1424 ideo
731 1384 769 1426 eo
791 1366 871 1445 ipso,
893 1383 954 1444 quo
975 1358 1045 1445 p'ro·

124 1445 205 1507 bibet
211 1446 301 1508 Deos
310 1447 432 1508 alienos
445 1445 569 1522 habere,
582 1445 789 1509 iudicatDeos
801 1448 921 1508 alienos
928 1447 1045 1527 haberi,

125 1529 202 1608 quod
217 1529 374 1609 prohibet,
390 1530 463 1608 quia
473 1529 622 1608 displicet.
645 1529 717 1590 Alia
731 1531 822 1591 etiam
833 1532 981 1611 reticeat,
994 1535 1045 1609 u'e,

124 1611 344 1673 daffirmative
354 1612 555 1692 praeciperet,
568 1611 724 1673 videretur
733 1613 906 1693 relinquere
916 1613 1046 1674 liberum

125 1696 214 1755 etiam
236 1695 343 1775 plures
364 1694 485 1756 heberi:
507 1696 588 1774 quia,
610 1696 663 1774 qui
676 1697 826 1776 praecipit
842 1717 935 1756 uuum
946 1696 1046 1758 Deum

123 1777 227 1839 baberi
250 1784 357 1858 potest
373 1777 480 1853 audiri,
498 1779 589 1839 etiam
602 1779 732 1859 sipiares
746 1799 838 1858 quam
849 1780 934 1840 illum
951 1799 1044 1840 unum

124 1859 237 1921 hebeat
245 1860 407 1939 obediens,
416 1867 450 1921 ut
459 1862 510 1939 qui
521 1862 673 1941 praecipit
688 1882 782 1923 unum
800 1862 957 1924 denarium
969 1863 1044 1942 dari,

125 1960 186 2003 non
211 1940 396 2024 intelligitur
416 1943 580 2024 prohibere
601 1945 703 2024 plures
725 1945 806 2025 dari,
829 1953 860 2006 et
878 1946 942 2008 hoc
963 1944 1045 2026 apud

123 2025 266 2086 rudiores
297 2027 529 2106 intelligentias.
574 2027 672 2108 Igitur
692 2036 726 2088 ut
746 2028 787 2089 ibi
811 2028 888 2106 dixi,
925 2034 956 2088 et
984 2047 1045 2088 ser-

124 2128 219 2169 mone
242 2109 452 2189 praeoedeuti,
474 2109 557 2187 quod
578 2110 664 2170 Deus
684 2109 761 2187 fide,
789 2130 845 2190 ape
867 2116 898 2170 et
919 2111 1046 2170 caritate

125 2190 257 2269 colitur,
292 2198 324 2252 et
358 2192 411 2269 qui
439 2191 524 2251 audit
556 2193 621 2252 eius
653 2211 762 2253 vocem
784 2200 833 2253 est
853 2194 920 2254 sine
933 2193 1045 2255 -alieno

127 2274 205 2350 Deo,
231 2273 376 2353 quicquid
398 2280 502 2343 autem
525 2274 607 2334 eliud
636 2282 758 2354 praeter
779 2275 878 2336 Deum
900 2276 1044 2356 diligitur,

127 2363 283 2436 speratur,
313 2355 505 2436 possidetur,
531 2364 580 2418 est
604 2357 731 2418 idolum.
778 2359 852 2420 Ideo
883 2367 931 2421 tot
951 2359 1044 2438 idola,

126 2446 202 2516 quot
223 2438 347 2500 dilecta.
390 2441 418 2499 A
441 2458 502 2518 qua
523 2439 584 2500 fide
605 2448 636 2501 et
658 2442 739 2502 oultu
760 2441 821 2502 Dei
847 2444 978 2522 primum
999 2462 1044 2502 re

125 2529 220 2582 vocat
258 2523 435 2602 superstitio
472 2522 647 2602 multiplex,
690 2525 827 2585 secundo
861 2525 1046 2604 temporalia

124 2603 217 2683 bona,
235 2606 337 2682 tertio,
351 2604 464 2683 deque
481 2625 562 2665 nunc
574 2607 682 2686 agitur,
695 2609 809 2668 iustitia
830 2615 862 2668 et
883 2608 1043 2687 sapientia.

124 2686 182 2747 Hic
204 2695 308 2747 autem
330 2687 510 2766 notandum,
528 2689 612 2767 quod
622 2709 685 2751 non
697 2690 897 2769 prohibentur
911 2691 1045 2751 iustitiae

124 2769 190 2829 fieri
213 2776 245 2831 et
267 2770 350 2831 bona
371 2789 482 2850 opera,
511 2771 566 2832 scd
594 2772 708 2833 debent
733 2774 801 2834 sine
827 2774 1045 2853 superstitione

125 2851 202 2931 fieri,
224 2853 255 2913 id
278 2859 327 2914 est
346 2853 510 2930 humiliter,
532 2856 642 2915 nonin
665 2875 702 2915 ee
720 2856 916 2933 confidendo,
937 2863 991 2915 eut
1007 2875 1046 2916 ee

124 2935 271 3013 amando,
292 2935 463 3015 reputando
477 2957 552 3016 prae
573 2939 746 2999 auroreDei
768 2944 800 3000 et
820 2941 887 3020 spei
900 2941 930 2999 in
947 2939 1043 3000 illum.

125 3017 205 3079 Nam
232 3020 277 3078 sio
299 3025 347 3078 est
368 3019 511 3079 iudicium
536 3020 610 3096 Dei,
640 3021 721 3100 quod
750 3022 834 3084 bona
867 3041 963 3101 opera
989 3042 1046 3103 per
1103 3092 1105 3097 ,

126 3101 301 3180 superbiam
323 3101 400 3161 tiuut
422 3103 524 3162 stetim
546 3103 630 3180 nihil,
652 3111 683 3164 et
704 3105 786 3165 mala
808 3124 905 3186 opera
924 3124 980 3185 per
990 3105 1044 3165 hu-

127 3183 288 3244 militatem
317 3182 395 3244 fiunt
423 3186 529 3245 statim
560 3186 645 3249 nihil.
693 3187 842 3268 Superbia
864 3195 966 3249 autem
988 3196 1045 3267 est,

128 3266 160 3325 in
182 3285 222 3325 ea
243 3265 415 3344 confidere,
449 3267 585 3347 gaudere
606 3269 645 3329 de
666 3270 741 3348 illis,
774 3272 898 3351 placere
929 3269 986 3332 sibi
1012 3273 1043 3331 in

127 3348 198 3408 illis.
241 3348 332 3409 Ratio
356 3356 412 3427 est,
436 3351 508 3428 quia
529 3370 600 3431 spes
624 3371 685 3413 non
709 3359 814 3433 potest
833 3353 916 3415 aliud
937 3353 1040 3414 funda-

181 3582 213 3646 ‘l
238 3582 352 3652 Legitur
378 3584 451 3652 opud
474 3585 611 3639 Lcescher
634 3587 656 3640 Ι.
680 3603 706 3655 p.
731 3587 783 3643 748
808 3603 882 3655 sqq.,
905 3589 952 3656 qui
969 3588 1049 3640 huuc

126 3670 283 3707 sermonem
304 3671 366 3708 esse
385 3655 450 3708 dicit
470 3658 609 3724 specimen
633 3658 852 3727 incomparabile
877 3664 987 3712 sanctae
1018 3662 1045 3710 et

125 3727 308 3779 intemeratae
328 3729 427 3779 mentis
437 3729 557 3781 ,Lutheri
576 3731 604 3780 iu
623 3729 715 3783 medio
735 3736 851 3799 papatu,
875 3736 902 3783 et
920 3730 1043 3783 veritatis

127 3812 277 3862 oppressae
294 3799 489 3851 testimouium.
531 3799 633 3855 Wslclr.
653 3802 686 3855 Χ.
706 3818 734 3874 p.
755 3802 908 3877 ibb‘lisqq.
