2356 4200
195 270 259 338 118
522 274 670 331 Sermones
688 276 801 331 lutheri

195 451 253 505 tur.
297 443 474 524 Opulohra
496 445 601 526 virgo!
645 445 744 520 Quam
778 448 882 507 omnia
902 447 933 507 in
954 446 1055 507 Deum
1076 466 1121 508 re·

196 529 269 588 fert!
313 527 412 602 Quam
434 528 537 587 furens
559 535 607 588 est
634 529 729 589 hodie
756 548 964 610 perversaque
992 549 1119 591 oonoue

196 611 271 672 tudo
293 612 435 672 homines
457 611 584 672 laudare
614 613 681 672 eine
701 614 890 692 reverentia,
913 615 981 674 sine
1002 633 1121 675 memo-

196 695 258 773 ria,
292 696 359 755 sine
393 694 545 755 relatione
564 693 648 755 'Deil
692 695 791 770 Quam
827 696 955 778 indigne
987 698 1123 777 privatur
1154 768 1159 780 Ι

196 779 280 838 Deus
302 779 403 859 gloria
425 779 495 838 sua!

279 862 349 922 darn
371 861 505 940 denique
528 865 665 921 nostrum
681 867 730 921 est
746 861 915 941 attendere,
938 862 1033 942 quod,
1054 883 1122 924 oum

198 946 291 1007 beata
311 946 399 1025 virgo
422 943 613 1024 prophetarit
640 944 679 1005 de
706 964 741 1004 so
766 946 835 1025 ipsa
856 945 1063 1007 beatifioanda
1083 947 1121 1009 ab

199 1029 341 1090 omuibus
364 1027 631 1109 generationibus,
661 1027 751 1088 deoet
772 1047 895 1089 omnem
917 1030 1122 1091 Christianum

197 1113 355 1172 hominem
377 1112 429 1192 pio
452 1109 562 1170 affeetu
580 1112 615 1169 ⁴in
637 1110 717 1170 hano
739 1112 890 1192 virginem
913 1114 941 1172 ei
963 1112 1121 1194 plaudere,

199 1195 406 1274 congaudere,
428 1194 542 1268 favere,
565 1194 782 1273 congratulari,
806 1197 878 1274 quia
898 1197 968 1276 ipsa
987 1202 1045 1274 est,
1067 1216 1122 1277 per

78 1329 84 1337 .
200 1297 290 1356 quam
322 1277 413 1338 nobis
442 1277 557 1342 fruetus
588 1277 669 1336 vitae
690 1279 931 1339 oommuuieatus
954 1285 1020 1354 est,
1053 1281 1123 1360 ipsa

197 1361 398 1421 libentissime
420 1359 510 1420 nobis
533 1360 627 1418 servit
647 1379 685 1419 aa
706 1362 842 1424 servivit.
885 1362 1009 1422 Gaudet
1023 1369 1054 1423 et
1071 1381 1122 1423 ex·

199 1444 291 1504 sultat
314 1445 434 1520 merit0,
456 1443 527 1521 quia
548 1461 612 1502 uon
634 1448 752 1502 tantum
774 1442 866 1524 bona,
891 1445 945 1506 sed
964 1452 995 1506 et
1009 1465 1123 1527 magna

200 1528 229 1587 ei
250 1528 324 1588 feoit
345 1527 505 1587 Dominum

280 1610 331 1671 Sia
354 1616 477 1689 oportet
498 1614 529 1668 et
549 1627 607 1668 nos
628 1609 656 1668 ei
686 1608 820 1688 gaudere
851 1616 882 1669 et
910 1611 1017 1690 nobis,
1051 1613 1123 1692 quia

199 1712 312 1773 magna
332 1693 406 1753 ieoit
425 1693 455 1751 ei
477 1692 642 1774 Dominus,
676 1690 730 1751 sed
753 1692 836 1771 quod
859 1693 888 1753 ei
910 1693 996 1772 feeit,
1031 1694 1125 1756 nobis

199 1777 279 1838 feeit.
323 1775 407 1836 Nihil
428 1776 509 1834 enim
531 1773 639 1852 habet,
672 1774 756 1852 quod
790 1795 852 1835 non
874 1783 909 1836 et
930 1796 988 1838 nos
1010 1777 1122 1838 babea-

199 1880 277 1937 mus,
299 1865 402 1940 portat
422 1858 518 1918 lilium
538 1858 597 1919 Dei
620 1858 650 1916 iu
673 1858 802 1937 gremio,
826 1877 863 1917 ao
885 1878 943 1919 nos
965 1861 996 1920 in
1018 1859 1121 1921 oordis

199 1951 303 2019 utero,
324 1944 393 2022 ipsa
415 1948 512 2001 mater
528 1940 699 2020 corporalis
722 1947 778 2019 eat,
800 1942 868 2020 ipse
891 1941 983 2020 dixit,
1006 1944 1058 2022 qni
1081 1943 1121 2005 fe·

199 2028 241 2086 eit
263 2026 452 2087 voluntatem
473 2025 568 2102 putris
592 2025 666 2098 mei,
696 2024 763 2103 ipse
791 2031 889 2084 mater
911 2044 993 2102 mea,
1027 2026 1122 2088 frater

199 2117 231 2169 ot
253 2129 342 2170 soror
363 2117 419 2169 est.
469 2108 612 2167 Laetatus
645 2113 692 2166 est
721 2108 846 2187 virginis
874 2107 1035 2187 uberibus,
1062 2117 1139 2170 noa·

200 2191 331 2252 eundem
353 2193 437 2271 puris
459 2196 490 2250 et
512 2191 603 2249 saetis
633 2188 898 2269 meditationibus,
926 2191 1122 2271 ampleotitur

199 2295 269 2335 enm
291 2276 383 2334 castis
404 2275 483 2333 ulnis
506 2273 582 2347 suis,
604 2291 662 2332 nos
684 2291 754 2331 eum
774 2273 961 2335 ferventibus
983 2274 1120 2337 affectio·

199 2358 288 2418 nibus
310 2359 439 2432 amorio,
472 2355 646 2431 desideriis,
680 2357 746 2434 ipse
776 2356 904 2416 dileotus
926 2359 1005 2418 inter
1026 2357 1122 2419 ubera

200 2446 231 2500 et
251 2441 333 2501 illius
353 2448 384 2500 et
406 2445 512 2498 nostra
532 2447 749 2500 commoratur.
794 2438 917 2500 Ofelix
940 2443 1051 2501 materl
1096 2441 1122 2502 Ο

200 2523 381 2604 dignissima
401 2523 506 2601 virgo,
529 2527 683 2582 memento
707 2523 803 2582 nostri
821 2520 870 2599 ³¹³),
892 2524 941 2583 fao
963 2530 995 2584 ut
1016 2532 1048 2584 et
1068 2543 1122 2587 no·

199 2607 246 2667 bis
276 2606 354 2666 haeo
382 2624 496 2684 magna·
526 2604 619 2664 faeiat
641 2605 802 2665 Dominus.
846 2606 961 2666 Verum
993 2606 1025 2666 id
1055 2607 1120 2668 ulti·

200 2709 282 2748 mum
304 2696 387 2766 nota,
410 2687 491 2767 quod
513 2687 605 2748 beata
622 2688 708 2767 virgo
731 2687 888 2766 pluraliter
905 2689 982 2749 dixit
999 2708 1122 2770 magna,

200 2792 261 2834 non
291 2779 409 2832 tantum
442 2770 551 2831 volans
586 2770 716 2850 intelligi
748 2770 809 2830 hoo
839 2792 931 2831 unum
964 2791 1121 2852 magnum,

199 2854 282 2934 quod
308 2874 400 2915 earne
427 2853 571 2934 oonoepit
592 2851 687 2912 filium
709 2853 784 2931 Dei,
818 2854 873 2914 sed
902 2853 1027 2934 [irorsus
1057 2874 1122 2916 orn-

199 2941 265 3014 nia,
295 2957 375 3018 quae
401 2938 498 2996 multa
519 2937 640 2997 suntin
664 2955 721 2995 nos
744 2935 827 2996 dona
848 2938 914 2998 Dei.
958 2936 1045 3012 Quae
1067 2957 1119 2998 ne·

198 3040 286 3082 oesse
304 3029 360 3098 est,
385 3031 418 3080 ut
437 3021 542 3079 omnia
557 3018 798 3099 magnifioemus,
821 3021 899 3081 siout
913 3040 986 3081 vere
1007 3040 1122 3100 magna

200 3112 279 3164 suut.
321 3103 400 3164 Nam
423 3109 569 3182 quantum
591 3109 655 3179 est,
689 3099 772 3180 quod
793 3121 833 3162 ex
855 3103 951 3164 nihilo
974 3115 1005 3164 te
1025 3111 1121 3181 orent,

200 3207 239 3247 ex
260 3187 357 3250 nihilo
379 3186 436 3248 tibi
458 3187 563 3246 omnia
583 3183 742 3264 providet,
773 3185 856 3264 qnod
879 3193 941 3246 tam
964 3188 1054 3246 miras
1077 3188 1121 3247 vi·

199 3289 248 3330 res
270 3271 407 3349 eorporis
429 3279 460 3329 et
481 3271 603 3328 animae
620 3266 673 3326 tibi
690 3267 775 3327 dedit
792 3276 823 3328 et
836 3271 1012 3330 conservati
1036 3269 1120 3348 Mag·

200 3371 272 3413 num
290 3346 396 3435 putas,
419 3354 444 3411 si
467 3352 520 3412 tibi
540 3351 635 3411 bomo
658 3349 742 3411 mille
765 3348 818 3411 det
838 3351 990 3429 florenos,
1014 3359 1047 3412 et
1067 3372 1119 3431 pa

199 3456 264 3496 rum
287 3443 342 3514 est,
365 3435 447 3514 quod
461 3436 514 3496 tibi
528 3435 581 3494 dat
597 3433 720 3493 ooulum
740 3434 770 3492 in
792 3433 881 3513 faeie,
903 3436 965 3495 imo
983 3454 1121 3513 pomum,

199 3520 342 3600 digitum,
364 3538 433 3579 oum
456 3518 597 3579 omnibus
619 3516 732 3576 divitiis
755 3516 859 3576 mnndi
880 3517 911 3576 id
934 3537 996 3578 nou
1018 3519 1120 3597 possis

200 3602 339 3682 efficere,
370 3609 403 3661 ut
432 3621 523 3662 unam
551 3599 731 3682 particulam
754 3601 881 3662 membri
903 3600 956 3661 tibi
978 3600 1121 3662 conferas

231 3792 262 3861 ⁴)
280 3782 394 3863 Exigua
409 3809 446 3848 ex
457 3793 589 3863 Papismo
606 3788 726 3859 mooula,
743 3793 913 3844 anmoetara·
923 3789 979 3846 sint
995 3791 1119 3860 egregia.
