2356 4200
131 272 170 342 12
381 279 537 348 &sponsio
556 277 590 332 l).
610 277 688 331 liert.
708 278 819 332 liutheri
964 235 969 243 ἱ

130 446 260 527 doctius,
282 466 372 528 quam
395 453 435 514 tu.
457 447 498 508 Idt
518 449 576 509 nisi
599 454 695 510 canos
716 454 786 510 tuos
809 467 933 510 vererer
952 448 1049 526 (ιιιιιι

130 549 180 593 ιιι
201 530 326 610 decet),
353 532 440 612 prole
461 538 492 592 to
527 532 608 592 hanc
635 532 971 592 tuam-distinctionem
992 549 1055 612 pro·

11 639 14 642 >
130 613 279 694 dignitate
301 620 397 676 tracta
466 661 472 674 .
1101 672 1106 685 ,

54 727 62 742 =
211 697 334 777 Primo,
355 700 422 778 quis
440 697 530 759 'dedit
552 696 623 777 tibi,
645 704 699 757 aut
713 697 787 758 divo
808 697 948 759 'l'homae
968 697 1048 770 hanc

129 786 381 877 potestatem,ut
347 782 527 842 utverbum
549 781 806 924 simplicissimum
828 781 1045 862 simplicissimi

129 870 162 924 st
183 864 264 925 unici
286 863 360 925 doct
347 866 421 925 toris
445 864 597 924 Christi
589 883 620 923 ιιι
655 871 717 924 tres
741 863 893 925 divideres
926 863 1047 925 sectas?

128 945 267 1008 Hoccine
287 954 335 1007 est
356 949 536 1027 scripturam
557 948 764 1027 interpretari
787 967 826 1007 an
849 948 952 1031 potius
974 947 1047 1008 dila·

129 1029 253 1090 ocrare?
296 1029 365 1104 Qua
386 1032 546 1110 scriptura,
570 1029 678 1109 quibus
700 1029 847 1109 patribus,
870 1016 980 1109 quibus
1003 1049 1047 1090 ιιι·

128 1112 262 1173 tionibus
283 1113 365 1176 hanc
388 1113 616 1174 distinctionem
633 1111 780 1190 stabiles,
803 1113 947 1192 quaeso?
968 1113 1047 1172 Tho·

128 1215 197 1256 mae
219 1215 281 1256 non
306 1195 415 1275 credo,
439 1196 629 1274 silvestrum,
651 1197 707 1256 etsi
727 1195 835 1256 Palatii
858 1197 1048 1276 magistrum,

127 1297 167 1339 ne
191 1297 219 1339 o.

168 1299 399 1439 gSecundum‚
422 1362 531 1422 iterum
553 1369 675 1423 ructuas
698 1361 927 1422 Aristotelicam
949 1361 1047 1441 philo·

128 1444 269 1524 sophiam
292 1444 332 1505 de
353 1446 464 1505 virtute
486 1445 605 1521 morali,
628 1444 666 1504 de
690 1445 824 1525 objecto,
846 1444 885 1505 de
907 1452 979 1505 actu
995 1444 1046 1505 eli·

127 1527 200 1603 cito,
222 1529 310 1606 quasi
331 1547 390 1608 ego
405 1528 478 1588 talia
491 1547 646 1607 nunquam
662 1526 820 1605 audierim,
842 1527 956 1588 deinde
968 1545 1047 1608 qnae

126 1609 200 1670 talia
221 1616 300 1688 sunt,
321 1616 357 1670 ut
375 1612 406 1669 in
430 1611 547 1691 populo
561 1611 664 1672 doceri
688 1629 750 1671 non
772 1611 904 1691 possint,
926 1629 987 1671 nec
1008 1609 1046 1670 ad

127 1693 295 1773 scripturae
328 1692 562 1774 intelligentiam
585 1693 692 1769 utilia5
721 1699 864 1773 portenta
897 1692 1048 1753 duntaxat

125 1775 305 1855 verborum,
332 1795 394 1837 nou
417 1778 475 1836 nisi
496 1775 536 1836 ad
560 1776 775 1837 contentiones
797 1775 947 1850 fovendas
976 1794 1046 1836 con

207 1941 321 2021 Tertio,
343 1943 512 2020 poenitent
504 1961 577 2019 ram,
591 1943 743 2018 virtutem,
755 1940 895 2002 dolorem
908 1941 1048 2002 volunta·

123 2026 163 2085 tis
184 2024 304 2085 definis.
331 2023 408 2102 Qua,
429 2042 518 2104 rogo,
541 2023 726 2085 autoritate
753 2023 841 2085 Tuci
864 2023 945 2098 Quid
967 2024 1045 2085 haec

125 2107 165 2167 ad
186 2108 348 2168 Martinum
372 2107 431 2188 ¹.)?
536 2149 541 2157 -

208 2190 341 2269 Quarto,
370 2190 454 2269 quod
483 2196 530 2250 est
563 2191 699 2250 omnium
722 2190 949 2268 acutissimum,
984 2191 1046 2251 imo

124 2275 362 2334 immanissimus
397 2279 518 2333 caestus
543 2273 592 2332 En
594 2272 677 2349 telli,
706 2272 788 2351 quod
823 2274 1046 2352 poenitentiam

125 2357 223 2436 primo
245 2355 340 2417 modo
351 2357 495 2416 virtutem
517 2355 680 2436 distinguis
701 2374 721 2414 a
736 2356 906 2435 poenitent
898 2374 929 2415 ιι
951 2357 1041 2416 tertio

125 2438 238 2516 modo,
268 2458 358 2535 quam
381 2458 476 2499 vocas
498 2457 622 2500 omnem
644 2439 744 2498 carnis
767 2436 1044 2499 mortificationem.

125 2521 209 2602 Ergo
225 2523 417 2602 poenitentia
429 2523 523 2583 virtus
537 2540 600 2582 non
616 2519 779 2581 mortificat
795 2520 942 2580 carnem?
964 2511 1045 2597 Quid

125 2623 199 2685 ergo
211 2604 305 2665 lacit?
325 2603 467 2665 Vivificat
480 2624 614 2681 carnem,
632 2604 681 2663 vel
694 2604 767 2663 sinit
780 2604 884 2663 vivere
901 2603 1046 2664 carnem?

125 2687 216 2762 Quod
238 2695 342 2748 autem
363 2707 427 2748 non
448 2686 612 2748 mortificet
631 2705 764 2764 carnem,
786 2693 839 2746 tna
861 2686 915 2745 illa
936 2687 1047 2766 probat

124 2772 301 2831 acutissima
321 2770 494 2846 distinctio,
524 2771 596 2848 qnia
617 2769 809 2849 poenitentia
830 2770 932 2848 primo‘
951 2768 1045 2830 modo

124 2872 188 2914 non
210 2860 258 2914 est
278 2854 470 2934 poenitentia
491 2853 581 2914 tertio
605 2851 709 2912 modo.
731 2851 800 2912 Hoc
821 2849 867 2911 sic
886 2852 1044 2933 intelligo:

124 2936 318 2997 Poenitsntia
339 2935 430 2996 dolor
446 2935 629 3013 voluntatis,
663 2936 715 3014 qui
743 2953 816 2994 vers
847 2933 1045 2995 mortificator

125 3020 303 3095 caruisset,
326 3038 389 3079 non
412 3017 577 3078 mortificat
598 3037 731 3078 carnem.
777 3017 808 3078 si
830 3017 909 3077 haec
920 3017 1044 3078 Germa

124 3120 181 3162 nus
203 3100 335 3180 diceret,
357 3100 500 3181 trigidum
522 3100 643 3162 coelum
667 3099 839 3180 culparem,
869 3119 951 3160 nunc
975 3100 1045 3181 quia

123 3183 217 3245 Italus
238 3184 316 3244 haec
338 3183 430 3262 dicit,
461 3183 517 3244 snb
540 3184 657 3244 ardenti
687 3183 776 3243 coelo
800 3182 936 3263 degens,
973 3181 1043 3263 quid

123 3266 337 3348 praetendam„
375 3286 437 3326 ιιοιι
460 3267 606 3341 invenio,
634 3268 694 3326 nisi
722 3266 805 3346 quod
826 3285 931 3325 verum
955 3269 993 3326 ‘te
1013 3267 1042 3324 in

124 3349 257 3430 epistola
278 3350 381 3410 dicere
404 3349 514 3428 ιιιιιο,Δ
548 3350 666 3411 scilicet
688 3357 719 3410 ιι
741 3354 772 3409 ιι
793 3367 897 3409 senem
922 3367 992 3409 esse
1014 3354 1043 3408 ιι

123 3434 154 3492 in
168 3432 544 3493 commentariisThomas
567 3452 629 3494 non
654 3439 716 3492 tam
737 3432 929 3512 implicitum,
952 3449 1041 3510 quam

123 3517 320 3595 immersum,
342 3517 404 3575 imo
427 3514 617 3576 submersum
641 3515 745 3577 credo.
825 3552 826 3556 =

179 3767 210 3831 1)
231 3764 314 3820 ibid:
349 3765 507 3820 Lntherum.
