2356 4200
134 268 195 337 138
458 231 606 331 Sermones
625 274 737 331 liutheri

132 444 323 524 divitiarum,
345 445 479 526 gloriae,
503 446 680 509 deliciarum
704 452 790 509 tanta
810 446 910 526 possit
928 445 979 507 bie
1000 443 1054 507 ob

132 531 268 610 tingere,
300 536 333 589 ut
353 531 452 609 possit
474 531 609 610 gaudere
636 533 666 591 in
693 532 785 591 tantis
818 529 970 590 miseriis?
1012 529 1054 591 Ut

132 611 204 690 quid
238 631 313 692 ergo
346 614 448 673 miseri
488 619 613 675 nostrae
649 613 835 675 conditionis
870 612 958 674 obliti
990 617 1053 672 tam

131 696 216 759 caeci
238 715 350 773 sumus,
372 703 406 756 ut
428 695 521 757 flante
543 699 635 757 etiam
658 703 816 758 momento
836 696 1053 776 prosperitatis

130 779 352 838 minutissimae
383 799 447 840 non
474 780 671 858 cohibemur,
712 780 767 841 sed
796 778 949 840 efferimur
977 779 1055 841 mira

131 862 311 940 insolentia,
350 868 382 923 et
415 869 516 922 tamen
558 863 706 924 audemus
739 863 848 924 eadem
887 862 1055 923 insolentia

132 963 223 1006 orare
244 945 325 1005 hane
347 947 520 1006 orationem
543 965 647 1006 coram
669 947 752 1024 Deo,
782 965 837 1006 ore
865 945 1053 1007 affirmantes

131 1035 268 1089 nostram
298 1028 525 1107 infelicitatem,
563 1030 613 1091 ubi
648 1029 742 1090 corde
777 1029 866 1089 nobis
894 1029 925 1089 in
958 1027 1053 1089 felici·

132 1116 194 1171 tate
217 1110 385 1190 placemus.
428 1112 524 1192 Igitur
542 1113 592 1173 ubi
610 1111 815 1173 sanctificetur
830 1131 944 1172 nomen
957 1116 1053 1186 tuum,

131 1213 170 1253 ex
191 1193 285 1255 corde
308 1212 398 1272 ores,
430 1197 535 1274 utique
563 1197 607 1256 sic
629 1195 795 1276 cogitabis,
822 1194 882 1254 heu
903 1195 1052 1257 Domine!

131 1277 202 1355 quid
224 1277 316 1338 audio
340 1284 373 1338 ut
394 1278 556 1358 superbiae
577 1285 702 1339 nostrae
716 1285 788 1338 *non
812 1285 861 1338 est
882 1275 1052 1338 sanctifica·

131 1368 194 1420 tum
216 1379 329 1420 nomen
351 1368 435 1420 tuum
459 1361 538 1441 apud
562 1381 633 1439 nos,
661 1360 752 1422 nobis
780 1361 973 1421 attribuimus
997 1378 1051 1421 no·

130 1462 201 1503 men
224 1450 323 1526 tuum,
352 1445 383 1504 in
404 1444 603 1524 blasphemiis
626 1446 686 1504 tuis
708 1444 837 1505 vivimus
859 1445 926 1505 toti.
970 1441 1052 1518 Quid

130 1528 240 1586 meruit
264 1525 460 1606 blasphemus
488 1529 520 1587 in
546 1528 646 1589 Deum
675 1533 707 1587 et
731 1527 779 1587 sur
807 1527 940 1587 nominis
970 1525 1051 1586 Dei?

131 1608 209 1684 Quid
234 1611 342 1670 meruit
362 1612 413 1689 qui
435 1610 565 1690 gloriam
586 1611 644 1670 Dei
666 1610 697 1669 in
720 1629 806 1670 suam
827 1611 848 1670 i.
863 1629 889 1669 e.
910 1611 943 1669 in
963 1609 1052 1688 igno·

129 1693 253 1752 miniam
282 1693 468 1753 commutat?
511 1693 553 1753 Ut
579 1693 639 1772 illi,
667 1693 718 1771 qui
745 1693 876 1772 gloriam
905 1711 993 1752 suam
1019 1692 1051 1751 in

130 1775 358 1835 similitudinem
397 1776 485 1836 vituli
520 1781 793 1837 commutaverunt.
849 1774 924 1848 Quis
961 1774 1052 1835 buius

129 1857 239 1936 culpae
264 1859 365 1938 possit
390 1859 571 1938 supplicium
603 1861 784 1937 aestimare,
820 1857 915 1919 multo
950 1859 1051 1918 minus

128 1940 276 2016 evadere,
304 1942 363 2001 nisi
385 1944 436 2020 qui
456 1940 610 2002 horrendo
633 1948 762 2021 peccato
786 1960 841 2000 suo
866 1941 972 2020 agnito
997 1940 1051 2016 bu-

128 2025 239 2084 militer
260 2023 346 2085 dolet
376 2032 408 2085 et
428 2031 497 2085 orat
517 2031 625 2085 contra
647 2043 735 2084 sunm
757 2030 932 2103 peccatum,
967 2021 1051 2102 quod

128 2106 202 2183 odit,
225 2113 258 2166 ut
279 2107 484 2167 sanctificetur
501 2127 614 2168 nomen
637 2108 696 2167 Dei
717 2112 749 2167 et
769 2107 924 2186 polluatur
945 2107 1051 2185 potius

127 2208 240 2249 nomen
263 2210 359 2267 suum,
383 2192 461 2250 sicut
482 2189 608 2270 dignum
631 2197 688 2266 est,
710 2209 747 2249 ao
769 2191 965 2268 vituperetur,
988 2207 1049 2248 ma

127 2271 290 2350 ledicatur,
313 2272 555 2352 blasphemetur,
578 2273 629 2333 hio
649 2273 730 2333 enim
754 2271 862 2332 beatus
886 2278 961 2332 erat
1004 2271 1049 2332 si-

127 2361 179 2415 cut
209 2362 311 2416 antem
341 2354 380 2414 de
413 2357 511 2435 prima
540 2357 680 2431 oratione
711 2355 910 2432 factumest,
939 2356 982 2415 ita
1011 2354 1051 2416 (lc

127 2436 268 2498 omnibus
290 2439 488 2516 sequentibus
510 2437 575 2499 fieri
597 2438 704 2515 debet,
726 2438 845 2498 scilicet
867 2457 936 2497 cum
959 2438 1050 2496 rumi-

127 2521 254 2581 natione
277 2528 309 2580 et
330 2523 575 2598 examinatione,
605 2528 751 2599 quantum
784 2521 897 2580 malum
919 2521 959 2580 sit
980 2538 1052 2581 esse

128 2609 159 2662 et
179 2603 272 2663 fuisse
293 2604 323 2663 in
347 2623 385 2664 eo
414 2611 495 2664 statu
521 2611 649 2665 naturas
678 2603 866 2683 depravatae
893 2622 933 2664 ex
955 2603 1055 2680 bona,

34 2752 37 2756 ,
127 2705 205 2764 quae
230 2687 261 2746 in
291 2705 328 2746 eo
357 2695 510 2766 peccatur.
553 2686 632 2746 Nam
661 2706 769 2748 omnes
793 2693 912 2765 septem
934 2693 967 2746 et
987 2686 1048 2746 sin'·

126 2769 218 2848 gulae
238 2769 353 2830 habent
374 2771 483 2830 trinam
506 2769 590 2831 illam
613 2768 832 2845 differentiam,
855 2767 936 2848 quod
959 2768 1050 2829 aliter

125 2853 262 2912 serviunt
288 2853 521 2931 incipientibus,
554 2853 643 2913 aliter
682 2851 929 2932 proficientibus,
960 2850 1050 2912 aliter

126 2935 287 3013 perfectis,
310 2943 341 2994 et
362 2954 418 3014 pro
440 2955 522 2995 nnnc
543 2935 666 3013 quidem
689 2935 856 2995 omittimus
878 2953 1049 3014 exaggera·

127 3019 241 3077 tionem
270 3018 421 3078 malorum
448 3020 480 3078 in
513 3019 656 3098 singulis,
693 3016 870 3078 differentes
901 3017 932 3075 in
965 3016 1048 3076 aliud

128 3106 248 3179 tempus
271 3103 483 3180 opportunius.

207 3182 383 3244 Secunda
425 3184 586 3263 petitio:
646 3182 849 3244 Adveniet
889 3201 1046 3322 regnum

127 3270 238 3326 tuum.
281 3266 397 3326 Primus
431 3265 544 3346 gradus
578 3272 625 3326 est
657 3265 823 3327 secundum
860 3283 937 3343 apos
954 3264 1048 3339 olum,

126 3347 250 3426 quando
286 3349 447 3409 exterioris
475 3349 608 3409 hominis
638 3350 702 3408 vita
730 3367 791 3408 non
815 3346 929 3408 mundo
952 3348 1049 3407 servit

127 3429 182 3490 sed
204 3431 282 3505 Deo,
305 3433 384 3491 sicut.
406 3431 488 3509 dicit,
510 3451 621 3510 corpus
643 3438 745 3491 autem
767 3450 829 3490 non
851 3430 1047 3491 fornicationi

127 3513 181 3574 sed
199 3514 343 3591 Domino,
366 3521 398 3574 et
418 3516 547 3575 avaritia
569 3514 720 3593 quaedam
743 3520 790 3573 est
811 3512 963 3573 idolorum
986 3530 1055 3573 ser·-

125 3597 220 3674 vitus,
252 3605 283 3655 et
309 3597 427 3676 reliqua
453 3599 507 3658 illa
535 3598 663 3677 gentilia
685 3605 716 3657 et
738 3596 860 3656 ethnica
882 3597 956 3655 vitia
977 3597 997 3655 i.
1020 3615 1047 3656 s.

127 3697 231 3738 crassa
264 3686 296 3738 et
324 3679 507 3760 palpabilia,
541 3700 561 3741 a
588 3679 697 3758 quibus
725 3679 796 3739 dum
819 3680 1002 3755 avertimur,
1029 3697 1049 3737 a

117 3779 222 3839 regno
241 3761 380 3844 Aegypti
407 3765 439 3824 in
466 3783 597 3848 reguum
617 3762 678 3825 Dei
698 3763 872 3825 transimus.
912 3760 976 3825 Sed
997 3760 1049 3825 bic
