2356 4200
121 278 164 345 48
440 280 588 336 Sermones
604 280 719 335 'lantheri

125 451 259 531 primere
287 468 343 529 per
372 469 406 510 se
434 469 498 511 non
525 457 645 531 potest,
676 451 720 512 ita
745 450 798 511 ille
825 469 881 531 per
908 451 1046 531 speeiem

124 534 245 595 sortiter
267 553 331 593 ase
354 540 468 593 motam
485 535 516 594 in
538 539 745 595 nostrumnon
766 533 869 614 dirigit
887 536 1047 613 impetum,

123 623 158 677 ut
179 616 384 696 persentimus
407 624 546 696 saepest
566 617 637 696 hoo,
660 617 784 696 quando
805 618 1047 697 perpotentiam

125 718 184 760 nos
207 706 321 777 tentat,
352 699 407 760 sed
430 698 556 779 quando
583 720 639 782 per
660 702 806 762 astutiam
828 707 941 779 tentat,
975 696 1049 761 tune

128 790 246 862 quanto
270 801 327 843 nos
344 783 468 843 excedit
487 784 519 844 in
541 802 645 863 posse,
666 785 710 844 ita
727 785 808 844 etin
825 785 945 861 astutia,
970 803 1050 863 qnae

125 873 214 927 tanta
236 867 340 946 speeie
360 885 418 927 nos
430 873 535 946 potest
556 868 785 944 circumvenire,
808 874 841 927 ut
867 867 941 927 nihil
960 885 1049 928 sane·

123 950 297 1010 tiusnobie
321 947 471 1010 videatur.
514 950 622 1010 Disoes
644 950 704 1011 hoo
717 970 757 1011 ex
779 950 953 1012 hominibus
966 951 1046 1011 frau-

125 1033 268 1112 dulentis,
292 1051 383 1111 quam
405 1034 481 1092 mira
503 1033 671 1103 ealliditate
695 1035 788 1095 etiam
800 1040 919 1094 astutos
937 1033 1048 1095 fallant

57 1165 61 1169 .
123 1115 233 1187 hodie,
264 1122 378 1195 quanto
403 1117 499 1196 magis
521 1117 675 1196 prinoipes
708 1136 825 1179 eorum.
868 1117 937 1177 Heu
959 1116 1044 1196 quod

124 1207 187 1260 tem
210 1201 308 1259 securi
322 1219 435 1279 sumus,
458 1206 489 1259 et
510 1217 573 1259 non
587 1201 739 1278 timemus,
762 1202 960 1261 etnesoimus
982 1207 1047 1261 tau·

124 1289 188 1343 tam
210 1282 325 1344 diaboli
339 1284 491 1344 astutiam.
535 1282 615 1343 Vide
638 1283 794 1362 quomodo
817 1284 991 1345 haereticos
1014 1292 1047 1344 et

127 1365 277 1446 superbos
298 1365 385 1426 fallat
402 1367 480 1426 mira
504 1367 608 1445 speeie
630 1365 713 1444 boni,
735 1367 779 1426 ita
792 1373 825 1427 ut
845 1366 959 1427 malum
982 1366 1048 1427 nul·

126 1449 188 1508 lum
203 1449 309 1509 subtus
324 1448 472 1526 videatur,
486 1449 538 1509 vel
549 1451 669 1511 etiamsi
683 1448 833 1529 videatur,
856 1470 965 1531 parum
977 1469 1048 1511 esee

123 1538 244 1612 putent.
288 1532 338 1593 Sie
359 1538 463 1612 potest
485 1531 595 1594 oeulos
624 1539 748 1594 nostros
769 1534 938 1613 fascinare,
960 1535 1046 1593 utin

128 1622 195 1676 toto
218 1615 299 1676 malo
323 1616 439 1675 nullum
462 1615 575 1675 malum
597 1615 766 1694 videamus,
789 1618 865 1676 etin
881 1623 947 1677 toto
962 1616 1046 1678 bono

125 1699 242 1760 nullum
264 1698 389 1760 bonum.
433 1698 504 1760 Sive
534 1718 609 1778 ergo
639 1699 718 1762 haee
747 1700 841 1760 faeiat
871 1718 926 1760 suo
949 1699 1057 1762 verbo-

124 1783 262 1861 intern0,
285 1781 336 1842 vel
357 1783 461 1860 aliquo
483 1789 576 1843 vento
601 1788 633 1843 et
654 1784 758 1863 speeie
778 1783 930 1863 spirituali
960 1789 1046 1844 moto

125 1864 259 1926 averbo
281 1867 346 1925 eius
372 1864 412 1925 ad
434 1873 573 1926 nostrum
601 1883 671 1944 eor,
704 1885 762 1927 noe
793 1874 896 1945 tamen
918 1865 1046 1927 verbum

126 1951 289 2027 sentimus,
313 1949 340 2008 si
361 1948 518 2027 volumus,
545 1947 629 2027 quod
650 1949 741 2011 nobis
762 1948 898 2029 loquitur
926 1955 957 2009 et
978 1968 1048 2030 sug-

125 2034 213 2113 gerit.
257 2031 289 2093 si
319 2030 462 2093 diabolus
490 2031 552 2092 hoe
576 2039 698 2112 potest,
720 2032 793 2112 quid
816 2034 888 2115 erit,
923 2033 1047 2112 quando

126 2117 210 2177 Deus
237 2134 294 2178 suo
323 2115 418 2176 verbo
450 2115 594 2177 movebit
615 2135 669 2177 eor
691 2115 921 2195 damnatorum,
940 2116 1048 2189 ¹talem

91 2246 95 2252 .
128 2200 264 2279 speeiem
294 2197 344 2259 vel
371 2199 541 2278 impetum?
583 2197 670 2260 Haeo
692 2201 750 2260 erit
775 2219 839 2261 vox
864 2200 983 2260 virtutis
1017 2203 1049 2260 et

125 2284 240 2344 tonitru
257 2281 474 2362 magnitudinis
496 2283 561 2342 eins
584 2289 615 2342 et
637 2283 754 2344 elamor
774 2284 805 2343 in
820 2283 923 2343 media
945 2290 1048 2361 noete,

126 2385 205 2445 quae
228 2371 276 2426 est
297 2364 412 2426 auditio
435 2365 489 2425 illa
510 2365 607 2444 mala,
630 2386 649 2427 a
671 2386 731 2446 qua
751 2386 815 2427 non
837 2365 973 2445 timebit,
995 2368 1048 2445 qui

124 2449 176 2509 hie
204 2450 290 2510 timet
310 2449 424 2528 Deum,
451 2468 533 2508 nune
554 2450 656 2509 autem
685 2470 749 2510 non
773 2451 817 2510 ita
838 2450 969 2528 elamat,
991 2449 1047 2511 sed

125 2532 235 2593 leniter
252 2532 395 2611 loquitur,
419 2539 451 2592 ut
468 2538 515 2592 est
535 2533 565 2591 in
588 2532 728 2594 Psalmo:
751 2533 874 2595 audiam
897 2532 980 2613 quod
1002 2533 1049 2594 lo·

127 2622 237 2695 quatur
257 2617 288 2675 in
311 2635 360 2675 me
383 2616 532 2676 Dominus
554 2615 648 2678 Deus.

426 2804 686 2866 corollarium
707 2804 747 2868 11.

209 2947 339 3008 Videtur
360 2945 443 3026 quod
465 2945 590 3008 verbum
602 2946 754 3006 internum
777 2945 901 3007 sitnihil
924 2944 1048 3007 distine-

124 3040 188 3093 tum
210 3030 249 3092 ab
271 3031 398 3106 eodem,
421 3031 480 3090 nisi
499 3030 586 3092 velut
606 3027 757 3108 quaedam
777 3031 890 3108 motio,
912 3048 983 3091 nam
1005 3031 1049 3090 vi·

128 3114 216 3177 detur
242 3133 311 3175 esse
340 3113 490 3174 eiusmodi
520 3114 625 3176 motio,
669 3111 730 3174 sed
753 3110 792 3174 de
814 3113 874 3174 hoe
895 3112 984 3190 alibi,
1017 3120 1049 3174 et

123 3199 204 3259 infra
223 3197 323 3258 latius.
367 3194 540 3258 Secundum
563 3195 689 3258 verbum
717 3201 766 3257 est
787 3203 963 3274 externum,
992 3195 1047 3257 sed

125 3282 186 3343 hoe
209 3288 256 3343 est
276 3287 402 3361 propter
422 3280 516 3361 aliud,
538 3281 690 3340 internum
713 3284 816 3341 autem
837 3286 966 3360 propter
988 3298 1048 3340 nos

124 3367 229 3446 ipsos,
251 3385 321 3426 nam
344 3384 401 3445 per
421 3366 575 3430 internum
595 3362 695 3443 nobis,
718 3382 773 3442 per
795 3369 956 3424 externum
978 3363 1048 3424 aliis

25 3442 35 3459 ⁸
125 3449 289 3528 loquimur.
332 3447 502 3509 Videamus
527 3453 632 3508 tamen
654 3453 686 3506 et
706 3445 773 3525 hie,
800 3445 958 3526 quomodo
980 3466 1046 3507 ver·

126 3532 198 3594 burn
221 3531 357 3592 divinum
379 3529 568 3610 significetur
589 3528 689 3591 nobis.
732 3529 852 3607 Primo,
881 3528 964 3608 quod
986 3529 1049 3593 hoe

124 3616 251 3677 verbum
273 3620 402 3676 venatur
422 3614 590 3694 sapientia,
611 3614 734 3691 veritas,
756 3612 918 3690 iudioium,
940 3613 966 3672 si
988 3612 1047 3673 eal-

124 3705 187 3760 tem
207 3706 255 3759 est
280 3717 344 3758 non
373 3696 523 3776 mentale,
557 3695 613 3756 sed
640 3696 702 3756 hoe
728 3702 827 3757 totum
849 3696 888 3757 ab
909 3695 1060 3757 interiori

124 3782 261 3844 verbum.
304 3779 458 3861 Secunde,
481 3781 553 3861 quia
573 3778 714 3859 procedit
734 3779 774 3842 ab
797 3798 853 3842 orn
870 3780 1047 3860 incompre-
