2356 4200
313 344 316 349 .
338 295 437 346 ιοιιιια
453 291 517 348 101.
534 283 654 347 lohere.
675 292 750 347 Eeali
768 290 856 347 ludio.
999 292 1065 364 489

140 462 223 524 diost
244 463 294 542 *),
317 461 403 523 Siout
423 463 506 523 misit
527 481 577 522 me
592 463 682 524 Pater
704 470 736 524 et
756 481 815 544 ego
838 465 924 524 mitto
947 481 1014 542 vos,
1036 462 1064 523 si

139 547 188 606 eui
209 547 386 606 remiseritis
407 552 558 626 peeoeta,
580 547 772 607 remittentur
788 546 855 606 illi:
883 552 1006 623 tamen,
1028 550 1063 606 ut

133 631 286 690 unitatem
302 629 519 708 manifestaret,
545 630 668 689 unitatis
691 629 827 690 eiusdem
851 631 1001 708 originem
1022 627 1061 689 ab

138 731 200 773 uno
222 713 417 792 incipientem
441 731 497 772 sua
516 714 681 773 autoritate
702 713 862 792 disposuit.
896 713 963 773 Hoo
976 717 1063 773 eraut

140 795 246 875 utique
267 802 300 856 et
319 797 412 856 aeteri
431 796 575 875 apostoli,
598 796 796 875 quodPetrus
817 797 881 873 fuit,
900 797 967 877 pari
990 799 1062 856 eou-'

140 881 235 939 ιοιιιο
257 877 388 958 praediti
403 883 434 938 et
445 879 571 939 honoris
585 885 616 939 et
631 881 803 959 potestatis,
824 879 879 940 sed
901 877 1061 940 exordium

139 961 180 1022 ab
202 962 317 1021 unitate
340 961 556 1042 prolioisoitur,
578 968 612 1022 ut
632 963 766 1023 eeclesia
785 983 848 1023 una
869 968 1062 1023 monstretur.

217 1044 281 1106 Ubi
302 1044 353 1104 hio
380 1045 487 1105 Petrus
513 1046 657 1125 princepe
685 1047 841 1106 eonstittui
829 1051 877 1105 tur
905 1044 1061 1125 apostolo·

139 1147 222 1207 rum,
256 1129 333 1188 siout
356 1128 539 1208 depravator
558 1128 664 1190 infelix
686 1129 795 1209 gemit,
818 1148 874 1189 sua
896 1127 984 1189 noble
1006 1145 1063 1208 pro

139 1209 284 1292 Cypriani
307 1211 408 1272 verbis
431 1212 613 1271 insulcans?
645 1211 817 1294 Cyprianus
840 1231 944 1292 parem
967 1211 1064 1309 hono·

139 1295 180 1354 rie
209 1300 240 1354 et
266 1296 429 1374 potestatis
456 1295 587 1374 gratiam
620 1295 721 1375 palam
749 1296 872 1372 asserit,
909 1293 963 1355 sed
992 1294 1064 1373 quia
1151 1315 1154 1330 .

139 1377 240 1437 unitas
263 1375 301 1436 ab
323 1395 385 1436 uno
398 1378 491 1454 venit,
512 1376 583 1437 ideo
598 1377 678 1438 hane
698 1380 860 1459 potestatis
878 1377 1060 1459 parilitatem

140 1459 213 1519 dioit
235 1460 391 1557 indeptam
419 1458 458 1520 ab
480 1478 542 1521 uno
565 1459 673 1537 Petro,
696 1461 818 1540 quando
842 1460 932 1523 dixit·
961 1460 1007 1520 Tu
1029 1479 1063 1520 es

140 1543 197 1602 Pet
184 1548 258 1616 trus,
282 1549 316 1602 ut
337 1543 437 1602 unitas
460 1542 610 1603 ecelesiae
625 1551 853 1605 monstraretur.

225 1590 284 1685 Vix
312 1625 508 1685 similemt
476 1631 508 1686 et
544 1625 748 1706 pulchriorem
782 1627 1065 1707 interpretationem

141 1707 212 1770 vidi.
243 1707 347 1768 Claret
376 1709 456 1768 enim
489 1715 622 1768 mentem
653 1709 683 1770 S.
713 1711 854 1790 Martyris
886 1729 970 1808 εισι,
1001 1728 1064 1772 nou

140 1791 262 1852 Petrum
296 1810 365 1852 esse
394 1793 562 1872 prinoipem
593 1794 848 1872 apostolorum
840 1813 870 1853 ιιι
905 1793 1065 1874 regimine,

141 1876 213 1954 quia
242 1875 325 1935 olare
352 1874 440 1935 dieit:
478 1874 548 1934 Hoo
580 1882 668 1935 erent
688 1878 780 1936 aeteri
802 1875 952 1955 apostoli,
982 1875 1065 1955 quod

141 1958 257 2036 Petrus,
281 1957 335 2017 sed
359 1956 440 2036 quod
452 1963 592 2037 potestas
613 1958 692 2018 haee
714 1959 848 2018 omnium
867 1958 1005 2038 aequalis
1027 1959 1067 2019 sit

142 2042 273 2121 primum
295 2040 498 2117 dampetro,
533 2039 625 2102 utab
646 2060 710 2101 uno
731 2042 822 2102 Petro
846 2061 907 2102 oon
923 2046 1068 2122 potestas

119 2114 223 2184 ‘Petri
249 2123 427 2200 (utEoeiua
450 2123 589 2199 delirat)
612 2123 666 2183 sed
688 2125 789 2184 unitas
812 2124 961 2185 eeclesiae
983 2143 1067 2185 mon-

141 2213 296 2268 otiaretur
329 2206 400 2267 Non
422 2206 488 2266 vult
509 2207 659 2286 originem
681 2209 844 2289 potestatis
862 2226 881 2266 a
902 2207 992 2268 Petro
1016 2226 1066 2269 ve·
1132 2246 1137 2256 ·

141 2290 206 2350 nire
238 2291 269 2350 in
298 2289 475 2386 apostolae,
510 2288 565 2349 aed
588 2291 667 2349 sieut
698 2291 798 2350 unitae
828 2290 991 2351 multorum
1025 2289 1065 2351 ab

140 2390 202 2434 uuo
224 2373 324 2450 venit,
345 2373 390 2432 ite
412 2370 572 2433 exordium
592 2391 612 2432 a
627 2372 748 2434 Petro
739 2373 898 2453 rnoiperet,
878 2373 994 2433 tlieet
1014 2390 1065 2433 ae·

143 2455 277 2534 qualiter
299 2456 403 2516 omnia
425 2454 567 2515 omnibus
589 2454 785 2516 donarentur.

199 2550 202 2555 '
224 2538 340 2599 Merum
364 2556 439 2618 ergo
461 2543 493 2601 et
512 2537 655 2599 frivolum
679 2544 886 2602 commentum
909 2544 956 2599 est
971 2537 1066 2616 aeoli,

141 2621 302 2701 apostolos
323 2639 431 2681 omues
453 2621 547 2680 fnisse
575 2640 665 2700 pares
687 2623 717 2682 in
740 2622 927 2702 apostolatu,
949 2639 1012 2681 non
1032 2621 1066 2682 iu

141 2705 300 2784 regimine.
329 2703 417 2764 Tune
446 2704 526 2764 enim
562 2707 655 2765 eeteri
683 2704 818 2784 apostoli
852 2724 914 2766 nou
945 2705 1067 2764 fuerunt

141 2786 223 2867 quod
245 2786 368 2866 Petrus,
395 2805 453 2847 nee
488 2806 593 2867 parem
622 2786 794 2848 habuerunt
819 2793 1005 2868 potestatem
1036 2792 1068 2847 et

141 2870 301 2947 honorem,
323 2869 626 2950 utprrianusdioit.
648 2869 697 2930 An
711 2889 774 2931 non
797 2870 1066 2950 estaliudregere,

137 2952 277 3013 etaliud
305 2952 391 3033 regi?
413 2952 526 3012 Nonne
547 2953 718 3032 inaequalis
745 2972 787 3033 po
789 2959 885 3014 testas
915 2959 946 3013 et
933 2952 1067 3014 thonor

141 3037 215 3096 reeti
237 3041 269 3096 et
289 3035 446 3116 regentis?

221 3119 321 3180 Etiam
356 3135 518 3178 erroneum
553 3125 618 3198 eet,
648 3112 856 3198 a'poatolatum
885 3135 955 3178 esee
983 3115 1065 3176 aliud

141 3217 232 3296 quam
265 3202 422 3282 regimen,
457 3201 530 3280 quia
560 3201 754 3281 apostolatus
783 3201 921 3262 officium
947 3199 1066 3279 regimi-

143 3285 189 3344 nis
212 3289 259 3344 est
278 3286 412 3346 omnino.
448 3284 612 3345 Distinotio
633 3285 694 3344 ista
714 3290 787 3344 nata
807 3290 855 3345 est
863 3282 975 3362 ‚quod
999 3299 1068 3343 eoe-

141 3366 356 3523 le‘lt‘ttli
377 3353 681 3511 lli‘nltdttt
691 3329 877 3511 ‘illiti
889 3364 1066 3529 ellit.

85 3562 90 3575 ι
142 3532 250 3593 luisset
274 3531 466 3611 haereticus,
489 3533 540 3612 qui
532 3470 628 3593 gne
651 3469 817 3594 autorem}
836 3469 967 3594 Romdni
990 3549 1065 3611 pon-

144 3613 234 3676 tiiiois
256 3615 421 3695 episcopos
443 3617 567 3694 meavit,
590 3616 722 3678 eoncilia
736 3615 851 3696 habuit,
873 3621 905 3676 et
925 3613 1067 3675 ordinau-

196 3788 230 3860 ·)
249 3787 311 3847 ron
329 3788 375 3846 ar.
