2356 4200
152 288 218 359 218
402 293 598 349 Moratousa
618 293 725 362 Diaput
744 293 822 346 Luth

152 459 273 521 au'licat
294 459 458 521 ecelesiam
479 480 535 541 pro
559 481 597 522 eo
622 463 809 542 satisfacere,
828 463 880 522 οιιι
902 462 1080 558 remittitur,

153 542 311 623 quomodo
342 544 375 604 B.
398 544 587 642 Augustinus
620 546 710 623 dicit,
742 548 898 607 neminem
925 545 1079 621 suscitari,

153 626 213 687 nisi
234 645 325 706 quarn
338 629 465 688 suscitat
480 629 581 689 unitas
603 593 763 709 ecclesiae,
786 631 848 690 ιιι
838 649 870 689 ιιι
887 628 982 689 vidua
1005 626 1080 708 figu-

152 715 250 769 ratum
263 709 346 769 ιιιοιι.
369 709 429 770 Sed
442 710 641 773 adbucdurat
661 715 739 773 ratio
754 715 853 793 prima
873 717 907 772 et
928 709 1080 808 secunda,

153 791 235 870 quod
258 794 297 852 sit
318 801 390 852 tunc
411 796 513 873 potius
526 795 671 856 satisfact'
651 803 704 874 tro,
727 814 823 879 quam
836 795 988 872 remissio,
1014 795 1080 854 sive

153 874 324 936 declaretur
347 877 412 935 sive
433 877 629 938 concedatur.

236 957 366 1036 Quarta,
398 960 557 1021 thesaurus
586 961 638 1022 ille
661 961 811 1022 ecclesiae
833 961 993 1021 militantis
1018 977 1080 1019 ma-

151 1040 200 1122 gia
221 1047 366 1121 operatur
397 1045 526 1123 gratiam
557 1045 697 1124 spiritus,
736 1062 826 1123 quam
860 1043 1079 1105 remissionem

150 1141 337 1205 poenarum,
375 1134 407 1186 et
434 1125 553 1187 videtur
580 1129 654 1188 satis
676 1127 775 1188 viliter
796 1127 958 1224 tractari,
971 1126 999 1186 ai
1020 1144 1079 1206 pro

151 1226 321 1304 poenarum
342 1209 525 1270 remissione
546 1211 725 1306 applicetur,
749 1229 817 1270 oum
839 1205 981 1271 remissio
1004 1227 1079 1290 poc

151 1309 258 1350 narum
283 1292 321 1350 sit
343 1291 523 1352 vilissimum
545 1293 690 1353 donum
681 1314 712 1352 ιι
735 1293 885 1369 ecclesia,
907 1293 1033 1353 etiam
1023 1311 1078 1353 rm

152 1373 213 1456 piis
234 1373 388 1452 donabile,
412 1381 443 1435 et
464 1376 532 1437 sola
554 1377 649 1437 clavis
670 1382 836 1457 potestate,
859 1339 892 1436 ui
912 1374 1047 1436 videtur.

455 1504 533 1565 Dico
557 1504 692 1565 secundo
717 1503 760 1588 ¹):

232 1619 371 1680 Νοιι
326 1640 356 1680 ιι
360 1621 487 1702 telligo,
510 1622 666 1702 quomodo
684 1629 737 1683 aut
759 1622 830 1702 quid
853 1619 927 1699 fiat,
949 1619 1077 1700 quando

150 1692 234 1847 Pa
255 1703 386 1765 eundem
408 1705 582 1766 thesaurum
607 1706 743 1786 applicat
774 1724 830 1785 pro
853 1702 1001 1785 suffragio
1027 1703 1078 1765 de·

164 1792 334 1849 unctorum
357 1785 458 1848 Causa
480 1794 527 1849 eat
548 1788 639 1848 haec:

156 1934 159 1939 ,
233 1869 352 1947 Prima,
382 1872 454 1950 quia
483 1871 589 1931 iterum
624 1889 686 1931 non
713 1871 782 1968 plus
813 1869 932 1932 videtur
960 1868 1075 1946 facere,

150 1970 323 2095 dmm
265 1951 348 2031 quod
371 1953 409 2015 de
431 1953 513 2015 facto
536 1952 578 2014 fit.
615 1954 694 2014 Nam
714 1957 857 2015 universa
879 1950 1014 2013 eeclesia
1036 1951 1076 2013 de

161 2041 233 2097 acto
255 2041 323 2096 orat
350 2043 381 2097 et
401 2035 547 2118 suffragat
548 2057 583 2098 ur
604 2056 660 2117 pro
683 2036 851 2114 defunctis,
881 2035 940 2095 nisi
963 2036 1074 2096 iterum

150 2117 201 2181 hic
244 2125 344 2178 utetur
368 2118 399 2179 id
421 2120 522 2181 lacere
546 2119 742 2188 declarativa
786 2120 854 2180 Nec
874 2117 979 2196 video,
1001 2117 1075 2197 quid

150 2200 203 2263 illu
242 2201 352 2297 obstet,
374 2202 469 2281 quod
464 2202 549 2263 ιιιοιι
537 2209 584 2263 tur
605 2203 644 2263 de
668 2204 770 2282 missa,
792 2222 871 2282 quae
892 2201 960 2281 plus
983 2201 1075 2281 prod·

148 2291 207 2363 est,
231 2285 257 2344 ai
280 2304 334 2364 per
355 2285 547 2346 sacerdotem
567 2287 618 2345 uni
641 2286 821 2365 applicetur,
843 2303 933 2364 quam
958 2285 983 2344 si
1006 2285 1074 2345 sine

151 2367 358 2450 applicatione
379 2387 435 2448 pro
460 2369 601 2429 omnibus
624 2369 759 2430 celebret
747 2377 803 2429 t.ur
836 2369 948 2429 Fateor
969 2365 1001 2427 id
1025 2387 1075 2428 ve

151 2470 217 2512 rum
239 2469 258 2509 a
281 2470 330 2511 me
353 2451 455 2529 credi,
478 2452 531 2512 sed
554 2471 654 2532 papa,
682 2458 714 2513 ut
736 2471 871 2513 summus
894 2456 926 2510 et
946 2469 1076 2530 genera

152 2532 187 2592 lis
210 2534 346 2594 omnium
371 2533 525 2611 sacerdos,
550 2542 633 2594 certe
655 2554 716 2595 non
739 2541 843 2615 potest
865 2533 923 2593 nisi
946 2552 1076 2613 genera

149 2616 220 2681 liter
241 2617 414 2697 applicare,
447 2619 509 2677 imo
533 2618 625 2677 debet
646 2618 676 2678 id
698 2618 811 2695 facere,
835 2618 926 2677 etiam
949 2616 1019 2676 sine
1042 2616 1076 2675 li·

154 2700 227 2761 teris
250 2700 418 2763 veniarum.

235 2781 394 2861 Secunda,
420 2802 489 2844 oum
517 2802 572 2862 per
593 2782 800 2863 indulgentias
834 2801 895 2842 non
919 2782 1076 2842 remittan-

152 2871 200 2927 tur
221 2867 279 2926 nisi
302 2885 424 2944 poenae
447 2868 631 2944 canonicae,
651 2885 774 2947 prorsus
797 2883 860 2925 non
880 2883 1008 2943 possum
1032 2864 1076 2926 in-

152 2947 306 3029 telligere,
328 2949 416 3027 quid
438 2949 597 3010 animabus
621 2950 807 3025 remittatur,
845 2966 913 3007 cum
937 2965 1077 3008 canones

153 3050 205 3093 eas
227 3050 290 3092 non
314 3031 418 3112 ligent.
462 3032 644 3112 Deniquein
667 3038 765 3093 morte
788 3035 859 3090 sunt
847 3029 918 3090 tab
941 3029 1003 3089 illis
1024 3029 1077 3090 ab

152 3113 282 3193 solutae,
304 3133 372 3174 cum
396 3117 494 3175 omnis
517 3114 662 3175 sacerdos
684 3116 723 3175 sit
743 3133 842 3210 papa·
846 3115 877 3173 in
896 3111 975 3171 bora
998 3131 1078 3173 mor-

152 3199 201 3261 tis.
243 3198 320 3259 item
343 3197 426 3276 quod
448 3198 532 3258 nulla
559 3201 662 3258 anima
694 3199 772 3277 patit
774 3217 808 3256 ur
835 3197 865 3255 in
893 3197 1077 3275 purgatorio

151 3299 207 3362 pro
236 3279 411 3342 criminibus
439 3287 471 3341 et
459 3277 669 3342 tmortalibus
691 3281 844 3361 peccatis,
879 3278 933 3338 sed
956 3284 1076 3338 tantum

151 3384 207 3447 pro
231 3364 419 3443 venialibus,
455 3372 487 3424 ut
509 3364 576 3425 dist.
599 3364 694 3426 XXV
718 3383 744 3425 c.
768 3361 883 3437 Qualis.
929 3361 1077 3423 Oenones

152 3455 255 3509 autem
276 3411 541 3525 venialibirs,1mo
565 3447 744 3508 mortalibus
767 3445 896 3506 occultis
918 3463 982 3505 non
1006 3453 1079 3506 aunt

32 3590 35 3603 ,
152 3531 304 3611 impositi,
335 3529 388 3591 sed
412 3538 528 3609 tentum
551 3529 727 3591 criminibus
750 3529 900 3609 cognitis,
930 3533 965 3586 ut
984 3547 1081 3608 supra

208 3771 237 3834 l)
259 3767 344 3822 lbld.:
364 3766 494 3820 secunda.
