2356 4200
470 283 506 345 'a
525 287 597 346 1516
614 287 711 345 habiti.
740 372 746 379 ι
1017 282 1057 355 91

138 462 194 533 tes,
222 475 264 518 ne
284 455 397 519 ludaei
417 459 593 538 rapuissent
613 459 754 520 fortasse.
796 456 837 518 at
857 459 1060 537 introeuntes,

135 539 200 599 dum
224 541 271 599 sic
293 547 510 602 consternatae
531 563 634 603 rursus
656 543 813 620 intrarent,
835 543 880 602 sic
900 548 934 602 ut
958 543 1060 603 solent

135 622 285 700 dolentes,
297 643 368 684 num
383 625 479 684 semel
487 633 662 686 contemtus
676 644 755 703 esse,
770 624 1058 705 inquisse*).Luc.:

133 706 212 766 Ecce
236 705 299 767 duo
322 708 378 767 viri
401 715 552 769 steterunt
571 711 658 768 iuxta
679 708 748 769 illas
771 709 802 767 in
817 714 904 768 veste
918 708 1057 789 fulgenti.

134 788 291 850 Steterunt
318 796 391 871 post
416 791 488 851 illos
514 792 694 872 loquentes.
744 791 853 853 Marc:
908 792 1097 855 Viderunt.

133 873 275 932 iuvenem
300 874 459 935 sedentem
481 876 512 935 in
540 875 656 935 dextris
679 880 861 956 coopertum
884 874 966 935 stola
987 894 1056 935 cun-

133 955 213 1030 dida,
237 963 269 1015 et
291 956 523 1035 obstupuerunt,
546 959 595 1018 hic
617 963 665 1018 est
685 957 823 1037 angelus,
847 958 898 1036 qui
919 957 1057 1020 revolve-

132 1047 176 1098 rat
200 1038 347 1117 lapidem,
370 1046 401 1098 et
414 1039 534 1100 Marcus
557 1040 639 1100 hunc
659 1042 800 1100 nominat
815 1040 918 1114 alium,
942 1047 1057 1119 tacens,

133 1121 215 1200 quod
239 1141 317 1181 unus
331 1123 553 1184 ‘tantummodo
577 1124 729 1184 allocutus
752 1133 800 1183 est
822 1142 886 1200 eas,
908 1123 980 1183 lieet
1000 1122 1056 1184 Lu·

133 1223 183 1264 cas
207 1203 307 1280 dieat,
347 1206 429 1283 quod
463 1206 595 1266 dixerint
626 1205 665 1265 ad
688 1205 773 1282 illas,
809 1207 896 1265 unius
930 1206 1056 1284 locutio,

131 1296 259 1366 propter
281 1288 508 1350 similitudinem
527 1291 613 1350 vocis
635 1289 673 1348 de
690 1287 848 1351 ambobus.
886 1288 1056 1368 Obstupue-

131 1377 201 1431 runt
223 1377 255 1430 et
276 1377 310 1430 ut
329 1370 427 1431 Lucus
448 1374 506 1432 ait:
550 1371 625 1432 Cum
657 1373 799 1433 timerent
824 1378 927 1432 autem
954 1378 985 1432 et
1005 1371 1056 1433 de·

132 1453 284 1512 clinarent
304 1454 422 1514 vultum
442 1455 473 1523 in
497 1462 619 1527 terram,
641 1454 783 1515 dixerunt
804 1453 843 1514 ad
863 1454 942 1514 illas.
970 1455 1055 1516 Unus
1164 1514 1172 1528 ,

132 1537 251 1596 scilicet
272 1536 394 1597 illorum
417 1538 585 1598 seeundum
597 1537 701 1598 Matth.
725 1545 756 1597 et
777 1538 920 1600 Marcum.
966 1537 1056 1599 Unde

132 1626 163 1678 et
184 1620 293 1680 Mattlr.
317 1626 349 1679 et
366 1621 458 1681 Marc.
469 1643 476 1681 :
487 1621 702 1700 ,Respondens
716 1626 819 1680 autem
837 1621 965 1700 angelus
979 1620 1056 1681 dixit

133 1701 321 1764 mulieribus.
358 1702 438 1777 Quid
458 1705 618 1783 respondit
639 1723 701 1764 non
725 1703 951 1783 interrogatus?
994 1703 1056 1764 Sed

132 1805 236 1845 aarum
271 1786 550 1865 perturbationibus
579 1786 738 1864 dixerunt,
769 1787 828 1847 heu
851 1787 956 1865 nobis,
987 1787 1055 1865 quis

132 1867 277 1928 sustulit?
320 1869 389 1944 Quo
412 1869 573 1949 pervenit?
596 1870 650 1929 His
671 1869 905 1948 quaestionibus
927 1888 1053 1948 respon-

132 1949 186 2027 dit,
207 1970 271 2009 non
294 1951 394 2011 solum
417 1959 520 2012 autem
541 1953 604 2029 his,
626 1952 681 2012 sed
704 1960 734 2013 et
756 1952 920 2013 terroribus
943 1957 975 2011 et
995 1959 1055 2013 stu-

131 2033 269 2113 poribus,
292 2036 438 2111 quoniam
462 2034 611 2096 timebant
634 2043 665 2097 et
686 2035 851 2115 stupebant
872 2036 944 2095 visis
964 2055 1055 2115 ange-

130 2117 178 2175 lis.
222 2117 344 2178 Manu:
380 2118 629 2179 Noliteltimere.
676 2119 786 2179 Mare:
829 2118 1055 2197 Expavescere.

130 2199 256 2258 Mutila:
280 2200 345 2260 Vos
368 2202 432 2260 scio
456 2203 549 2277 onim⁷
572 2201 783 2280 quodJesnm.
826 2201 935 2260 Mare:
958 2201 1055 2261 Naza-

130 2301 247 2341 renum.
292 2283 413 2344 Matth.:
444 2284 503 2357 Qui
532 2284 693 2344 crucifixus
723 2285 943 2363 est‘quaeritis,
987 2284 1055 2343 Hoc

131 2363 219 2441 dicit,
254 2372 288 2424 nt
316 2385 369 2424 eas
392 2366 561 2445 confortet,
589 2366 627 2426 ud
660 2366 844 2426 audiendum
870 2366 994 2427 verbum
1017 2366 1056 2428 de

129 2448 357 2507 resurrectione
377 2450 512 2509 Domini.
562 2449 633 2509 Non
656 2458 703 2510 est
723 2451 787 2528 hic,
812 2451 943 2509 surrexit
963 2451 1053 2529 enim,

129 2531 209 2589 sicut
231 2529 309 2590 dixit
330 2532 428 2593 vobis.
471 2533 557 2592 Haec
585 2533 745 2612 respondit
771 2553 874 2593 earum
904 2534 1054 2610 quaestio·

130 2612 237 2689 nibus,
259 2620 291 2673 et
313 2613 420 2692 solvit,
452 2617 539 2693 quasi
568 2614 698 2676 diceret:
741 2616 814 2676 Non
842 2623 888 2675 est
916 2615 1054 2676 sublatus

130 2715 149 2754 a
170 2695 308 2773 iudaeis,
331 2697 384 2756 sed
408 2700 546 2759 surrexit.
583 2697 623 2758 Et
644 2698 790 2778 sequitur,
812 2698 883 2758 Luc.
905 2699 968 2759 imo
981 2706 1054 2760 ante

129 2777 191 2837 hoo
221 2778 347 2838 verbum
379 2779 466 2840 dicit:
510 2780 591 2855 Quid
624 2783 769 2859 quaeritis
796 2783 950 2841 viventem
984 2801 1053 2841 cum
1127 2821 1128 2826 κ

130 2861 267 2943 mortuis.
306 2861 375 2921 Non
393 2871 441 2923 est
456 2864 515 2936 hic,
527 2863 580 2923 sed
597 2866 737 2941 surrexit,
757 2865 963 2924 recordamini
984 2884 1055 2944 qua
1130 2880 1134 2887 ’

129 2944 199 3003 liter
220 2944 343 3003 locutus
363 2953 411 3006 est
432 2947 530 3023 vobis,
555 2966 622 3006 cum
641 2947 741 3007 adhuc
755 2949 785 3007 in
803 2947 943 3008 Galilaea
961 2955 1056 3029 esset,
1117 2961 1120 2965 '

129 3027 236 3086 dicens
259 3027 342 3105 quod
366 3037 489 3108 oportet
509 3030 602 3089 tilium
626 3030 758 3091 hominis
781 3031 858 3090 trudi
890 3032 920 3090 iu
945 3051 1051 3092 luanus

128 3117 347 3186 peccatorum,
384 3121 415 3170 et
447 3111 583 3191 crucifigi
614 3120 644 3172 et
677 3114 767 3174 tertia
800 3114 849 3173 die
882 3134 1051 3194 resurgere.

127 3191 200 3253 Luc.
224 3194 354 3270 exponit
375 3193 497 3254 verbum
521 3194 609 3272 illud,
639 3197 717 3256 sicut
737 3195 813 3256 dixit
832 3197 935 3276 vobis,
968 3198 1051 3276 quod

127 3274 233 3336 Mutth.
280 3276 400 3353 posuit:
444 3278 555 3336 Venite
582 3284 613 3337 et
642 3278 753 3339 videte.
803 3280 913 3340 Mare:
961 3281 1053 3343 Ecce.

125 3356 249 3419 Maur:
286 3357 400 3417 Locum
431 3358 480 3418 ubi
503 3361 622 3438 positus
645 3369 710 3421 erat
730 3362 896 3438 Dominus,
930 3372 961 3424 et
990 3367 1050 3426 cito

127 3448 235 3499 euntes
271 3439 363 3499 dicite
399 3440 554 3521 discipulis
591 3444 665 3505 eius.
717 3445 827 3505 Marc:
876 3446 916 3507 Et
947 3447 1049 3509 Petro,

125 3520 248 3582 Maria:
293 3522 384 3596 Quod
406 3527 552 3601 surrexit,
583 3534 614 3586 et
642 3545 715 3587 ecoe
742 3529 907 3607 praecedet
938 3551 995 3590 vos
1017 3534 1048 3592 in

181 3714 212 3778 *l
232 3711 308 3763 Nihil
328 3713 371 3763 hic
391 3729 498 3767 sensus.
529 3713 687 3783 Legendum
708 3715 815 3767 forsan:
834 3718 889 3768 iam
910 3724 989 3772 erant
1007 3722 1045 3772 in-

123 3794 247 3851 grassae.
