2356 4200
128 253 191 320 130
455 256 602 312 Sermones
621 256 732 311 lutheri

128 445 238 508 parare
260 427 359 507 decet,
380 426 436 488 sed
457 447 516 488 nee
536 428 675 505 furiosis,
704 430 776 507 quia
808 429 867 489 etsi
894 427 1001 488 furiosi
1021 429 1052 488 in

129 512 191 570 suis
215 510 333 571 damnis
355 511 533 572 errorevel
554 511 642 571 melis
664 512 832 591 laetentur,
862 511 911 571 vel
934 510 1054 572 rideant

128 600 190 737 pqq
207 592 407 738 tilplvqppentur,
429 595 546 655 faciunt
566 600 670 655 tamen
692 594 724 654 id
745 596 926 675 ignoranter
947 601 979 655 et
998 613 1054 674 per

517 841 665 934 Sermo
725 870 728 879 ·

239 979 441 1042 Dominica
457 978 540 1048 XIX
562 986 652 1061 post
673 978 893 1043 Trinitatis.
909 978 947 1057 *)

214 1097 275 1156 Ter
296 1097 357 1156 boo
378 1097 574 1177 evangelium
597 1097 794 1157 commendat
815 1104 846 1156 et
866 1114 1051 1158 commemo·

130 1186 178 1240 rat
201 1180 294 1240 fidem
316 1182 405 1239 istius
425 1179 533 1260 reguli.
576 1180 677 1240 Primo
700 1186 733 1240 ut
754 1180 788 1241 B.
810 1178 979 1261 Gregorius
1000 1181 1050 1259 ait,

128 1265 202 1342 quia
225 1262 289 1323 abit
309 1282 420 1343 rogare
441 1281 497 1343 pro
525 1282 621 1343 puero
651 1282 722 1340 suo,
754 1264 813 1323 uisi
847 1264 929 1322 enim
957 1263 1049 1323 credi·

129 1346 247 1424 disret,
279 1365 342 1405 non
387 1353 537 1426 rogasset.
582 1346 739 1407 Secundo
758 1353 939 1426 postquem*
957 1347 1050 1426 impe

126 1429 229 1506 travit,
253 1428 304 1488 ubi
327 1428 416 1507 dicit,
452 1428 582 1488 credidit
603 1430 697 1489 homo
721 1431 855 1489 sermoni
876 1435 949 1508 eta,
981 1447 1049 1491 cun

127 1519 231 1571 tamen
255 1512 343 1590 quasi
365 1511 539 1571 incredulus
561 1514 645 1591 prius
668 1532 687 1573 a
709 1512 830 1572 Christo
862 1512 919 1572 tuit
946 1512 1048 1574 obiur-

127 1601 227 1674 gatus,
251 1593 383 1673 dicente,
406 1596 465 1654 nisi
487 1596 577 1674 signa
596 1602 628 1655 et
648 1595 790 1675 prodigia
811 1593 957 1672 videritis,
986 1613 1048 1655 uon

127 1677 263 1737 creditis.
306 1677 410 1737 Tertio
433 1684 597 1757 postquam
621 1678 746 1738 domum
769 1678 869 1756 venit,
903 1676 954 1738 ubi
977 1676 1048 1737 diei·

127 1767 184 1838 tur,
207 1759 336 1820 credidit
357 1762 423 1839 ipse
446 1765 477 1819 et
498 1760 607 1821 domus
630 1762 696 1820 eius
722 1767 796 1821 tote.
828 1761 862 1820 ln
890 1759 939 1819 his
960 1760 1048 1822 nobis

129 1851 191 1903 tres
214 1841 286 1902 fidei
308 1843 421 1924 gradus
444 1843 589 1923 descripti
613 1851 692 1921 sunt,
725 1844 844 1903 scilieet
865 1844 1048 1922 incipientis,

128 1925 327 2005 proficientis,
350 1927 514 2005 perfectae.
557 1928 736 2006 incipientis
764 1925 844 1986 tides
876 1932 937 2004 est,
969 1944 1049 2005 quae

127 2027 166 2069 ex
200 2009 354 2069 miraculis
387 2027 424 2068 ac
452 2011 547 2089 signis
574 2009 624 2070 vel
653 2011 772 2090 maguis
801 2017 832 2069 et
854 2009 1048 2089 generalibus

126 2110 163 2152 ac
185 2092 388 2173 singularibus
409 2092 468 2152 Dei
490 2093 633 2172 operibus
656 2091 699 2170 fit,
728 2092 827 2171 qualis
857 2093 887 2151 in
915 2091 987 2151 filiis
1008 2091 1049 2151 Ia·

126 2175 191 2235 rael
211 2176 243 2234 in
266 2175 421 2256 Aegypto,
444 2183 475 2235 et
495 2176 632 2254 quotidie
659 2175 693 2235 fit
719 2177 750 2234 in
784 2175 958 2236 homiuibus
980 2175 1047 2254 Dei,

131 2257 240 2337 quibus
263 2265 294 2318 et
314 2259 382 2319 Deo
404 2260 436 2317 in
462 2259 522 2318 illis
550 2258 696 2337 creditur,
731 2258 855 2338 quaudo
884 2258 1070 2319 manifesto'

128 2341 212 2402 dono
243 2340 293 2401 vel
323 2361 417 2421 opere
444 2343 582 2422 insignes
610 2350 682 2400 sunt
703 2361 778 2421 prae
800 2343 919 2402 ceteris.
961 2341 1049 2402 Haec

127 2423 204 2484 fides
228 2425 410 2503 poscitur*)
435 2443 556 2504 semper
580 2426 675 2505 signis
697 2422 887 2502 huiusmodi,
905 2424 960 2484 sed
983 2443 1046 2486 uon

128 2514 251 2586 oportet
272 2507 312 2568 ibi
335 2507 411 2570 sisti.
455 2506 506 2567 Sia
526 2509 584 2568 iste
605 2508 728 2588 regulus
762 2507 872 2568 auditis
902 2506 1047 2568 mirabili·

127 2589 184 2650 bus
206 2589 317 2650 Christi
340 2590 483 2669 credidit,
515 2589 569 2651 sed
591 2591 690 2652 voluit
710 2590 753 2649 ibi
774 2592 897 2669 sistere,
930 2592 994 2651 imo
1026 2607 1047 2652 a

128 2672 248 2734 Christo
270 2672 327 2732 fuit
348 2673 526 2754 obiurgatus
548 2680 580 2734 et
600 2679 772 2751 accusatus,
795 2673 878 2752 quod
896 2692 958 2734 uon
980 2692 1047 2734 ere·

128 2755 229 2816 deret:
253 2757 325 2834 quia
347 2758 483 2835 quinon
514 2758 580 2817 vult
607 2756 758 2837 proficere
791 2759 822 2816 in
850 2755 928 2835 fide,
964 2756 1047 2817 idem

127 2847 175 2899 est
195 2858 232 2898 ac
252 2840 278 2897 si
301 2859 363 2899 uon
386 2839 507 2919 credat,
534 2848 568 2900 ut
590 2848 675 2919 sunt,
711 2841 762 2918 qui
795 2838 872 2899 nulli
904 2840 1046 2919 praelato

126 2921 263 3000 credunt,
285 2924 343 2982 nisi
364 2921 485 2983 reddita
505 2925 549 2984 eis
570 2925 690 2984 ratione
712 2922 761 2983 vel
792 2924 880 3003 signo
905 2929 1043 3002 ostenso,

126 3012 160 3064 ut
181 3004 336 3084 quomodo
359 3005 390 3065 id
413 3006 561 3086 possibile
583 3026 652 3066 esse
674 3007 791 3085 capiat,
827 3024 864 3064 ac
898 3007 943 3065 sic
969 3005 1047 3065 fides

127 3097 236 3148 cesset.
268 3087 384 3163 Quales
408 3096 495 3149 eraut
515 3089 568 3148 filii
590 3090 685 3150 Israel
707 3090 740 3148 iu
762 3089 901 3166 desert03
923 3088 974 3148 hic
996 3106 1047 3149 oe

127 3170 267 3231 aiduntur
297 3170 352 3230 filii
379 3172 490 3251 lsrael,
524 3174 556 3231 in
584 3173 735 3252 principio
765 3178 869 3231 autem
890 3171 1047 3252 Aegyptii,

126 3255 177 3332 qui
199 3255 230 3313 in
254 3255 352 3334 primo
376 3254 571 3315 crediderunt
592 3256 754 3336 operibus,
785 3255 815 3313 in
835 3253 972 3315 seeundo
991 3273 1046 3315 no·

126 3336 248 3397 luerunt
269 3337 394 3398 eredere
417 3337 528 3416 verbis,
559 3338 631 3399 ideo
665 3338 841 3418 paucissimi
874 3344 961 3416 suut,
995 3338 1047 3416 qui

124 3419 289 3499 proliciunt
309 3421 340 3480 in
362 3420 433 3481 fide.
475 3420 643 3482 Proficieus
665 3439 739 3500 ergo
769 3426 832 3499 est,
869 3420 919 3481 ubi
950 3420 1046 3481 homo

180 3618 209 3686 ¹)
230 3618 306 3671 Fidei
333 3623 433 3672 natura
459 3619 513 3673 hoc
540 3632 668 3672 sermone
701 3620 823 3688 graviter
845 3619 1000 3688 explicatur
1020 3622 1047 3672 et

122 3690 225 3760 legitur
244 3690 318 3759 apud
337 3691 472 3744 Loeacher
492 3692 502 3742 l
522 3690 571 3746 291
594 3703 654 3758 sqq.
675 3690 780 3744 Walch.
799 3689 857 3759 xil,
877 3690 947 3746 2242
965 3705 1028 3759 sqq.

178 3763 206 3825 *)
224 3761 386 3832 Lagentium
406 3766 516 3832 potius:
536 3763 666 3833 pascitur.
687 3762 801 3816 boescb.
