2356 4200
406 326 431 363 a:
451 280 521 366 tiro
539 282 636 387 ninia.
925 313 989 377 145

81 497 149 539 nere
176 477 346 539 timendum
379 470 435 558 sit,
473 478 555 561 quod
589 460 800 559 damnentur,¹
822 446 997 565 antecoam-

77 562 179 639 sciant,
203 561 275 658 quid
299 563 339 628 sit
360 560 436 622 fides
460 571 512 624 aut
534 583 628 643 quare
650 565 841 644 damnentur,
864 574 895 628 et
916 575 988 630 sunt

75 651 268 706 communiter
289 642 389 724 tales,
409 647 460 725 qui
482 647 638 708 insensate
660 656 691 725 et
711 667 819 709 secure
840 649 989 717 incedunt

72 728 130 787 sine
167 727 314 809 scrupulo
349 730 558 805 conscientiae
588 738 619 790 et
648 733 758 791 timore
792 731 866 810 Dei,
901 737 1000 812 quasi.

69 828 155 892 gens,
186 817 220 870 ut
242 811 285 871 ait
305 810 420 891 isaias,
454 831 533 892 quae
554 814 699 873 iustitiam
721 814 829 875 fecerit
857 821 888 877 et
916 836 987 896 pac-

68 902 124 954 tum
145 892 207 953 Dei
229 895 277 954 sui
300 913 363 955 non
386 896 426 954 sit
447 895 553 957 oblita.
909 960 912 965 ,

142 975 286 1037 Alterum
303 995 433 1057 ¹quoque
450 998 548 1061 genus
569 979 736 1041 eorundem
756 979 915 1043 hominum
929 988 1001 1059 est,-

65 1059 165 1137 quiin
190 1079 246 1120 ore
268 1059 393 1139 habent,
416 1080 450 1121 se
472 1081 535 1122 non
557 1062 689 1122 libenter
710 1060 798 1135 velle,
813 1065 907 1143 mori,
930 1065 1002 1133 sed:

65 1142 178 1218 rivere,
201 1148 236 1203 ut
258 1140 378 1203 meliori
400 1144 462 1204 vita
484 1152 515 1205 et
539 1146 653 1205 meritis
677 1146 801 1221 valeant
823 1165 893 1207 sese
913 1167 1002 1227 pro.

63 1223 180 1285 videre:
227 1225 288 1286 uod
311 1225 449 1307 verbum,
472 1235 504 1288 ut
526 1234 573 1288 est
595 1227 717 1307 qnidam
741 1226 854 1289 bonum
873 1231 903 1293 in
918 1250 985 1310 spe·

62 1309 123 1386 cie,
144 1309 209 1368 ita'
242 1309 315 1370 abet
344 1310 635 1389 periculosissimam
674 1310 922 1391 intelligentiam,
953 1321 1003 1379 et}

61 1390 241 1469 timendum,
265 1400 382 1453 utnon
405 1392 579 1477 intelligant
601 1395 651 1473 qui
675 1388 718 1473 ita
739 1392 852 1474 dicunt.
893 1396 985 1456 lutei-

61 1473 158 1554 ligunt
183 1476 266 1535 enim
293 1476 445 1555 (timeoJ,·
466 1476 548 1556 quod
570 1478 666 1537 velint
688 1496 726 1537 eo
749 1479 925 1557 pervenire,
952 1487 987 1543 ut

60 1555 195 1617 videant
214 1564 246 1618 et
273 1567 445 1638 agnoscent
473 1580 507 1621 se
535 1580 603 1620 esse
633 1561 732 1621 bonos
755 1567 787 1627 et
807 1560 920 1629 bonnm
942 1562 995 1625 fa·.

61 1658 141 1715 cere,
163 1659 202 1700 ac
222 1641 302 1703 bene
324 1643 447 1704 vivere:
471 1640 553 1723 quod
576 1640 719 1719 sitierat,
744 1641 853 1713 melius
875 1645 920 1705 eis
937 1665 1006 1705 es-.

60 1729 106 1783 set
126 1742 164 1782 ac
187 1724 305 1804 fuisset,
328 1733 360 1784 ut
378 1725 492 1799 ¹millies
514 1725 644 1787 fuissent
668 1727 778 1787 mortui
800 1733 872 1791 autc
890 1727 1006 1789 talam.

59 1807 284 1887 cognitionem,
306 1827 355 1887 eo,
368 1808 451 1888 quod
468 1828 530 1869 non
542 1817 673 1889 possunt
690 1808 863 1887 superbiam
877 1811 986 1875 vitare..

58 1887 132 1950 Ideo
146 1889 257 1950 melius
272 1892 507 1973 compatientia
525 1899 654 1953 mortem
670 1891 869 1970 susciperent,
892 1911 987 1972 rpusm¹
1003 1944 1008 1955 .

59 1979 122 2031 tam
144 1971 366 2034 immortificati
387 1975 418 2034 in
440 1974 610 2071 spiritualia
632 1974 715 2035 bona
727 1975 876 2051 venirent,
899 1977 986 2047 sicut,

58 2054 169 2115 melius
192 2062 241 2116 est
260 2058 363 2136 pueris
386 2077 473 2136 morr,
495 2065 658 2137 antequam
674 2057 757 2119 bona
769 2065 800 2117 et
813 2058 981 2123 rnalacor·

58 2138 180 2216 poralia
201 2135 310 2216 sciunt,
331 2141 375 2200 ita
395 2141 470 2219 istie,
492 2147 657 2220 antequam
678 2139 857 2218 spiritualia.
900 2140 978 2203 Nam

59 2222 116 2280 nisi
139 2222 208 2300 quis
232 2224 271 2282 sit
297 2223 432 2302 perfecte
460 2222 676 2302 mortificatus,
708 2222 777 2302 plus
807 2232 921 2284 nocent
951 2227 979 2285 ei

58 2305 185 2364 virtutes
208 2312 239 2365 et
260 2305 343 2366 bona
365 2326 469 2386 opera,
491 2326 582 2385 quam
597 2314 735 2386 peccata.
771 2304 889 2367 Sufficit
904 2327 979 2389 ergo

57 2387 133 2466 inis,
157 2387 241 2467 quod
264 2397 468 2469 agnoscentes
493 2410 548 2450 aua
570 2397 698 2469 peccata
720 2391 844 2469 cupiant
866 2397 897 2450 et
918 2392 979 2475 siti·

58 2477 111 2530 ant
132 2471 278 2531 iustitiam
310 2491 347 2532 ac
380 2474 511 2533 libenter
532 2474 709 2533 moriantur.
753 2472 835 2532 Mors
858 2475 978 2553 patiens

57 2555 131 2613 satis
155 2561 290 2614 meretur
310 2555 551 2635 sufficienter,’¹‘)
578 2558 649 2635 quia
670 2557 694 2615 si
722 2555 809 2616 lieret
831 2557 874 2616 eis
897 2558 978 2618 iusti-

57 2637 109 2714 tia,
133 2638 213 2697 sicut
234 2640 376 2718 cupiunt,
400 2640 501 2698 statim
525 2641 625 2699 satiati
649 2647 829 2699 evomerent
851 2658 918 2699 earn
941 2660 978 2700 ac

56 2728 246 2783 nausearent
268 2723 376 2783 securi.
427 2722 458 2783 Si
480 2723 688 2803 intelligerent
709 2728 810 2781 autem
832 2721 893 2782 hoc
913 2743 978 2783 ver·

57 2802 128 2863 bum
162 2813 268 2883 recte,
303 2806 419 2884 optime
449 2805 565 2866 vellent
600 2811 631 2864 et
662 2805 742 2865 bene
774 2803 978 2867 intenderent.

56 2887 133 2947 Nam
157 2888 362 2967 intelligentia
382 2909 456 2949 vera
479 2897 526 2949 est
547 2888 633 2967 haec,
656 2887 739 2967 quod
759 2887 830 2947 ideo
851 2890 977 2949 omnino

57 2969 153 3030 velint
166 2990 235 3031 esse
257 2971 341 3051 boni,
364 2980 396 3032 ut
417 2972 595 3040 solu'sDeus
618 2972 649 3031 in
672 2970 733 3030 hoc
754 2967 978 3050 glorificaretur

57 3060 86 3111 et
115 3055 275 3131 proximus
307 3055 441 3136 iuvetur,
475 3055 549 3114 nihil
578 3053 703 3117 solliciti
735 3052 774 3113 de
802 3055 917 3117 meritis
941 3073 978 3114 ac

56 3137 200 3214 praemiis
222 3156 281 3197 nec
302 3137 341 3197 de
363 3140 473 3199 timore
495 3157 616 3217 poenae
638 3136 756 3199 inferni.
801 3135 977 3198 Sicaniam

56 3238 123 3279 esse
149 3219 310 3300 affectum,
340 3229 374 3281 ut
395 3221 470 3281 nihil
494 3220 550 3280 sibi
573 3218 746 3279 demeritis
770 3238 806 3278 ao
828 3222 973 3298 praemiis

56 3304 116 3362 suis
141 3302 291 3381 vindicet,
325 3312 356 3364 et
386 3324 481 3384 opera
502 3304 560 3364 Dei
582 3302 753 3382 intelligere
775 3321 813 3361 ea
835 3322 905 3363 esse
926 3322 973 3364 so-

56 3385 128 3465 lius,
158 3406 218 3447 nec
247 3386 315 3467 plus
338 3407 376 3448 aa
398 3386 454 3447 sibi
476 3405 638 3466 arrogare,
668 3404 758 3464 quam
793 3385 819 3444 si
852 3385 882 3446 S.
916 3386 976 3446 An·

56 3467 146 3529 dreas
175 3471 244 3549 ipsa
273 3470 411 3549 lecisset,
440 3490 562 3549 semper
593 3487 717 3528 manere
748 3469 778 3535 in
810 3487 884 3529 suae
912 3471 976 3530 nul·
1013 3532 1016 3539 ,

57 3551 149 3612 litatis
172 3555 388 3613 aestimatione
412 3561 443 3613 et
465 3553 652 3632 cognitione,
668 3558 699 3610 et
716 3552 776 3613 hoc
793 3551 892 3629 ipsum
910 3554 976 3612 sine

56 3633 128 3696 dolo
153 3643 185 3696 et
206 3634 342 3713 fictione,
365 3636 447 3716 quod
470 3637 536 3697 sine
559 3635 780 3714 perfectissima
801 3636 974 3714 gratianon

109 3803 140 3864 ⁸)
156 3801 259 3887 Sordes
276 3818 313 3851 ex
329 3802 426 3853 schola
443 3803 674 3855 Romanensium.

58 3914 152 3950 Lutum
162 3924 212 3960 opp.
231 3916 252 3954 V.
265 3917 293 3955 Α,
308 3919 339 3956 ad
350 3923 392 3961 reti
406 3923 458 3963 bist.
472 3925 488 3964 1.
503 3937 528 3976 p.
545 3928 589 3971 Vol
604 3932 621 3971 L
725 3935 769 4007 10
