2356 4200
179 247 242 316 474
470 252 549 306 liert.
569 252 648 308 Loth.
667 252 799 307 Delmio

178 420 337 483 amentiam
360 423 423 483 suis
444 424 571 504 pingere
591 421 760 500 coloribus,
798 424 850 503 qui
885 424 988 484 norim
1010 423 1102 484 homi·

178 522 249 566 nem
273 505 352 564 intus
375 512 406 566 et
429 509 458 565 in
481 513 565 584 cute,
588 506 653 585 qui,
676 512 709 566 ut
729 506 818 586 lupus
840 505 882 567 ad
906 506 1103 586 philomelam

181 587 272 649 dixit:
295 587 367 648 Vox
390 595 448 666 est,
470 608 508 649 ac
528 595 688 668 praeterea
709 588 794 649 nihil.

261 688 329 769 Ego
358 708 448 766 vero,
478 690 535 748 etei
562 687 825 768 indigniorenm,
860 707 954 768 quarn
994 696 1027 749 ut
1060 689 1103 748 his

179 770 289 832 Obristi
307 770 431 831 Domini
453 773 512 831 mei
536 771 754 832 tentationibus
778 772 963 844 conformer,
988 774 1039 851 qui
1061 773 1102 832 in-

179 854 265 914 terna
287 854 398 916 millies
421 856 525 932 merui,
549 860 652 914 tamen
674 853 798 933 quando
821 855 865 914 sic
886 855 1037 935 placitum
1060 861 1106 916 est

180 938 211 996 in
234 931 332 996 oculi's
355 938 582 998 misericordiae
604 935 679 1014 Dei,
709 956 772 996 non
803 937 948 998 abiiciam
977 939 1102 1023 gratiam

180 1021 255 1098 eius,
279 1028 310 1079 et
332 1039 399 1079 cnm
422 1020 538 1080 invidia
559 1019 732 1098 invidiaque
754 1039 792 1078 ac
807 1020 972 1081 malevolis
995 1021 1103 1081 calum-

180 1102 350 1163 niatoribus
372 1103 502 1164 libenter
524 1104 681 1182 negotium
712 1102 850 1177 habebo,
889 1120 954 1163 non
989 1106 1103 1164 minore

179 1185 290 1246 fiducia
314 1188 471 1247 veritatem
495 1192 602 1246 contra
625 1184 786 1245 mendacia
799 1185 991 1264 defensurus,
1017 1205 1102 1265 qoam

178 1269 223 1328 illi
246 1276 514 1349 praesumpserunt
537 1267 697 1328 mendacia
720 1276 828 1328 contra
850 1270 1013 1329 veritatem
1038 1288 1101 1349 pro·

184 1351 304 1411 ducere.
799 1372 803 1378 ’

262 1451 363 1526 Quare
384 1457 423 1529 te,
447 1451 546 1511 lactor
568 1451 736 1527 carissime,
758 1471 792 1512 ro
818 1470 836 1512 o
860 1453 892 1511 in
906 1451 967 1512 bac
980 1471 1026 1530 re,
1049 1471 1102 1513 nec

179 1534 262 1611 mihi,
286 1553 344 1594 nec
357 1534 462 1615 Eccio,
485 1553 543 1594 nec
564 1472 908 1610 iratribusilliedaveas‚
933 1534 989 1596 sed
1012 1554 1103 1616 purae

178 1623 210 1679 et
230 1617 361 1697 simplici
383 1618 502 1677 veritati
524 1637 631 1698 purum
656 1623 687 1676 et
708 1636 726 1676 a
748 1615 854 1678 studiis
877 1618 1013 1697 partium
1037 1618 1104 1679 alie·

178 1719 250 1760 num
283 1701 417 1759 animum
449 1698 590 1779 adverte,
623 1699 784 1780 solumque
819 1699 850 1759 id
884 1707 1008 1780 specta,
1043 1720 1102 1763 non

180 1781 270 1865 quam
295 1782 391 1842 multa
410 1783 455 1842 illi
487 1783 535 1842 val
567 1802 626 1864 ego
659 1781 892 1861 adduxerimus,
924 1783 979 1844 sed
1017 1802 1104 1864 quam

180 1873 261 1946 apte,
284 1885 377 1945 quam
400 1867 534 1945 proprie,
557 1865 607 1926 vel
624 1864 663 1925 ad
686 1885 804 1926 sacram
828 1865 1036 1947 scripturam,
1059 1866 1104 1927 vel

180 1947 220 2009 ad
236 1950 348 2009 iustam
369 1951 496 2009 rationis
529 1949 715 2028 opinionem.
760 1947 850 2027 Quod
873 1968 892 2009 a
914 1953 945 2009 te
968 1949 1032 2011 hoc
1054 1969 1104 2010 uo·

180 2032 262 2092 mine
284 2051 374 2111 quam
397 2032 487 2092 enixe
509 2039 600 2111 peto,
632 2029 715 2110 quod
750 2034 808 2092 mei
838 2032 934 2091 morie
958 2034 1013 2112 sit,
1046 2052 1105 2093 nou

181 2113 260 2176 a‘deo
283 2114 394 2187 multa,
425 2114 478 2174 sed
507 2112 615 2174 eadem
644 2116 769 2194 proprie
798 2112 1008 2193 et‘quantum
1044 2115 1104 2176 lieri

180 2205 292 2278 potest,
315 2204 387 2278 apte
409 2197 447 2257 ad
470 2217 533 2258 rem
557 2197 720 2258 adducere.
833 2196 836 2201 “

263 2303 347 2363 Eccii
377 2311 484 2364 contra
507 2303 613 2363 unicus
635 2321 748 2382 scopus
771 2303 825 2380 sit,
851 2321 943 2382 quam
977 2302 1107 2382 plurima

181 2386 352 2464 eademque
375 2393 436 2445 turn
458 2387 630 2466 peregrina,
653 2392 716 2445 tum
739 2386 906 2465 pugnantia
926 2385 1106 2467 producere,

182 2470 281 2531 solum
301 2476 333 2529 ut
357 2469 450 2528 multa
482 2469 579 2531 saliva
601 2475 710 2529 coacta
734 2468 859 2528 multum
883 2477 995 2548 spuet,
1027 2469 1106 2529 nulla

181 2573 306 2634 prorsus
329 2552 448 2613 ratione
476 2552 596 2631 habita,
629 2551 728 2628 unde,
760 2570 836 2630 qua,
869 2550 943 2629 quid
972 2558 1028 2612 aut
1049 2571 1106 2632 quo

181 2636 285 2696 valeat
306 2636 388 2715 quod
411 2635 559 2714 loquitur,
589 2634 792 2712 nequeenim
816 2633 887 2693 mihi
910 2634 1033 2695 inistis
1056 2635 1107 2695 So-

181 2720 290 2800 phistis
319 2718 403 2780 aliud
437 2738 535 2798 aeque
567 2717 725 2797 displicet,
761 2736 851 2796 quarn
885 2716 968 2795 quod
1007 2717 1108 2778 dedita

183 2821 279 2882 opera
299 2823 317 2861 a
343 2802 443 2863 verbis
461 2820 567 2862 sacrae
590 2800 764 2881 scripturae
797 2799 924 2879 fugiunt.
970 2798 1105 2875 Quorum

182 2903 259 2942 unus
282 2904 349 2944 mos
373 2893 419 2945 est
441 2885 556 2946 dicere:
586 2883 691 2945 Sancti
714 2884 758 2944 eic
780 2881 939 2961 dixerunt,
961 2882 1107 2963 numquid

186 2971 218 3024 tu
232 2968 339 3026 -maior
361 2987 394 3027 es
417 2975 504 3047 patre
526 2974 632 3028 nostro
651 2965 828 3028 Abraham?
915 2994 921 3013 ›

265 3071 311 3131 Tu
333 3092 423 3151 vere,
451 3075 564 3150 lector,
595 3071 671 3134 illud
693 3072 856 3151 Augustini
887 3072 1032 3151 utrinque
1059 3072 1108 3134 ad-

182 3152 285 3215 hibeto
314 3152 525 3218 fidelissimum
553 3156 787 3231 documentum,
822 3173 883 3234 quo
916 3154 1008 3216 dicit:
1041 3157 1109 3238 Ego

183 3237 258 3297 solis
280 3239 327 3299 eis
350 3237 449 3316 libris,
473 3241 523 3317 qui
546 3239 688 3300 canonici
710 3236 920 3317 appellantur,
950 3237 1036 3299 hunc
1056 3240 1110 3301 ho·

182 3339 288 3381 norem
313 3320 431 3382 deferre
454 3322 563 3400 didici,
596 3327 629 3382 ut
651 3320 769 3382 nullum
798 3321 980 3398 scriptorem
1003 3341 1109 3384 eorum

183 3421 302 3464 errasse
323 3403 496 3464 firmissime
520 3404 653 3482 credam,
676 3410 795 3467 ceteros
811 3421 895 3478 vero,
918 3406 1111 3481 quantalibet

183 3488 347 3548 sanctitate
361 3487 562 3568 doctrinaque
579 3487 802 3568 praepolleant,
825 3486 869 3546 ita
889 3485 972 3567 lego,
997 3496 1110 3551 utnon

182 3568 253 3630 ideo
276 3590 381 3631 verum
405 3572 590 3650 existimem,
614 3572 685 3649 quia
706 3570 763 3649 ipsi
787 3570 833 3630 sic
854 3579 1038 3649 senserunt,
1058 3571 1112 3634 aed

182 3653 209 3712 si
237 3654 458 3714 canonicorum
487 3654 634 3715 librorum
667 3653 847 3730 autoritate,
875 3652 926 3713 rel
957 3654 1113 3732 probabili
