2356 4200
238 878 439 1007 duamur
466 877 694 976 conciones
722 880 769 973 D.
798 876 849 973 Μ.
864 985 867 993 ,
880 812 1074 981 Luthori

512 1097 541 1141 a.
559 1078 639 1144 1518
660 1077 793 1163 nautae.
866 1150 870 1157 ,

275 1266 367 1360 duno
389 1301 472 1365 1518
492 1318 585 1381 quum
615 1310 722 1364 mense
740 1300 822 1373 Maio
849 1300 899 1360 r'ct
921 1300 1018 1362 Junio
1037 1301 1120 1364 flit-

190 1387 327 1441 vsstcr
348 1381 530 1463 Prierias,
554 1385 700 1466 Magister
720 1384 829 1444 Palatii
842 1382 1030 1464 Apostolici,
1052 1385 1114 1447 aa

191 1480 261 1523 nae
282 1462 445 1526 Lnthemm
465 1468 609 1547 iuridice,
636 1475 671 1529 ut
690 1472 818 1544 vocent,
850 1467 1043 1527 haereticum
1066 1464 1118 1529 dc

191 1545 340 1607 cterasset
360 1553 392 1609 et
409 1549 478 1630 ipse
500 1568 562 1612 nna
589 1568 658 1610 cum
678 1550 871 1629 Hieronymo
900 1548 941 1609 de
963 1546 1118 1627 Oenotris,

182 1627 367 1690 ·Aseu1nnse
388 1632 419 1691 in
440 1651 517 1714 agro
538 1634 653 1695 Piceno
676 1633 827 1694 ecclesiae
848 1633 1001 1713 episcopo
1023 1639 1118 1714 atque

190 1710 340 1774 Auditorc
371 1713 521 1781 Gamerae
542 1716 762 1796 Apostolieae,
793 1714 833 1775 ad
864 1715 946 1776 hanc
972 1732 1117 1777 comeam

190 1794 344 1874 agendam
372 1802 475 1878 atque·
496 1798 722 1860 diiudicandum
744 1817 764 1859 a
783 1817 867 1879 papa
886 1797 980 1858 iudex
1002 1800 1118 1860 consti·

108 1947 118 1963 Ι
152 1895 155 1901 ·
191 1883 273 1938 tutus
295 1886 394 1959 esset,
422 1881 454 1942 hi
482 1900 590 1942 mense
611 1882 694 1943 tutio
728 1881 863 1943 eiusdem
886 1882 959 1941 anni
980 1888 1119 1943 exeunte

190 1959 355 2022 ludicrum
376 1980 433 2044 per
452 1965 556 2026 literas
568 1965 699 2025 Romam
714 1966 895 2039 citaverunt,
918 1962 1024 2024 ut'die
1045 1970 1119 2046 post

192 2043 369 2106 citationem
392 2055 552 2129 acceptam
581 2048 777 2130 sexagesimo
799 2048 937 2108 Romum'
957 2045 997 2106 sd
1032 2064 1119 2108 caus

192 2144 258 2215 sam
279 2127 442 2191 dicendam
465 2133 648 2212 perveniret,
671 2133 697 2190 si
719 2130 833 2209 nodet,
854 2129 921 2190 tore
942 2135 976 2190 ut
997 2128 1119 2211 etipse

189 2215 225 2270 et
245 2213 428 2292 quicumque
450 2232 521 2275 eum
543 2222 743 2293 sequerentur
770 2212 964 2289 deecclesia
992 2228 1119 2274 excom·

54 2368 59 2375 ⁵
178 2294 427 2366 'manicarentun
486 2295 516 2356 td
551 2297 723 2358 citatorium
753 2295 885 2356 Imthero
908 2292 959 2356 die
981 2296 1117 2376 septimo

190 2378 306 2436 mensis
330 2378 460 2461 Augusti
483 2385 531 2440 est
546 2379 694 2441 traditum
719 2377 860 2463 (Lutheri
889 2396 962 2458 opp.
989 2377 1043 2442 lat.
1067 2377 1117 2442 ed.

190 2456 261 2520 den.
281 2462 291 2519 1
312 2479 342 2540 p.
367 2464 424 2526 191
450 2463 521 2523 coll.
542 2454 628 2523 Luth'.
651 2462 730 2542 app.
762 2461 809 2523 ed.
833 2461 928 2521 Auris.
953 2463 980 2533 Ι,
1003 2463 1055 2540 53,
1078 2461 1118 2523 de

192 2541 297 2604 Wette
319 2545 330 2602 1
352 2564 381 2625 p.
399 2546 498 2618 131).
530 2544 629 2621 Quum
652 2562 728 2606 vero
749 2544 811 2605 iam
832 2546 923 2604 antea
944 2542 1117 2604 timendum

192 2633 284 2703 esset,
306 2646 345 2687 ue
366 2626 397 2687 id
420 2627 502 2707 quod
524 2629 637 2689 accidit
655 2628 800 2704 eveniret,
823 2635 914 2706 atque
937 2627 1031 2686 etiam
1055 2632 1117 2708 epi·

192 2710 280 2789 scopi
301 2711 469 2791 germanici
490 2730 660 2791 eorumque
679 2710 826 2771 officiales
848 2708 1013 2769 Lutherum
1038 2712 1117 2770 cius·

192 2811 253 2872 que
281 2793 415 2853 asseclas
443 2797 739 2856 excommunicatum
775 2795 811 2853 iri
845 2811 1001 2871 nunquam
1036 2792 1115 2855 desi·

192 2882 309 2937 sterent
330 2878 525 2955 comminari,
558 2879 583 2937 is
610 2880 671 2938 iam
695 2896 800 2936 mense
817 2875 899 2936 Julio
921 2895 950 2935 a.
974 2876 1117 2940 151810

194 2959 336 3019 virtute
387 2960 818 3021 excommunicationis
870 2957 1117 3040 Wittembergue

192 3043 393 3103 concionatus
423 3051 470 3103 est
506 3043 545 3103 ad
575 3043 735 3126 populum,
759 3042 868 3121 idque,
890 3048 924 3100 ut
944 3040 1116 3103 Pontificiis

192 3130 349 3205 parceret,
388 3144 531 3186 sermone
565 3126 675 3208 latinu,
713 3133 744 3185 at
779 3125 941 3205 quominus
970 3133 1044 3184 tuno
1077 3125 1116 3186 de

193 3207 301 3268 eadem
334 3227 367 3268 re
398 3209 490 3268 etiam
527 3208 650 3289 publice
684 3208 853 3288 disputaret
884 3206 922 3266 ab
963 3208 1115 3290 episcopo

192 3289 482 3372 Brandeuburgensi
504 3292 668 3372 impeditus
697 3299 752 3351 est.
803 3291 942 3368 Namque
963 3288 1115 3351 Lutherus

193 3373 243 3434 die
277 3378 323 3439 15.
357 3394 397 3434 m.
417 3373 490 3435 dulii
519 3374 707 3437 Wenceslao
741 3374 853 3448 Lindo,
887 3373 1114 3452 Augustiniano

192 3456 459 3538 Norimbergensi,
482 3457 559 3518 haec
580 3458 698 3519 scribit:
731 3456 851 3535 „Habui
879 3474 977 3535 nuper
998 3475 1114 3518 sermo·

193 3560 264 3600 nem
287 3540 325 3600 ad
348 3540 471 3622 vulgum
495 3540 537 3604 de
558 3542 669 3601 virtute
691 3539 1038 3619 excommunicationis,
1064 3539 1115 3601 ubi

194 3625 297 3684 taxavi
319 3622 419 3685 obiter
446 3623 639 3704 tyrannidem
673 3631 704 3684 et
737 3623 889 3683 inscitiam
911 3621 1114 3685 sordidissimi

192 3707 280 3765 istius
302 3706 384 3788 vulgi
397 3705 583 3785 officialium,
606 3707 895 3782 commissariorum,
918 3705 1113 3768 vicariorum.

191 3787 340 3852 Mirantur
380 3809 504 3870 omues,
548 3809 705 3870 nunquam
750 3807 819 3851 sese
861 3788 936 3850 talia
979 3791 1113 3852 audisse.
