2356 4200
322 288 419 339 eontra
438 285 501 339 idel.
520 284 640 339 Johunu.
659 283 733 337 Euoii
751 282 839 337 Judic.
981 279 1045 345 479

208 454 268 516 sed
290 456 427 519 atillam
450 455 617 535 sequelam,
640 473 701 534 qua
722 453 884 514 dialectiea
895 451 1046 530 didioerit,

126 536 238 598 veliem
261 540 357 617 seire,
379 538 530 599 Euolesia
543 537 722 599 aedificatur
743 555 836 616 super
855 534 970 614 aliquid
996 539 1047 612 (ut

124 619 278 699 Petrum),
301 640 376 701 ergo
399 621 477 682 illud
498 628 545 682 est
565 622 696 681 vinarius
707 619 828 698 Christi,
851 625 882 679 et
902 619 1046 698 prinoepa

125 703 349 782 apostolorum.
393 704 501 784 Ergo,
533 707 561 764 ai
592 722 686 784 supra
717 701 809 762 fidem
838 700 1047 765 aedifioubitur

129 786 225 864 (siout
247 804 351 849 rerum
376 793 454 866 est),
475 786 553 847 fides
568 792 617 848 est
634 787 764 846 vicarius
777 784 898 864 Christi,
920 793 952 845 at
966 785 1048 844 huuo

127 869 273 929 vioarium
296 871 363 949 quis
385 869 526 935 videbit?
549 871 619 932 Nou
636 888 711 950 ergo
724 869 815 930 Petro
837 869 888 928 hio
907 869 1046 948 tegimen

126 953 312 1032 promissum
335 960 390 1033 est,
414 961 447 1013 ut
469 954 653 1034 depravator
673 971 783 1013 oaeous
807 958 899 1032 errat,
921 950 978 1011 sed
999 968 1046 1010 eo·
1116 1016 1118 1021 ,

129 1035 243 1096 olesiae
266 1037 455 1098 construetio
478 1039 508 1096 iu
522 1038 631 1116 spiritu
642 1035 715 1096 fidei
732 1035 895 1115 descripta,
918 1036 948 1093 in
962 1037 1048 1094 ouius

127 1118 234 1179 Petrus
257 1137 392 1197 persona
410 1119 576 1181 eonfitetur
596 1127 726 1199 petram,
749 1120 852 1178 eleves
872 1119 992 1197 ancipit,
1016 1122 1050 1176 ut

107 1236 110 1241 -
130 1201 314 1281 unaminiter
335 1201 440 1262 dieunt
462 1202 491 1264 8.
514 1203 629 1262 Patres.
676 1230 678 1235 v

211 1283 280 1343 darn
304 1285 440 1344 mundo
463 1285 590 1364 probat,
624 1285 744 1345 Petrum
768 1303 836 1345 esse
858 1285 922 1343 iure
945 1283 1048 1342 divino

127 1367 274 1426 vioarium
305 1367 434 1444 Christi,
469 1387 568 1446 aeque
602 1367 694 1446 digno
731 1369 866 1428 Enniana
900 1361 1059 1447 sapientia*

127 1459 324 1528 argumento,
350 1449 493 1511 videlieet
514 1469 554 1510 ex
577 1452 804 1529 nominatione,
839 1451 911 1529 quia
934 1450 1049 1529 primns

127 1533 302 1595 nominatur
341 1535 420 1593 iuter
462 1533 639 1613 apostolos,
684 1533 789 1594 Matth.
815 1536 863 1598 10.
917 1532 1049 1592 Putasne

128 1615 252 1677 anxium
293 1618 385 1677 istum
417 1617 588 1696 sophistem
631 1615 829 1676 vehementer
873 1617 1048 1695 gavisurum

128 1698 231 1775 fuisse,
253 1700 278 1758 si
295 1701 445 1778 potuisset
466 1700 612 1778 invenire,
633 1699 762 1759 Petrum
776 1700 871 1760 fuisse
893 1700 992 1778 primo
1008 1697 1049 1758 ad

129 1781 336 1859 apostolatum
359 1782 523 1843 vocatum?
552 1782 631 1842 Nam
660 1801 720 1861 qua.
751 1783 849 1863 gloria
871 1783 981 1842 Eooius
1009 1801 1050 1842 ex

128 1864 346 1924 nominationis
370 1865 477 1925 ordine
498 1865 588 1926 Petro
611 1866 773 1945 primatum
798 1866 917 1945 tribuit,
942 1865 1048 1924 eadem

128 1945 206 2007 otius
229 1947 330 2025 ipsum
353 1948 497 2009 Andreae
531 1947 642 2008 tribuet
676 1967 715 2007 ex
739 1949 909 2009 vocationis
934 1948 1049 2025 ordine,
1137 2018 1140 2022 ⁴

128 2048 199 2088 oum
221 2031 261 2090 sit
283 2031 366 2108 prior
387 2031 476 2091 Petro
498 2032 529 2090 iu
552 2031 732 2105 vocatione,
768 2033 946 2111 praesertim
980 2048 1049 2089 oum

129 2110 169 2170 ad
191 2112 252 2173 hoo
273 2115 421 2175 autoritas
444 2115 483 2173 sit
502 2113 589 2174 Pauli
618 2116 767 2193 apostoti,
802 2116 852 2194 qui
875 2114 944 2174 ideo
967 2120 1050 2172 ante

130 2213 270 2256 oessores
291 2203 322 2256 et
344 2215 474 2276 magnos
496 2197 657 2276 apostolos
688 2204 796 2274 voeat,
830 2199 901 2276 quie
923 2204 994 2256 ante
1017 2215 1051 2254 ae

129 2276 259 2338 fuissent
285 2281 398 2340 vocati.
440 2279 553 2359 Surget
574 2281 678 2358 itaque
699 2281 843 2340 Andreae
875 2280 984 2359 aliquis
1006 2286 1050 2338 tu-

131 2367 189 2436 tor,
212 2363 292 2422 siout
310 2362 421 2422 Eooius
443 2363 542 2439 Petri,¹
557 2369 587 2423 et
608 2364 810 2424 nominationi
833 2364 975 2423 Petrinae
998 2361 1067 2422 ob·-

129 2443 236 2503 teudat
267 2447 461 2506 vocatiouem
485 2445 642 2526 Andreae,
675 2453 708 2507 et
741 2447 857 2508 videbis
893 2463 1051 2526 apparere,

133 2526 290 2586 Andream
314 2547 382 2587 esse
403 2529 544 2608 primum.
837 2588 840 2593 .

213 2610 312 2670 Doleo
335 2611 512 2690 theologiae
539 2612 643 2674 titulos
667 2613 697 2672 in
720 2613 798 2673 haeo
819 2612 947 2672 ridicula
969 2631 1052 2672 oern-

132 2699 234 2752 menta·
256 2701 285 2752 et
310 2694 405 2754 aniles
428 2712 527 2775 nugas
550 2694 753 2773 descendere,
788 2697 875 2774 quasi
907 2695 977 2754 ideo
1001 2696 1052 2754 ali-

74 2810 77 2815 ·
132 2777 201 2854 quis
225 2776 264 2835 sit
285 2783 439 2856 potestate
472 2779 625 2858 superior,
661 2781 733 2857 quia
762 2781 938 2838 nominatur
959 2780 1051 2858 prior,

132 2877 201 2918 oum
225 2859 270 2918 sio
291 2861 458 2938 quamlibet
479 2880 542 2920 rem
566 2861 672 2920 mundi
695 2869 837 2942 oporteat
860 2880 928 2920 esse
956 2861 1053 2922 altero

132 2942 289 3018 maiorem,
313 2944 383 3021 quia
403 2949 507 3022 potest
528 2945 627 3022 primo
650 2945 810 3004 nominari.
843 2944 954 3004 Nonne
974 2945 1053 3004 inter

132 3023 314 3104 oardinaies,
336 3027 520 3104 episeopos,
553 3027 615 3086 imo
645 3033 678 3086 ut
699 3029 729 3086 in
752 3027 908 3106 Scriptura
930 3045 1053 3087 manea·

131 3126 208 3188 mus,
232 3107 338 3167 Ruben
353 3106 390 3188 *)
415 3110 499 3187 prior
512 3115 560 3168 est
573 3111 653 3169 inter
665 3110 853 3189 patriarohas
867 3112 1051 3183 nominatus,

131 3197 284 3250 ettamen
318 3210 379 3251 uon
414 3192 480 3250 iure
513 3191 616 3252 divino
640 3210 745 3252 eorum
779 3192 834 3252 fuit
864 3195 970 3253 maior.
1014 3192 1054 3251 Et

131 3272 304 3352 Stephanus
326 3275 410 3353 prior
423 3275 598 3333 nominatur
610 3276 689 3335 inter
710 3275 871 3351 diaeonus,
893 3294 968 3355 ergo
986 3277 1052 3335 iure

132 3355 236 3415 divino
258 3364 360 3417 raotor
383 3376 499 3419 eorum.
542 3357 582 3417 m
603 3357 701 3417 Luoas
735 3367 806 3417 ante
827 3358 999 3418 ,Iohannem
1022 3360 1051 3417 iu

131 3438 314 3517 evangeliis,
337 3440 460 3501 Meroua
493 3448 565 3500 ante
600 3440 712 3500 Luoam
747 3442 938 3517 nominatur,
978 3460 1052 3523 ergo

131 3529 233 3581 rootor
254 3521 403 3585 eiusdem.
447 3522 506 3584 Sed
537 3530 568 3582 et
585 3523 723 3583 Jaoobus
745 3531 817 3603 post
838 3523 958 3584 Petrum
981 3531 1053 3584 aute

130 3602 303 3664 «Iohannem
326 3607 515 3683 nominatur,
545 3624 619 3686 ergo
641 3605 778 3668 Jaoobus
800 3614 902 3666 reotor
923 3609 979 3667 erit
998 3607 1053 3668 Jo·

134 3724 348 3747 w

205 3786 238 3856 9)
259 3786 328 3841 Gon.
344 3787 411 3844 dds
