2356 4200
164 271 227 342 274
551 277 692 333 Prwiatio

166 447 250 506 sieut
276 445 416 507 visitaret
445 446 476 506 in
507 446 641 508 ecclesia
668 447 767 507 sancti
787 442 870 506 Petri
897 445 1008 506 almaia
1033 446 1089 511 illa

165 527 300 609 septem,
321 528 374 590 ubi
396 529 485 591 datur
503 530 643 610 plenaria
663 528 865 610 indulgentia.
908 527 988 604 Quid
1011 546 1086 609 ergo

166 612 253 674 statis
275 612 390 674 otiosi?
418 631 527 674 omnes
549 615 660 675 ouante
678 612 720 672 ad
741 612 873 674 salutem
894 612 1016 672 animae
1036 629 1088 672 ve-

166 701 257 769 strae
300 693 349 757 sis
369 702 530 776 promptus
553 703 584 756 et
596 695 747 757 sollicitus
760 695 943 756 adsalutem
956 696 1088 772 animae,

166 776 245 838 sicut
266 777 306 838 ad
324 777 409 841 bona
430 778 621 859 temporalia,
644 798 664 839 a
678 778 795 859 ouibus
815 795 879 839 non
895 779 1023 844 cassatis
1036 776 1089 838 die

166 862 331 941 noctuque.
374 860 520 936 Quaerite
542 861 722 941 dominum,
754 859 827 922 dum
852 878 951 942 prope
977 867 1026 922 est
1057 865 1090 921 at

167 942 240 1005 dam
256 945 387 1005 inveniri
407 950 521 1025 potest,
539 950 573 1004 ut
585 945 724 1006 Jmnnes
737 943 894 1024 admonet,
907 944 1089 1024 operamini,

167 1024 242 1088 duris
264 1025 331 1088 dies
354 1034 411 1108 est,
430 1029 516 1088 venit
536 1029 619 1088 enirn
640 1046 714 1109 nox,
734 1029 767 1087 in
780 1044 945 1107 quancmo
969 1028 1091 1107 operari

166 1108 289 1190 poterit.
340 1109 411 1172 Non
439 1110 551 1172 auditis
576 1128 687 1173 vocem
718 1117 882 1192 parentum
918 1116 1090 1171 vestrorum

166 1197 199 1252 et-
214 1191 348 1254 -aliorum
370 1192 602 1273 defunctorum,
632 1194 830 1255 clamantium
852 1200 884 1254 et
905 1192 1090 1254 dicentium:

166 1274 364 1356 Miseremini,
386 1278 574 1338 miseremini
596 1279 657 1338 mei
679 1277 783 1338 saltim·
802 1282 871 1352 eta,
891 1277 963 1355 quia
979 1293 1090 1341 mnus

167 1356 294 1419 Dnmini
315 1361 415 1440 tetigit
432 1378 497 1440 me,
520 1362 592 1440 quia
612 1377 716 1420 sumus
737 1363 768 1420 in
793 1358 961 1421 durissimis
980 1360 1091 1440 poenis

168 1448 206 1501 et'
221 1443 401 1522 tormentis,
432 1462 451 1503 a
472 1442 581 1522 quibua
603 1443 737 1524 possetis
758 1461 818 1504 nos
838 1461 935 1523 parva
953 1441 1091 1504 eleemo-

168 1531 247 1605 syna
268 1525 422 1586 redimere
442 1533 474 1586 et
495 1526 680 1588 non'vultis.
723 1527 878 1606 Aperiatis
897 1544 997 1601 aures,
1020 1527 1093 1604 quia

166 1612 255 1687 pater
287 1607 326 1669 ad
351 1607 449 1668 filium
477 1615 508 1669 et
541 1615 639 1670 mater
666 1607 707 1670 ad
734 1608 827 1670 filiam
855 1614 913 1670 etc.
935 1607 1090 1689 dicentes:

167 1687 270 1765 Quare
293 1692 373 1752 sicut
394 1691 470 1752 dens
489 1693 708 1773 persequimini
729 1711 789 1771 me,
812 1698 844 1754 at
857 1689 1001 1753 carnibus
1013 1692 1091 1752 mais

168 1775 364 1853 snmramini3
388 1776 475 1853 quasi
495 1773 646 1836 dicendo:
681 1774 748 1836 Nos
764 1776 935 1856 genuimus,
950 1774 1091 1853 aluimus,

167 1855 406 1937 'gunemavimus
434 1857 518 1919 bona
545 1864 652 1919 nnana
677 1859 860 1938 temporalia
888 1857 1091 1937 relinquenda

167 1940 298 2001 at'estis
322 1946 386 2000 tam
409 1940 548 2002 crudeles
570 1947 602 2001 et
623 1939 707 2020 duri,
735 1941 819 2020 quod
840 1947 1030 2006 nunciante
1050 1941 1093 2002 ia·

166 2021 287 2083 eilitate
308 2041 367 2084 noa
389 2023 521 2085 liberare
539 2025 683 2105 possetis,
699 2042 763 2085 non
785 2023 887 2102 vultis,
903 2022 1093 2104 permittitis·

166 2114 226 2185 que
261 2107 294 2166 in
325 2104 458 2169 flammis
488 2108 607 2186 iacere,
638 2107 770 2188 glorium
798 2106 887 2169 nobis
908 2108 1093 2188 promissam

167 2188 339 2250 tardantes.
383 2188 516 2251 Potestis
538 2191 598 2250 iam
617 2190 731 2252 habere
747 2190 996 2270 confessionalia,
1018 2209 1092 2270 quo

168 2290 237 2332 rum
259 2273 370 2333 virtute
391 2274 423 2333 in
444 2275 509 2334 vita
531 2276 614 2334 etin
635 2273 764 2334 articulo
786 2274 893 2335 mortis
922 2278 955 2334 et
979 2275 1092 2335 innon

169 2357 336 2415 reservatis
359 2357 473 2417 totiens
495 2357 639 2436 quotiens
660 2356 775 2418 habere
796 2356 965 2436 plenariam
987 2359 1092 2417 remis·

168 2437 289 2498 sionem
313 2457 484 2518 poenarum
512 2459 571 2522 pro
603 2439 740 2520 peccatis
762 2438 941 2501 debitarum.
983 2439 1091 2502 Ovos

167 2520 274 2600 votivi,
288 2539 319 2583 ὀ
340 2540 398 2582 vos
420 2523 559 2602 usurarii,
581 2541 601 2582 o
622 2530 781 2603 raptores,
816 2541 834 2583 o
857 2522 1048 2603 homicidae,
1071 2542 1090 2585 o

167 2604 333 2666 criminosi.
375 2605 446 2666 Jam
474 2611 595 2686 tempus
624 2610 673 2667 est
708 2605 853 2666 audiendi
882 2606 940 2667 Dei
969 2623 1089 2687 vocem,

167 2688 220 2766 qni
240 2704 307 2748 non
326 2687 394 2749 vult
413 2695 543 2749 mortem
564 2689 749 2769 peccatoris,
773 2687 829 2750 sed
849 2694 1091 2751 utconvertatur

167 2771 312 2832 etvivat.
357 2770 579 2833 convertimini
600 2789 676 2853 ergo
697 2772 883 2851 Jerusalem,
906 2773 1088 2853 Jerusalem,

166 2852 209 2913 ad'
227 2850 394 2914 Dominum
415 2855 515 2916 Deum
539 2862 633 2916 mum.
667 2853 769 2916 Ovoa
786 2855 993 2936 oblocutores,
1017 2875 1089 2918 con·

167 2935 364 3017 tradictores,
384 2943 415 2998 et
435 2938 639 3019 impedientes
661 2936 836 3000 huiusmodi
855 2941 1024 3020 negotium,
1045 2939 1089 3000 di-

165 3024 250 3080 recte
276 3020 328 3080 vel
354 3018 521 3100 indirecte,
551 3020 707 3101 quomodo
731 3022 818 3081 statis
838 3023 990 3102 pessime,
1013 3023 1088 3084 eatis

166 3109 254 3177 entra
284 3106 532 3165 communionem
566 3104 733 3165 ecclesiae:
764 3122 827 3165 non
856 3106 984 3186 missae,
1023 3124 1087 3167 non

167 3203 343 3267 sermones,
373 3206 434 3248 non
458 3207 576 3268 preces,
599 3205 662 3248 non
680 3194 882 3267 sacramenta,
904 3207 968 3250 non
984 3187 1088 3249 suffra·

166 3269 218 3350 gia
245 3289 303 3332 vos
333 3269 488 3331 adiuvant.
538 3271 609 3332 Non
633 3271 708 3351 agri,
728 3289 791 3331 non
814 3273 935 3352 vineae,
956 3290 1020 3333 non
1043 3291 1089 3332 ar·

166 3351 258 3414 bores
295 3371 359 3414 non
386 3354 531 3414 animalia
560 3352 694 3415 reddunt
720 3353 851 3414 fructum
878 3374 982 3435 suum,
1015 3356 1088 3416 vina

166 3441 199 3495 et
217 3435 389 3516 spiritualia
409 3437 494 3498 arida
517 3442 549 3499 et
570 3439 652 3498 sicca
670 3435 755 3517 fiunt,
770 3443 803 3498 ut
821 3439 965 3519 exempla
975 3437 1087 3499 adduci

164 3525 304 3599 possunt.
351 3519 456 3580 Nolite
483 3521 613 3582 tardare.
662 3519 883 3582 Convertimini
911 3522 950 3582 ad
984 3538 1033 3582 me
1054 3523 1086 3582 in

164 3607 232 3663 toto
254 3601 348 3662 corde
370 3610 491 3683 vestro,
519 3613 551 3665 et
577 3604 706 3684 capiatis
734 3603 936 3685 medicinam,
964 3605 1004 3666 de
1025 3623 1087 3685 qua

164 3682 300 3764 loquitur
319 3687 485 3766 sapientia:
512 3688 678 3749 altissimus
702 3688 818 3748 creavit
837 3687 1022 3750 medicinam
1046 3686 1085 3750 de

163 3773 254 3847 terre,
277 3773 310 3830 ct
328 3770 376 3830 vir
394 3770 529 3852 prudens
551 3789 615 3832 non
636 3770 813 3835 abhorrebit
834 3789 912 3833 eam.
