2356 4200
125 263 146 331 6
508 263 649 335 ΙΡηιεΐειεὶο

125 453 174 496 res
204 431 375 494 admirabili
402 430 534 512 quadam
566 430 798 492 continuatione
832 435 863 490 et
895 430 974 490 serie
1005 429 1049 489 ita

126 517 330 599 explicantur,
353 522 386 575 ut
407 534 466 577 nec
487 515 656 596 peregrinis
679 515 799 595 scriptis
821 531 880 574 nec
901 513 1049 573 versioni-

125 600 182 662 bus
204 598 294 660 valde
317 619 395 678 opus
418 599 466 659 sit.
508 597 607 659 Nemo
630 598 722 678 igitur
754 597 832 658 tales
860 602 1047 659 commenta-

125 685 226 746 tiones
248 684 279 743 in
301 683 338 742 iis
351 682 494 760 requirat,
517 682 575 741 nisi
599 680 639 741 ad
650 681 798 741 historiae
811 678 1048 760 intelligentiam

125 785 256 829 necesse
279 767 318 825 sit
341 764 493 844 quaedam
516 783 556 824 ex
577 764 638 824 hoc
659 783 773 844 genere
796 763 949 825 intertexi.

209 849 285 911 Cum
308 853 410 908 autem
433 846 648 909 dissimilitudo
672 848 853 927 scriptorum
874 845 912 910 D.
924 844 1050 911 Lutheri

125 952 189 992 nou
212 927 306 992 modo
322 930 505 991 adversariis
531 928 739 990 calumniandi
752 930 950 991 occasionem
962 948 1048 1009 prae·

126 1014 210 1092 beat,
234 1013 289 1074 sed
312 1015 404 1074 etiam
425 1014 495 1095 pios
517 1005 720 1073 et'candidos
742 1013 875 1073 lectores
895 1011 1049 1072 interdum

127 1096 280 1176 offendat,
307 1098 485 1157 necessaria
513 1095 683 1157 admonitio
716 1095 869 1157 hocloco
891 1093 1049 1155 recitanda

129 1187 192 1256 est,
225 1185 312 1240 utet
334 1180 440 1240 hostes
471 1179 625 1260 evangelii
647 1175 835 1259 ἀντιλογίας
864 1199 904 1240 ex
930 1179 1050 1257 scriptis

126 1263 253 1326 Lutheri
275 1263 423 1342 colligere
446 1262 602 1341 desinant,
626 1268 657 1323 et
678 1263 720 1342 pii
743 1263 860 1341 maiore
881 1261 995 1322 iudicio
1019 1269 1050 1321 et

128 1345 262 1409 candore
285 1348 316 1405 in
338 1346 385 1405 his
404 1344 545 1426 legendis
567 1352 737 1410 versentur.
781 1343 935 1421 Quantum
958 1345 1050 1426 igitur

128 1448 242 1490 aurora
265 1449 284 1488 a
305 1429 374 1489 luce
402 1427 571 1489 meridiana
598 1428 706 1507 distat,
739 1434 857 1488 tantum
885 1427 1048 1489 discrimen

127 1520 174 1574 est
195 1514 276 1573 inter
297 1512 392 1572 libros
405 1511 528 1572 Lutheri
551 1512 735 1592 aprincipio
759 1512 900 1591 scriptos,
923 1512 974 1590 qui
989 1510 1050 1571 hoc

127 1603 212 1657 tomo
237 1596 449 1673 continentur,
479 1601 510 1654 et
531 1614 586 1656 eos
610 1614 688 1674 quos
716 1595 872 1674 aliquanto
895 1600 968 1675 post
989 1592 1050 1654 edi·

127 1679 180 1739 dit.
223 1678 290 1738 Etsi
313 1679 394 1738 enim
417 1679 448 1738 in
470 1677 623 1739 vestibulo
642 1697 764 1755 causae,
789 1697 857 1739 oum
880 1678 1002 1757 papista
1020 1684 1051 1737 et

127 1761 234 1823 haberi
257 1767 288 1821 et
309 1762 462 1822 nominari
485 1761 588 1840 vellet,
612 1760 764 1841 quaedam
786 1759 967 1821 antichristo
989 1759 1050 1821 Ro-

127 1863 219 1905 mano
243 1845 413 1922 concessit,
441 1849 543 1904 tamen
566 1852 677 1924 postea
706 1850 865 1904 crescente
887 1842 956 1903 luce
978 1841 1051 1903 fidei

127 1928 157 1988 in
182 1927 336 1987 exercitiis
359 1928 581 2007 poenitentiae,
603 1929 634 1988 in
656 1928 832 2008 pavoribus,
855 1927 886 1986 in
908 1945 1049 2007 persecu-

128 2012 213 2072 tione
236 2016 266 2070 et
289 2009 571 2089 consolationibus,
603 2009 682 2071 baec
710 2018 810 2071 errata
837 2030 901 2072 non
923 2011 1052 2090 agnovit

127 2093 243 2171 solum,
274 2093 329 2153 sed
353 2094 444 2153 etiam
473 2093 656 2154 emendavit.
700 2094 774 2155 Erat
796 2094 887 2172 enim,
909 2100 942 2152 ut
965 2092 1050 2154 multi

42 2220 46 2226 -
127 2183 249 2256 norunt,
271 2195 334 2237 non
351 2175 475 2256 Epicuri
495 2175 533 2236 de
555 2196 649 2258 grege
663 2196 785 2257 porcus,
808 2176 862 2237 sed
879 2176 1049 2239 monachus

127 2279 266 2320 severam
300 2259 491 2339 disciplinam
514 2270 675 2340 praestans
704 2269 735 2320 et
756 2280 830 2321 vera
851 2260 944 2320 animi
965 2279 1050 2320 reve·

124 2344 223 2404 rentia
245 2348 276 2401 et
287 2341 478 2402 subiectione
491 2363 603 2423 papam
627 2343 743 2407 colens.
787 2343 893 2422 Itaque
906 2343 936 2402 in
949 2344 1048 2422 prima

125 2427 347 2506 congressione
370 2445 563 2505 nequaquam
588 2428 616 2486 ei
647 2433 763 2487 certum
786 2425 1048 2506 deliberatumque

124 2516 205 2587 erat,
228 2508 361 2568 Romani
383 2507 538 2589 pontilicis
566 2509 738 2570 doctrinam
766 2509 817 2569 vel
851 2509 1047 2571 autoritatem

125 2592 322 2668 labefactare,
342 2591 397 2651 sed
414 2592 473 2652 huc
494 2612 606 2653 nervos
630 2600 721 2672 atque
735 2594 815 2653 vires
828 2591 1046 2672 contendebat,

119 2681 158 2736 ut
185 2670 335 2735 inviolata
362 2675 464 2754 Papae
492 2675 641 2757 dignitate
675 2676 826 2737 clamores
855 2674 1046 2754 quorundam

125 2757 387 2844 sycophantarum
410 2759 622 2838 refutarentur,
645 2760 697 2839 qui
719 2766 796 2819 tetre
818 2777 855 2819 ac
866 2758 959 2838 impie
978 2777 1047 2818 cnm

125 2861 245 2901 summa
268 2841 438 2901 temeritate
467 2849 497 2903 et
518 2842 709 2923 impudentia
738 2841 865 2903 venales
888 2841 1066 2922 indulgen„

125 2925 182 2984 tias
206 2924 469 2985 circumferebant.

208 3005 401 3087 Quamquam
420 3009 520 3088 igitur,
543 3013 575 3067 nt
596 3007 671 3084 dixi,
693 3008 722 3068 in
735 3008 834 3089 primo
858 3006 943 3067 aditu
959 3008 1047 3068 lasci·

124 3095 213 3150 nat-us
236 3089 440 3151 admiratione
463 3110 562 3171 papae
588 3090 699 3151 multos
730 3110 849 3173 errores
880 3096 911 3150 et
933 3089 1046 3151 abusus

125 3192 188 3233 non
211 3175 337 3250 taxavit,
360 3179 462 3234 tarnen
497 3174 590 3254 paulo
612 3180 685 3253 poet
706 3174 876 3235 illustratus
899 3193 973 3234 vera
995 3193 1047 3254 ag-

124 3256 240 3316 nitione
269 3257 380 3316 Christi
415 3264 523 3316 tetram
556 3256 768 3317 confusionem
804 3257 985 3337 opinionum
1017 3263 1049 3319 et

124 3338 274 3419 cultuum,
304 3359 383 3419 quae
404 3341 434 3400 in
463 3360 558 3420 regno
589 3339 758 3400 antichristi
780 3338 871 3400 tloret
898 3345 928 3399 et
951 3339 1047 3401 domi·

124 3429 230 3502 natur,
253 3423 347 3483 verbo
371 3423 428 3483 Dei
451 3428 630 3483 constanter
657 3424 816 3484 accusavit
844 3430 875 3485 et
902 3423 1046 3485 condem·

124 3505 217 3566 navit.
266 3505 337 3566 Non
372 3507 453 3566 enim
487 3506 682 3585 curiositate,
723 3525 782 3566 nec
813 3526 908 3586 prava
944 3506 1048 3586 aliqua

124 3587 300 3669 cupiditate,
324 3607 381 3648 nec
399 3607 493 3648 caeca
505 3590 674 3668 pertinacia
697 3597 797 3650 motus
821 3597 878 3667 est,
901 3595 934 3651 ut
945 3609 1047 3671 papae

124 3691 252 3752 regnum
275 3670 449 3749 invaderet,
472 3671 525 3730 sed
549 3673 629 3733 iusto
653 3671 720 3734 zelo
744 3673 867 3753 spiritus
890 3674 990 3734 sancti
1016 3682 1047 3734 et

124 3753 212 3832 fidei,
245 3760 277 3813 et
298 3755 499 3814 severissimis
529 3755 698 3835 mandatis,
729 3776 808 3836 qnae
836 3755 943 3817 iubent
964 3764 1048 3819 recte
