2356 4200
118 273 182 340 448
446 304 448 309 ·
516 269 648 335 laterisci

116 447 213 527 giam,
236 447 267 508 id
289 453 346 528 est,
367 443 587 511 scholasticam
609 449 854 512 distributionem
875 445 1040 532 participo⁴

117 531 220 591 tionis.
370 533 380 557 ‘

200 613 254 677 llo.
276 613 367 758 Ἧάε
389 616 670 696 impudentissimus
694 635 779 677 error
806 623 954 697 apparet,
982 636 1042 679 me-

116 697 175 756 rita
205 695 295 757 Chris
347 716 413 759 non
441 718 510 760 esse
537 698 688 759 inlinitum
719 699 914 777 thesaurum,
950 700 1044 760 etiam

119 778 279 840 ordinatae
301 778 526 861 dispensationi
548 801 648 863 papae
670 801 733 843 non
758 784 968 845 commissum.

198 862 285 924 Luth.
320 863 362 925 Ut
391 866 621 946 grammaticam
651 867 742 926 etiam
772 868 803 925 in
826 865 976 946 theologo
999 884 1044 926 re·

117 946 251 1023 quirem,
280 948 306 1006 si
329 954 378 1008 est
399 966 501 1028 error,
534 948 691 1029 quomodo
713 956 761 1008 est
780 947 959 1027 impudens,
992 967 1044 1010 ne

117 1028 187 1087 dum
217 1029 522 1108 impudentissimus?
565 1031 659 1092 Error
685 1039 733 1092 est
753 1051 802 1091 res
824 1032 919 1112 digna
942 1033 1044 1110 venia,

116 1129 179 1171 non
202 1112 283 1171 enim
307 1112 502 1194 impudenter
525 1116 699 1192 asciscitur,
721 1114 776 1173 sed
798 1116 979 1194 ignoranter
1000 1115 1044 1174 in-

116 1195 253 1272 cunitur,
275 1214 340 1256 non
353 1197 435 1276 quod
453 1215 595 1278 magnum
610 1199 781 1258 existimem
796 1199 828 1257 in
840 1197 1044 1278 grammatino

117 1295 218 1339 errare
230 1278 422 1377 theologum,
443 1280 498 1340 sed
511 1288 543 1341 ut
564 1280 680 1360 videas,
704 1280 786 1360 quod
809 1281 907 1360 magis
929 1280 1044 1358 furore,

117 1379 209 1439 qnam
231 1363 353 1422 ratione
377 1371 524 1425 movetur.
860 1371 864 1377 “

199 1442 341 1505 Tentabo
364 1465 423 1525 ego
446 1440 546 1526 aptius
571 1448 615 1525 (si
637 1448 781 1527 possum)
807 1446 919 1524 dicere,
942 1445 1043 1525 Impu-

117 1524 222 1585 dentia
245 1529 396 1606 quaedam
420 1536 484 1606 ost,
512 1531 537 1589 si
566 1532 631 1608 quis
652 1532 684 1589 in
706 1529 904 1609 philosophia
925 1528 1044 1589 Aristo

116 1607 186 1668 telis
207 1608 330 1689 doceat,
353 1612 435 1690 quod
458 1613 540 1672 illius
562 1614 727 1673 autoritate
749 1632 812 1673 non
834 1617 956 1690 putetur
973 1628 1045 1691 pro-

116 1690 192 1754 bari.
237 1693 412 1755 Concedis?
433 1739 435 1743 Α
454 1695 561 1776 Longe
590 1715 665 1776 ergo
689 1695 956 1775 impudentissima
978 1713 1044 1755 om-

83 1839 85 1845 ,
116 1776 200 1834 nium
230 1777 386 1837 temeritas
417 1786 480 1856 est,
509 1777 623 1859 aliquid
650 1781 682 1838 in
723 1778 859 1838 ecclesia
892 1795 1042 1855 asserere,

59 1912 63 1917 .
116 1859 248 1947 etinter
271 1859 472 1939 Christianos,
495 1861 578 1940 qnod
600 1880 663 1922 non
686 1860 792 1921 docuit
811 1860 957 1923 Christus.
1002 1859 1046 1920 At

116 1942 177 2002 hoo
205 1950 267 2021 est,
303 1943 386 2023 quod
414 1945 528 2019 haec¹)
563 1952 669 2004 noster
690 1943 801 2005 Eccins
829 1943 939 2024 garrit,
969 1941 1043 2002 dnm

116 2024 192 2086 nihil
215 2025 393 2087 scholastici
415 2027 563 2106 loquitur,
593 2032 625 2088 et
657 2026 741 2087 solus
775 2024 1041 2106 pudennssime2)

115 2109 276 2168 veritatem
300 2113 445 2189 sequitur,
467 2111 600 2190 scilicet,
625 2109 708 2189 quod
730 2110 890 2170 thesaurus
920 2109 1043 2168 merito·

113 2211 182 2251 rum
210 2191 322 2252 Christi
351 2203 398 2254 est
425 2195 457 2253 in
487 2213 578 2253 mann
601 2212 710 2274 papae.
753 2190 813 2254 Ubi
835 2191 896 2252 hoc
919 2189 1041 2251 biblia?

115 2272 208 2358 nbii)
233 2276 359 2355 patres?
388 2277 439 2337 uhi
462 2276 618 2336 canones?
644 2277 771 2355 (excipe
793 2275 960 2354 Magistros
987 2292 1041 2335 no

92 2358 214 2439 strue)
240 2358 292 2418 ubi
314 2360 343 2419 in
367 2366 434 2419 toto
457 2359 594 2419 mundo?

198 2442 312 2520 Atque,
333 2447 367 2502 ut
388 2448 420 2502 et
431 2461 490 2522 ego
508 2442 664 2522 paululum
677 2441 838 2502 stomacho
850 2439 1040 2520 indulgeam,

112 2524 198 2584 lusor
220 2531 251 2584 et
272 2524 442 2604 indignatio
458 2525 514 2588 Dei
537 2532 593 2604 est,
615 2532 706 2603 etque
729 2524 804 2584 nihil
827 2521 920 2599 aliud,
945 2540 1038 2602 qnam

112 2609 239 2667 ianuam
262 2607 333 2683 etl)
360 2609 517 2668 introitum
539 2608 714 2688 patefacere
735 2605 877 2667 omnihus
905 2606 1040 2666 haeresi·

116 2691 182 2770 bus,
204 2690 373 2770 erroribus,
397 2694 514 2771 totique
535 2709 660 2771 prorsus
688 2697 817 2765 tartaro,
848 2696 910 2750 tam
942 2687 1040 2749 libere

111 2773 260 2853 quicquid
281 2774 405 2834 libuerit
427 2793 575 2852 asserere,
599 2793 668 2833 curn
691 2774 815 2854 spiritus
831 2771 929 2833 dicat:
967 2770 1039 2832 Om-

113 2858 166 2917 nia
186 2856 327 2941 probate,
351 2856 434 2936 quod
458 2858 571 2917 honum
595 2863 767 2916 esttenete.
809 2854 841 2916 Si
854 2856 936 2914 enim
950 2854 1039 2915 scho-

115 2940 216 3001 lastici
236 2939 392 3018 doctores,
415 2940 553 3001 infelices
575 2939 712 3020 Magistri
735 2940 793 3014 tui,
826 2937 865 2998 ab
893 2937 953 2997 hac
976 2937 1034 2998 sibi

21 3042 34 3085 .·
113 3030 339 3103 temperassent
360 3023 485 3084 licentia
513 3022 686 3101 asserendi,
727 3018 947 3100 distinguendi,
974 3019 1037 3100 opi·

115 3105 220 3184 nandi,
240 3125 296 3186 pro
320 3107 371 3186 pia
396 3113 448 3184 (ut
469 3103 591 3188 dicunt)
616 3124 671 3165 sna
693 3106 879 3181 intentione,
903 3121 967 3163 non
992 3110 1038 3163 tot

115 3209 197 3250 nunc
219 3190 353 3249 ecclesia
373 3195 506 3251 scateret
526 3190 679 3250 erroribus
701 3195 733 3247 et
745 3186 907 3265 furoribus,
930 3204 990 3246 nec
1007 3192 1038 3246 tu

116 3280 178 3334 tam
201 3273 313 3334 lividos
336 3280 368 3333 et
381 3280 472 3334 ¹atros
494 3273 664 3332 invenisses
687 3270 850 3332 obeliscos.

187 3357 311 3428 ¹Fateor
337 3355 461 3435 quidem
500 3358 531 3416 in
566 3356 827 3434 extravagante⁵)
870 3351 1037 3412 Clementia

118 3441 145 3501 V
169 3441 376 3500 narrationem
399 3438 465 3499 lieri
487 3439 525 3498 de
548 3439 693 3499 thesauro
715 3438 893 3496 meritorum
915 3434 1037 3513 Christi,

101 3663 107 3675 ¹
170 3658 202 3719 1)
224 3654 255 3708 ln
265 3655 308 3709 ed.
320 3656 394 3708 Witt.
410 3661 437 3706 et
448 3652 521 3722 apud
533 3652 662 3706 Loesoh.:
682 3651 735 3703 hic.
766 3651 799 3714 2)
815 3648 897 3718 Apud
909 3649 1035 3702 Loesch.:

114 3727 339 3798 prudentissime.
376 3727 409 3792 3)
441 3724 520 3794 Apud
540 3724 652 3776 loesch.
680 3723 772 3776 deest:
803 3721 857 3774 nbi.
903 3721 937 3786 4)
967 3718 1033 3773 lbid.

111 3800 207 3857 deest:
227 3807 261 3852 et.
300 3799 330 3865 5)
352 3797 432 3868 Apud
449 3795 561 3851 Loesch.
581 3803 608 3848 et
624 3797 654 3847 in
669 3793 712 3849 sd.
724 3794 813 3847 Wittr
833 3792 1033 3862 extravaganti.
