2356 4200
342 295 369 350 F.
391 293 457 352 salv.
476 298 559 352 Prior.
580 296 614 350 ail
637 297 664 348 l).
685 295 718 348 ll.
737 292 814 350 auth.
983 288 1045 358 105

123 459 185 529 llos
200 485 271 548 asp,
292 466 511 546 respondendo
525 466 705 528 adversario·
715 464 834 526 infinita
847 465 880 546 x)
907 465 1045 547 pulcher-

125 553 203 610 rima
224 556 402 610 tractantur.
508 555 510 559 ’
888 592 890 594 ψ
961 574 965 580 ’
1036 582 1039 589 ·

208 633 282 713 Cap.
308 637 356 697 15.
380 633 543 713 Completo
560 632 696 693 seoundo
713 632 869 694 volumine
883 631 1047 708 adiectum,

124 718 192 777 visa
214 715 421 795 disputatione
445 736 512 776 oum
535 716 647 794 Ennio,
676 722 707 775 et
728 715 917 776 resolutione
938 714 1048 775 buthe·

123 815 201 860 rana
222 799 261 859 de
293 806 446 879 potestate
468 799 589 880 Papae,
624 797 707 879 quod
740 818 779 859 ex
801 791 1047 878 dietis·'sporsim

125 902 218 964 supra
239 883 449 962 improbentur
470 885 544 943 novi
567 901 686 944 errores
707 882 804 943 istius.

152 981 154 985 ·
207 965 248 1025 Et
268 965 311 1025 ibi
335 969 361 1027 l.
391 965 472 1045 quod
507 985 651 1026 romanus
685 966 814 1025 antistes
848 962 953 1024 divino
981 963 1048 1024 iura

124 1050 164 1109 sit
189 1049 314 1128 primus,
337 1056 368 1108 et
389 1047 537 1129 dignitate
551 1051 620 1126 et')
643 1047 863 1123 iurisdictione,
885 1046 1048 1106 autoritate

127 1132 288 1192 doctorum
310 1131 483 1192 latinorum.

206 1213 247 1273 ut
268 1217 296 1276 2.
319 1215 484 1275 autoritate
506 1215 704 1276 Graecorum.

208 1296 248 1356 Et
271 1298 298 1359 3.
321 1299 486 1357 autoritate
508 1297 720 1358 conciliorum.

207 1378 249 1439 ut
269 1381 298 1440 4.
321 1380 485 1440 autoritate
500 1381 725 1460 seripturarum,
748 1378 856 1459 quibua
879 1381 1045 1458 parietum

123 1461 386 1539 iusuffioientery)
404 1463 616 1542 respondetur,
639 1469 670 1523 et
685 1462 793 1522 ultimo
807 1462 889 1522 idem
904 1463 1048 1522 astruitur

123 1545 310 1624 theologiois
332 1544 500 1605 rationibus
522 1544 780 1625 irrefragabiliter.

100 1687 104 1693 .
209 1627 356 1708 Capiti.
400 1626 491 1703 Quod
514 1648 553 1688 ex
580 1628 668 1688 dietis
690 1628 849 1688 solvantur
871 1629 976 1688 omnia
997 1627 1049 1687 ad·

127 1711 254 1770 versarii
277 1710 449 1771 maledieta.
752 1730 756 1737 ¹
918 1726 921 1731 ·

208 1793 249 1853 Et
268 1793 310 1853 ibi
334 1798 360 1856 1.
384 1794 466 1872 quod
489 1813 563 1854 suae
592 1794 746 1872 rationes,
783 1793 891 1872 quibus
919 1793 986 1853 siue
1007 1792 1049 1861 di-

125 1876 200 1936 vino
221 1876 288 1936 iura
307 1875 439 1971 probare
460 1877 564 1937 nititur
576 1877 696 1936 romani
709 1876 860 1936 Praesulia
877 1877 1049 1954 primatum,

126 1964 198 2018 suut
220 1959 257 2035 si,
280 1960 337 2018 etsi
359 1977 422 2019 non
446 1959 568 2038 aliquae
588 1960 621 2018 in
643 1976 677 2019 se
698 1977 808 2036 vanae,
830 1964 902 2018 sunt
923 1977 1048 2037 quoque

127 2056 238 2102 omnes
259 2041 441 2102 insidiosae.¹

209 2123 250 2184 Et
271 2128 297 2187 2.
321 2124 403 2203 quod
427 2124 539 2184 solutio
573 2123 638 2184 eiua
667 2123 706 2184 ad
739 2123 822 2184 illam
851 2123 1048 2203 scripturam:

125 2206 194 2267 Tibi
216 2206 296 2267 dabo
321 2209 440 2284 slaves,
476 2207 550 2267 nihil
582 2208 637 2285 sit,
672 2215 703 2267 et
725 2214 842 2286 septem
875 2207 940 2265 eius
962 2224 1050 2285 argu-

129 2300 235 2350 menta
257 2291 424 2350 solvuntur.
948 2313 950 2317 ·

211 2373 252 2432 Et
277 2373 359 2433 idem
388 2376 416 2437 3.
444 2373 603 2454 probatur¹
625 2372 664 2432 de
691 2372 848 2433 solutione
883 2370 921 2431 ad
950 2371 1048 2431 illam:

128 2455 225 2515 Pasce
247 2475 321 2515 oves
344 2475 444 2533 meas,
473 2462 504 2515 et
531 2461 662 2533 quatuor
687 2455 752 2514 eius
780 2460 960 2535 argumenta
988 2453 1048 2513 sol-

128 2545 249 2597 vuntur.

210 2621 251 2680 Et
270 2621 299 2682 4.
324 2618 406 2699 quod
428 2621 540 2680 iniuste
561 2625 591 2680 et
614 2621 795 2701 ignoranter
815 2619 915 2680 rideat
937 2619 975 2680 ad
998 2618 1049 2680 de·

128 2710 243 2764 oretum
261 2703 382 2779 Leonis,
406 2703 473 2766 dist.
487 2703 571 2764 XIX:
593 2703 639 2763 lta
650 2704 810 2782 Dominus,
833 2711 865 2763 et
879 2702 1049 2764 dissolvun-

127 2793 175 2846 tur
197 2794 328 2864 quatuor
350 2787 414 2846 eius
438 2793 626 2866 argumenta.

211 2869 252 2929 Et
273 2873 301 2934 5.
325 2868 407 2947 quod
436 2870 614 2951 ignoranter
641 2868 740 2928 rideat
760 2867 915 2928 decretum
938 2867 1050 2928 Leonis

125 2948 179 3016 IV.
203 2951 242 3012 di.
265 2951 303 3014 ll.
325 2951 364 3011 de
387 2950 507 3011 libellis.

210 3034 251 3094 Et
272 3037 300 3099 6.
321 3033 402 3094 idem
427 3033 572 3115 probatur
601 3031 639 3092 de
663 3050 708 3092 oa.
732 3032 831 3106 oleros
854 3030 893 3094 di.
916 3031 995 3094 XXI.
1018 3039 1050 3093 et

125 3117 287 3178 solvuntur
310 3119 367 3177 tria
390 3117 454 3177 eius
477 3123 671 3196 argumenta,
694 3116 828 3176 maxime
849 3113 942 3194 illud,
965 3115 1049 3196 quod

126 3219 167 3260 ex
190 3200 322 3260 oonoilio
343 3199 487 3259 Africano
511 3198 549 3260 di.
563 3197 671 3260 XCIX.
695 3199 725 3258 in
748 3217 794 3259 oa.
817 3199 935 3279 primae
957 3197 1049 3277 sedis,

125 3282 177 3343 ubi
198 3284 259 3345 iste
282 3281 428 3362 deeeptus
451 3283 748 3362 aequivocationez)
777 3281 939 3362 primitatis
967 3279 1049 3341 sedis

124 3365 200 3426 illud
222 3383 289 3446 oap.
318 3372 380 3425 tam
401 3371 526 3444 patens,
564 3364 647 3445 qnod
677 3363 811 3446 glossam
843 3382 906 3424 non
930 3365 1059 3443 meruit·

125 3449 251 3508 minime
273 3447 433 3508 intellexit.

214 3583 249 3652 x)
273 3576 380 3636 lnfmita
424 3586 496 3637 torta
533 3584 645 3650 lllelyaai
688 3579 872 3656 Anaxagorae
910 3584 1047 3653 Leucippi.

123 3657 155 3724 y)
176 3655 435 3721 QuiaThomistiee.
473 3658 503 3715 a)
524 3655 595 3722 Quid
616 3657 726 3724 mirum,
746 3673 808 3709 oum
827 3655 1062 3725 quotidianovas·

123 3729 234 3797 fingunt
252 3726 285 3779 de
305 3726 388 3780 eorde
407 3742 457 3780 sno
478 3728 730 3795 aequivocationes.

199 3799 229 3867 1)
250 3799 281 3850 ln
302 3797 344 3850 ed.
369 3798 430 3853 Jen.
450 3797 542 3851 deest:
561 3803 597 3855 et.
