2356 4200
177 272 303 343 Epistola
321 272 355 326 Μ.
374 271 487 328 liutheri
504 272 539 325 ad
559 273 709 327 uonseuos
727 235 976 331 latterbocoenses.
1013 268 1076 337 468

160 466 165 473 ·
237 445 433 506 Franciseani
445 445 505 525 ipsi
515 446 604 505 initio
621 443 744 525 quidem
767 443 998 523 quatuordecim
1013 451 1076 504 tsn-
1116 506 1136 534 x

153 535 219 590 tum
240 528 386 589 articulos
408 535 517 589 contra
526 527 691 588 Lutherum
709 534 945 608 proposuerunt,
966 533 1105 605 postea*

153 619 258 674 sutem
281 611 402 689 Eceias,
424 629 517 690 quum
530 612 602 671 illos
615 613 646 671 in
663 611 772 690 vulgus
787 610 901 689 ederet,
922 610 970 677 his
983 628 1077 693 unqu

155 693 287 774 addidit,
316 702 389 774 post
408 695 549 774 quintum
569 696 652 757 enim
672 690 848 754 mtclseruit
868 694 969 772 hunc,
991 693 1078 753 ouius
1142 765 1144 769 .

153 777 248 838 verbo
270 777 348 837 haec
370 784 456 837 suut:
499 778 604 855 „Dicit
632 778 726 838 etiem
755 776 963 854 (liutherus),
1014 773 1078 836 uod

154 861 236 922 Deus
273 861 412 940 exigeret
445 879 596 921 summam
630 861 853 941 perfectionem
883 879 902 919 a
940 794 1079 938 quolibet

155 944 329 1009 Christiano
346 950 384 1003 et
406 944 635 1004 observantiam
659 946 752 1004 totius
781 942 967 1023 evangelii.“
1007 941 1078 1017 Quo

154 1028 270 1088 tactum
291 1032 348 1104 est,
370 1033 404 1086 ut
426 1026 599 1106 quindecim
623 1027 741 1087 articuli
767 1025 960 1089 eFmtribus
981 1025 1078 1085 Mino

155 1111 263 1170 ritanis
285 1109 590 1170 Jutterboccensibus
611 1111 644 1170 in
667 1110 853 1186 editionibus
871 1108 898 1168 0
921 1128 1005 1172 erum
1024 1109 1080 1167 Lu·

156 1193 235 1253 theri
256 1192 403 1272 adscripti
432 1195 460 1252 ei
489 1193 640 1273 legantur,
664 1200 695 1253 et
717 1127 955 1256 Seokendordus
977 1193 1008 1251 in
1030 1191 1080 1251 Hi·

157 1276 254 1337 storia
274 1275 395 1338 Luther.
420 1277 442 1352 l,
465 1281 543 1355 ΜΟ
564 1276 836 1337 Jutterbocceuses
858 1273 1081 1353 quindecim

156 1358 304 1419 sntioulos
316 1358 426 1436 malae,
448 1366 482 1417 ut
492 1358 651 1438 putebant,
660 1366 753 1419 notae
766 1360 959 1438 excerpsisse
969 1364 1080 1417 narret.

241 1439 554 1515 Quetuordeeim
575 1442 694 1501 ertiouli
712 1443 863 1521 propositi
885 1440 1027 1521 leguntur
1049 1441 1080 1499 in

156 1524 207 1586 ed.
229 1524 310 1604 Opp.
333 1523 419 1584 Luth.
443 1523 602 1587 Wittemb.
624 1523 647 1601 l,
670 1523 730 1589 239
752 1531 785 1585 et
800 1526 830 1583 in
848 1523 1081 1584 Loesoherilte-

158 1609 247 1668 form.
279 1607 348 1671 Aet.
376 1605 464 1667 Tum.
487 1607 543 1685 ill,
573 1628 602 1686 p.
626 1611 701 1685 llo,
735 1605 956 1686 quindecim
978 1608 1010 1666 in
1032 1605 1081 1666 ed.

157 1689 237 1770 Opp.
261 1689 348 1750 Loth.
370 1689 497 1751 lenensi
518 1689 541 1769 l,
563 1708 593 1769 p.
615 1692 688 1753 214.
711 1692 782 1754 226.

240 1772 383 1852 Epistola
410 1773 534 1832 liutheri
561 1773 600 1834 ed
619 1773 789 1834 Monachos
810 1772 1082 1833 lutterboceenses

158 1857 232 1917 dato
260 1855 373 1935 legitur
398 1855 493 1916 latine
514 1857 546 1914 in
579 1855 628 1916 ed.
658 1856 738 1936 Opp.
760 1856 847 1916 Loth.
876 1854 1035 1917 Wittemb.
1058 1855 1083 1934 Ι,

158 1959 190 2018 p.
213 1939 284 2013 238,
305 1938 373 1998 den.
397 1939 420 2015 l,
440 1957 470 2018 p.
493 1941 563 2015 224,
585 1939 667 2018 apud
689 1940 844 2009 Loesoher
865 1938 900 1998 T.
914 1939 960 2016 lll,
983 1938 1082 2017 p.116

160 2028 192 2082 et
212 2022 388 2102 germaniae
409 2020 491 2101 opud
514 2021 634 2082 Wclch.
656 2021 768 2099 XViii,
792 2042 821 2101 p.
846 2022 923 2084 1671
948 2039 1014 2100 sqq.

248 2103 399 2184 sepino
429 2105 520 2163 huius
546 2105 699 2184 epistolae
728 2107 822 2166 editio
846 2122 910 2164 non
932 2103 1084 2182 prodiisse

159 2190 192 2248 in
215 2187 314 2247 lucem
337 2187 472 2247 videtur:
503 2185 593 2248 huius
621 2189 725 2267 itaque
753 2194 870 2248 textum
897 2186 1084 2247 reddidimus

159 2291 200 2330 ex
223 2269 272 2331 ed.
294 2269 374 2349 Opp.
396 2269 520 2330 Lutheri
538 2270 675 2348 lenensi,
697 2273 728 2331 in
751 2291 820 2350 que,
844 2278 876 2330 ut
898 2269 1084 2349 supradixi,

160 2353 334 2433 quindecim
358 2354 476 2414 articuli
499 2353 798 2416 Jutterboceensium
820 2356 970 2434 leguntur.

244 2436 388 2496 Monaohi
409 2429 696 2516 lutterboooenses,
719 2436 980 2499 fortasseLutheri
1003 2453 1085 2496 com·

108 2542 124 2566 v
161 2519 380 2580 minationibus
408 2520 575 2599 perterriti,
606 2519 647 2579 ad
668 2519 791 2580 Lutheri
824 2520 987 2601 epistolum
1009 2519 1085 2579 nihii

162 2603 288 2663 omnino
311 2601 553 2680 responderunt,
581 2602 636 2662 sed
658 2609 756 2664 totum
776 2624 841 2664 rem
863 2603 912 2664 lo.
934 2601 1044 2681 Eccio,
1066 2622 1086 2663 a

162 2705 224 2764 qun
245 2686 304 2764 ipsi
326 2684 364 2743 ad
386 2685 628 2765 impugnandum
640 2686 804 2747 Lutherum
827 2685 965 2765 instigati
983 2685 1086 2746 erede

161 2769 282 2844 bantur,
304 2768 465 2848 reliquisse
487 2768 629 2828 videntur
649 2771 849 2831 tractandam.
877 2770 1017 2829 ioannes
1028 2769 1085 2828 Ec·

161 2852 228 2911 cius
249 2851 342 2929 igitur
362 2851 419 2912 lios
441 2851 741 2912 Jutterboeeensium
764 2853 909 2913 articulos
931 2870 1086 2912 commen·

162 2935 281 2994 tatione
301 2933 465 2993 illustravit
493 2952 530 2993 ao
551 2933 708 3012 defendit,
741 2944 773 2996 et
794 2936 1085 2996 commentationem

162 3035 249 3076 suam
281 3018 430 3096 episeopo
453 3015 742 3097 Brandenburgensi
775 3019 906 3085 tradidit.
939 3018 1007 3093 Quo
1035 3037 1087 3078 au·

161 3099 227 3160 dito
250 3099 398 3160 Lutherus
421 3099 523 3158 stetim
546 3106 653 3160 contre
669 3100 795 3161 Eooium
818 3102 1086 3162 etJutterboeoen-

162 3202 214 3243 ses
236 3181 403 3244 defendere
426 3201 459 3241 se
483 3183 656 3262 constituit,
680 3185 744 3263 sed,
766 3204 858 3266 quum
881 3185 1087 3266 typographia

163 3267 192 3326 ei
215 3265 358 3344 deesset,
386 3264 551 3344 impeditus
574 3273 638 3343 est,
671 3269 834 3346 quominus
857 3267 940 3348 quod
961 3267 1087 3328 volebat

163 3348 321 3428 extempio
343 3347 513 3427 perficeret.
536 3347 647 3410 Scribit
668 3352 749 3410 enim
770 3352 824 3412 iile
840 3351 869 3411 d.
883 3355 929 3416 18.
952 3372 991 3410 m.
1007 3353 1086 3433 Aug.

147 3451 192 3492 re.
217 3433 296 3496 1519
319 3430 497 3511 spoletino:
527 3431 690 3510 „Ceterum
713 3433 824 3494 Eccius
852 3433 985 3495 officium
1014 3436 1088 3496 facit

163 3533 265 3594 neque
285 3515 360 3575 boni
383 3513 627 3593 usqueliberalis
650 3517 706 3576 viri
719 3517 750 3576 in
764 3520 847 3577 omni
867 3518 954 3579 loco:
978 3517 1087 3580 dedit

163 3596 363 3677 Episcopo
385 3596 758 3679 Brundenburgensi
784 3602 981 3661 articulos
1004 3620 1023 3661 u
1043 3620 1087 3664 se

164 3686 472 3758 commentatos,
506 3699 604 3760 quoa
623 3680 767 3743 tratres
788 3683 1086 3750 Jutterboocen·

164 3780 224 3823 aas
244 3764 281 3823 in
304 3782 359 3823 me
380 3763 668 3827 nontiaverunt
688 3764 942 3832 mendaciter.
984 3767 1086 3832 Hono
1148 3844 1153 3849 ι
