2356 4200
111 272 245 340 Quaestio
256 271 290 326 de
304 273 408 327 viribus
420 274 602 329 etsoluntats
611 274 734 331 hominia
745 277 807 331 sine
820 277 916 346 gratis.
971 271 1034 347 235

109 442 178 521 ipsa
206 460 257 503 ex
275 462 325 505 me
349 462 415 505 nou
443 450 491 507 est
516 443 614 524 taeta,
641 441 697 505 sed
718 442 759 504 M.
778 443 1035 511 Bartholomaeus

109 543 179 585 eam
202 524 250 584 aio
270 525 433 604 enullavit,
468 527 588 595 soilioet
608 533 711 589 motus
729 525 817 609 oblat
805 532 952 589 tratorum
972 514 1034 589 lan}

109 607 230 667 tionum
243 628 380 671 mearum
395 610 519 690 garritu.
553 609 658 690 ltaque
671 608 752 686 feeit,
774 600 913 674 titatium
931 616 1034 689 (prae

109 697 157 751 ter
178 689 318 752 ordinem
349 712 406 753 me
426 688 710 773 praesidente)
734 692 866 787 publiea
877 691 956 755 liaeo
975 691 1034 763 dist

109 779 288 837 nutarentur
309 774 348 836 ad
372 774 592 837 obstruendum
614 793 669 837 ora
690 776 942 855 garrientium,
923 773 972 835 sul
993 773 1034 845 ad

110 854 298 919 audiendum
320 857 464 919 iudieium
485 856 1034 963 aliorum.(i.uth.epp.ed.1turit

108 937 194 1018 I,p.
216 941 292 1018 236,
314 940 583 1022 deWetteI,p.
607 943 677 1017 34)

193 1022 292 1083 Huius
329 1023 545 1103 disputationis
590 1024 851 1105 propositiones.
876 1029 984 1104 utpote
1006 1042 1035 1089 ,ο

108 1104 234 1180 Lutheri
257 1107 442 1167 lectionibus
466 1109 631 1169 maximam
653 1114 771 1204 partem
793 1107 936 1184 haustas,
954 1122 1033 1177 num
1123 1169 1132 1186 ,

110 1206 203 1266 quam
232 1208 295 1250 nou
323 1190 381 1251 Lut
382 1189 456 1251 hero
491 1193 610 1253 auctori
639 1191 696 1252 viri
724 1190 808 1251 dooti
834 1189 1036 1257 attribuerunt

108 1273 234 1350 atque
225 1292 257 1332 ru
276 1271 404 1337 Lethen,
421 1273 536 1354 seripte
556 1273 733 1350 retulerunt,
755 1270 847 1352 idque
861 1293 900 1334 eo
917 1273 1035 1336 maiore

108 1355 186 1433 iure,
209 1354 293 1434 quod
315 1355 464 1417 Lutherue
486 1356 552 1436 ipse
581 1357 668 1417 huius
696 1357 886 1436 quaestionis
913 1355 1034 1423 oonsu-

108 1439 216 1499 siones
239 1445 269 1499 et
290 1438 455 1501 oorollauie
475 1440 505 1503 iu
530 1440 644 1501 seholis
658 1439 824 1519 eisplieavit
837 1447 868 1500 et
888 1445 1035 1518 tanquam

110 1537 171 1582 sue.
199 1520 352 1599 defendit,
373 1540 432 1581 neo
460 1521 602 1600 deerant,
635 1523 739 1602 quiin
768 1541 807 1583 ea
828 1522 1035 1602 disputatione

109 1603 385 1671 luculentissimam
404 1605 635 1666 reformationis
659 1604 887 1686 praelusionem
915 1604 1034 1685 praeli

110 1694 231 1764 oareut,
259 1686 360 1765 quod,
378 1693 503 1767 -quauta
531 1687 662 1749 eudaoia
687 1690 749 1749 iem
771 1694 834 1747 tum
855 1687 1034 1767 Pelagianos

110 1788 178 1829 rum
210 1771 560 1850 errores-impugnaret
591 1770 760 1848 Lutherus,
799 1770 871 1831 inde
901 1771 1034 1837 maxime

109 1850 209 1912 eluxit
231 1852 287 1929 (ei.
311 1852 459 1915 Riedeser
479 1853 685 1915 Naohriolrten
714 1874 767 1915 nur
786 1853 953 1929 Kirohen·,
975 1852 1034 1917 de

109 1934 320 1996 lebiton-'und
338 1935 662 2016 Bilolrergesolrieltte„
679 1936 806 1997 Altdorf
824 1937 913 2000 1766.
936 1936 970 1996 T.
979 1936 1033 2005 ili.

110 2037 141 2097 p·
158 2019 257 2093 295).
279 2026 312 2079 et
332 2018 415 2096 qnod
435 2019 508 2085 ium.
522 2026 584 2079 tum
608 2018 715 2081 eadem
737 2019 778 2079 de
800 2037 891 2081 servo
909 2019 1033 2085 arbitrio

109 2103 282 2181 proposuit,
304 2120 385 2180 quae
406 2108 516 2182 postea
532 2108 640 2163 eontra
657 2102 819 2163 Erasmum
838 2103 914 2163 tueri
933 2102 1033 2163 stude·

109 2182 172 2243 bat
216 2183 344 2243 Multo-m
368 2185 533 2244 excitatum
564 2205 633 2245 esee
659 2186 831 2246 mirationis
852 2183 911 2245 huo
933 2184 1033 2265 dispu-

110 2266 230 2327 tatione
252 2285 343 2345 quem
367 2268 500 2327 maxime
523 2287 650 2329 eernere
671 2268 742 2328 lieet
764 2288 803 2328 ex
826 2268 964 2347 epistola.
977 2267 1034 2329 Lu·

109 2348 190 2409 theri
212 2349 251 2408 ad
272 2350 408 2430 Longum
433 2351 542 2427 missa,
574 2370 665 2446 quam
696 2352 789 2413 modo
822 2351 1032 2413 laudavimus·

107 2450 169 2491 neo
192 2433 318 2510 mirum,
339 2435 488 2495 auerrima
512 2434 592 2493 euim
607 2435 674 2494 aoie
693 2441 754 2495 tum
769 2435 1035 2513 praestantissime

107 2514 363 2577 scholasticorum
387 2515 598 2577 doetrinst
551 2523 598 2576 est
619 2519 715 2594 petita
736 2526 828 2596 atque
854 2518 1034 2598 impugnata

109 2601 122 2665 ι
128 2597 167 2657 ιι
202 2618 231 2657 ιι.
265 2597 292 2658 d.
326 2599 445 2660 Hardtii
483 2597 551 2658 llist
539 2605 595 2661 ι.οι
633 2599 747 2664 literar
783 2600 1038 2661 Reiormetiouis.

105 2680 370 2759 Francos..,l717
394 2681 472 2743 Part
496 2681 537 2741 lV
548 2703 609 2761 ,.p
632 2679 682 2764 9).

191 2763 225 2825 In
248 2727 375 2829 edendis
398 2764 445 2823 his
468 2763 629 2859 disputatis
657 2785 715 2825 nos
745 2766 874 2860 primum
902 2762 1032 2827 reddidi·

106 2864 175 2904 mus
208 2843 532 2918 Quaestionem'
524 2867 639 2926 ipsam,
674 2848 771 2927 qualis
810 2848 964 2908 invenitur
1000 2848 1031 2909 in

107 2926 245 2987 editione
267 2929 395 2991 lenensi
419 2948 545 3008 operum
569 2929 611 2989 Lu
614 2930 745 2991 therit
715 2938 745 2991 et
764 2931 795 2990 iu
814 2930 1032 3008 antiquissimis

105 3010 259 3105 Proposit'
252 3030 358 3073 sonum
380 3011 503 3073 Luiheri
525 3010 726 3091 editionibus,
749 3012 873 3074 deinde
885 3015 966 3092 typis
987 3032 1032 3073 re-

106 3093 272 3172 petivimus
285 3112 361 3173 quas
374 3092 523 3155 Lutherus
546 3096 574 3154 ei
596 3095 709 3155 adiecit
731 3096 1031 3175 explicationes

106 3196 146 3235 ex
180 3175 352 3256 fragmento
386 3176 581 3254 Lectionum,
617 3179 698 3256 qnod
726 3179 760 3239 V.
784 3178 819 3238 u.
843 3178 1036 3239 Loesoherns
1115 3228 1117 3235 .

106 3278 147 3333 err
188 3258 298 3319 codiee
341 3261 572 3338 manuscripto,
619 3261 668 3339 qui
710 3281 729 3321 a
769 3261 902 3323 Lutlrero
948 3280 1030 3323 anuo

106 3340 229 3401 demum
269 3344 347 3406 1518
390 3342 481 3421 plane
518 3344 677 3403 eonfeetus
714 3344 808 3411 fuisse
832 3345 876 3403 illi
903 3344 1032 3423 videtur,

105 3425 223 3564 primtns
254 3425 284 3483 iu
308 3425 406 3485 luoem
430 3425 558 3504 protulit
578 3445 659 3486 auno
686 3428 797 3490 lint
789 3447 820 3493 ιιι
844 3427 920 3489 lilino
944 3447 1031 3508 argu

107 3525 178 3565 men
182 3508 220 3564 tis
246 3526 284 3565 eu
264 3508 387 3587 0sregiis
379 3507 659 3586 locupletissimo:
705 3509 913 3589 Unsolmldige
930 3509 1032 3573 Naeh-

106 3588 227 3650 riehteu
252 3609 312 3649 von
335 3590 379 3649 ult
368 3598 418 3649 teu
442 3590 502 3651 und
524 3611 624 3651 neuen
652 3591 886 3672 theologisohen
911 3592 1031 3653 Saohen

108 3691 138 3750 p.
162 3672 233 3735 243.
264 3673 384 3736 430ss
372 3677 466 3739 tuot
495 3692 577 3752 sqq.,
613 3682 644 3734 et
672 3694 754 3734 anuo
786 3676 900 3740 1720
892 3695 923 3741 ιιι
952 3675 1030 3736 libro

105 3754 295 3814 olarissimo:
340 3755 556 3837 Vollstitudige
578 3757 878 3825 Reformatioussetu
901 3757 1030 3841 Tou-1,
