2356 4200
370 306 415 362 us
431 310 532 407 vunnu
542 304 793 378 *indulgentiarum
967 301 1048 371 aab

125 479 189 538 tias
211 482 282 537 sunt
301 477 500 538 remissiones
520 494 689 559 poenarum
701 472 859 556 somnium,
880 493 941 537 non
957 474 1048 539 debet

122 560 218 621 bomo
240 560 319 620 ultra
339 560 476 622 ieiunare
504 570 555 621 aut
576 558 659 623 bona
679 560 789 620 lacer-e.
834 560 899 621 Neo
921 558 1048 623 solvitur

123 640 278 719 ibidem¹)
312 660 368 725 par
396 642 473 720 boc,
501 641 582 723 quod
612 644 651 702 sit
671 644 788 705 incerta
808 643 964 722 remissio,
991 642 1047 704 sed

122 724 376 806 blasphemantur
407 726 510 807 potius
544 726 647 786 clares
677 726 844 805 ecclesiae,
879 726 947 786 licet
976 743 1045 785 enm

122 811 229 869 iuvent
255 810 285 869 in
315 808 375 869 hac
402 807 600 889 solutione²l
634 827 740 870 omnes
775 809 869 870 ferme
904 808 1046 869 doctores

127 889 314 953 scholastici.
365 890 441 951 lllud
472 900 589 968 autem,
623 892 705 971 quod
736 894 833 953 nescit
865 890 974 970 homo,
1008 911 1047 952 an

125 992 234 1035 amore
251 974 368 1055 'dignus
391 975 446 1052 sit,
487 984 547 1055 qn'o
569 973 680 1055 probat
702 974 884 1037 solutionem
908 973 1048 1054 suem⁸),

123 1056 304 1136 intelligitur
327 1055 485 1119 defuturo
508 1063 636 1136 eventu,
668 1059 738 1137 quia
766 1060 816 1139 qui
849 1076 931 1117 nunc
953 1055 1049 1118 credit

123 1140 239 1214 nescit,
262 1158 300 1200 su
324 1139 415 1199 sitin
438 1138 499 1199 ilde
519 1142 779 1220 perseveraturus.
822 1140 912 1202 Unde
933 1139 1046 1200 ibidem

124 1221 219 1282 eccle.
234 1223 261 1285 9.
286 1224 386 1282 stetim
410 1221 547 1282 additur:
569 1222 675 1282 Nescit
695 1222 789 1283 homo
812 1243 850 1284 an
874 1240 979 1283 amore
999 1223 1047 1283 vel

127 1302 202 1387 odio
225 1303 335 1383 dignus
360 1305 409 1381 sit,
430 1304 484 1364 sed
510 1306 614 1366 omnia
635 1314 794 1366 servantur
809 1304 930 1367 incerta
952 1300 1018 1365 in'l
1037 1339 1047 1350 -

124 1390 243 1463 turum,
263 1387 421 1467 praemisit
444 1387 540 1447 enirn:
582 1386 659 1448 Sunt
679 1388 749 1448 iusti
772 1398 802 1448 et
824 1408 920 1473 opera
941 1407 1046 1449 eorum

126 1470 157 1530 in
180 1488 271 1528 mauu
293 1469 350 1528 Dei
375 1474 432 1530 etc.

210 1550 347 1626 Quodsi
374 1552 586 1612 remissionem
609 1552 719 1632 culpae
747 1553 862 1613 iaciunt
888 1555 1047 1632 incertam,

127 1632 225 1694 multo
249 1634 347 1715 magis
369 1640 400 1694 et
421 1652 554 1716 poenae,
577 1651 645 1695 oum
669 1635 760 1716 culpa
775 1643 919 1697 manente
931 1644 961 1696 et
974 1654 1048 1717 pce·

126 1734 198 1776 nam
223 1733 345 1796 quoque
367 1735 492 1776 manere
514 1735 642 1778 necesse
663 1719 718 1795 sit,
743 1719 821 1778 sicut
841 1717 952 1778 ibidem
976 1718 1050 1779 dicit

126 1797 249 1881 glossa,
275 1798 357 1877 quod
386 1799 526 1859 remissio
555 1799 608 1859 illa
628 1800 818 1881 intelligitur,
848 1800 1049 1883 quandoper

125 1881 341 1941 contritionem
368 1883 448 1954 (imo
470 1900 526 1962 per
542 1880 638 1945 iidem
663 1882 811 1957 clavium)
837 1885 962 1943 omnino
998 1884 1048 1944 ds-

124 1964 220 2023 letum
243 1970 291 2023 est
312 1973 483 2045 peccatum.
528 1963 608 2039 Quid
630 1984 705 2040 ergo
727 1973 797 2025 sunt
817 1965 1048 2043 indulgentiae?

123 2046 244 2106 incerta
266 2044 415 2106 donatio?
459 2044 557 2123 Absit,
580 2046 669 2122 absit,
692 2054 809 2113 uttam
831 2048 925 2127 impia
946 2047 1047 2107 illusio

125 2126 165 2189 ab
190 2127 320 2188 ecclesia
343 2127 472 2203 Christi,
504 2130 566 2190 imo
597 2128 735 2190 clavibus
762 2129 825 2190 flat.
867 2129 945 2189 'l'um
967 2131 1048 2189 enim

124 2228 199 2271 vere
223 2206 276 2293 (ut
297 2211 420 2289 quidam
443 2211 565 2289 dicunt)
597 2210 805 2293 indulgentiae
833 2219 936 2272 essent
957 2230 1048 2292 quae·

124 2293 196 2353 dam
220 2293 332 2373 impiae
355 2293 487 2353 fidelium
512 2293 720 2374 deceptiones.
750 2294 796 2355 Ad
810 2296 1047 2355 istumerrorem

124 2376 255 2447 venitur,
279 2374 350 2435 duur
373 2377 548 2454 quaerimus
569 2396 625 2457 per
643 2395 739 2457 opera
750 2383 856 2437 nostra
869 2384 900 2436 et
911 2386 1048 2438 nostram

124 2458 271 2518 iustitiam
294 2457 451 2518 iustificari
473 2460 576 2538 potius
599 2477 690 2538 quam
713 2458 889 2540 perfidem.
918 2459 992 2520 ldeo
1010 2459 1049 2519 de

126 2538 363 2603 contritionibus
379 2540 594 2601 tautummodo
611 2541 768 2623 docemus,
792 2541 915 2621 quando
933 2543 1049 2623 optime

126 2621 292 2703 docemus,
314 2622 388 2683 nihil
412 2623 449 2682 de
470 2622 531 2683 lide
554 2624 701 2702 clavium,
725 2642 804 2704 quae
826 2625 961 2684 maxime
984 2644 1048 2684 om·

124 2706 208 2847 pium
238 2703 378 2765 docenda
405 2711 478 2767 erat.
531 2704 591 2767 Sed
624 2726 718 2787 supra
745 2705 783 2767 de
811 2707 848 2765 iis
879 2706 969 2767 latius
1003 2712 1049 2767 est

146 2788 251 2849 ictum.

209 2870 272 2930 Aut
294 2887 368 2950 ergo
390 2869 599 2949 indulgentiae
620 2888 681 2930 uon
705 2876 775 2930 sunt
797 2869 959 2930 thesaurus
987 2889 1048 2930 ms-

125 2952 251 3014 ritorum
275 2957 468 3029 sanctorum,
492 2957 545 3011 aut
568 2971 586 3012 ο
610 2952 684 3012 tima
705 2953 849 3031 sequitur,
872 2952 953 3032 quod
976 2964 1048 3013 cun·

125 3045 250 3095 secutus
273 3033 364 3095 debet
385 3035 545 3117 quiescere
567 2970 608 3093 ai
628 3032 771 3113 operibus
794 3035 857 3095 suis
880 3034 968 3095 bonis
990 3053 1047 3115 pro

126 3117 274 3199 peccatis,
296 3124 330 3176 ut
353 3117 452 3197 arguit
473 3114 710 3194 istagtoesat).
739 3115 858 3177 Solutio
881 3124 984 3178 autem
1005 3119 1049 3197 ip·

125 3200 190 3259 sius
212 3198 336 3279 glossae
358 3200 450 3260 etiam
471 3197 567 3278 impia
588 3204 635 3258 est
657 3198 688 3258 in
704 3196 883 3275 Christum,
910 3199 992 3279 quia,
1023 3199 1049 3257 si

125 3300 182 3362 per
203 3281 310 3342 venias
332 3280 405 3341 mihi
426 3279 644 3361 impenduntur
666 3282 775 3342 merita
798 3279 919 3359 Christi,
941 3287 1048 3361 elego

126 3362 229 3424 adhuc
249 3362 397 3423 incertum
419 3360 536 3441 habeo,
570 3362 642 3422 mihi
670 3382 745 3423 esse·
760 3370 890 3444 peccata
910 3364 1048 3439 remissa,

199 3576 232 3645 1)
252 3575 321 3630 Ibid.
342 3575 432 3630 deest:
450 3575 565 3631 ibidem.
627 3575 660 3643 2)
679 3576 749 3631 Ibid.
768 3576 883 3646 legitur:
897 3576 1048 3637 renuntia.

127 3651 159 3712 3)
178 3647 248 3700 Ibid.
268 3647 368 3700 desunt
385 3647 455 3699 haec
473 3648 569 3701 verba:
588 3663 644 3716 quc
662 3649 765 3715 probat
781 3646 949 3701 solutionem
960 3660 1048 3700 suam.

128 3719 158 3775 dl
178 3718 247 3772 Ibid.
267 3718 367 3772 desunt
384 3718 483 3770 verba:
507 3723 538 3770 ut
555 3720 649 3789 arguit
664 3720 719 3772 ista
756 3718 848 3788 losse,
866 3722 894 3771 et
910 3719 1049 3787 porgitur:

128 3788 182 3844 Sed
203 3787 277 3859 qnod
294 3790 350 3842 ista
367 3788 501 3842 sententia
521 3788 662 3859 sit'tmpta
676 3786 706 3842 in
749 3788 868 3844 hristum
886 3792 937 3844 ue.
