2356 4200
395 253 413 300 δ
430 247 507 314 Papa
519 245 556 298 ad
575 243 739 301 Concilium.
984 245 1047 313 439

126 415 245 477 iniuriis
264 417 334 476 iura
345 413 504 495 appellare
514 415 693 494 permittent
714 415 803 494 adso,
828 417 1047 496 quodiaierior

125 498 165 560 de
187 507 252 559 non
273 495 461 578 appellando
483 497 523 558 ad
543 499 735 578 superiorem
749 504 884 560 statuere
896 519 960 563 non
976 519 1046 582 pos·

124 584 174 658 sit,
196 587 228 642 at
251 600 358 642 manus
381 581 571 661 superiorum
595 580 747 642 claudere.
797 582 858 644 Sed
879 602 948 643 oum
972 585 1047 645 satis

124 667 165 726 sit
197 666 230 727 in
259 664 418 744 professo,
441 663 523 743 qnod
562 671 792 725 sacrosanctum
814 665 978 729 concilium
1015 668 1045 727 in

124 747 239 828 Spiritu
264 752 372 808 sancto
385 747 523 827 legitime
543 753 774 828 congregatum,
798 755 934 810 sanctam
950 749 1045 811 ecole-

124 832 200 892 sism
225 829 409 894 catholicam
430 837 686 910 repraesentans,
719 831 759 892 sit
778 832 810 891 in
832 832 932 893 causis
953 831 1044 894 iidem

124 912 384 976 concernentibus
407 931 498 992 supra
510 920 632 993 papam,
656 914 767 991 evenit,
789 914 873 993 qnod
891 933 950 975 nea
965 934 1046 995 papa

123 999 154 1057 in
177 997 278 1056 causis
299 994 491 1072 huiusmodi,
515 1014 555 1056 ne
576 995 614 1057 ab
637 1015 675 1056 eo
697 996 737 1056 ad
759 998 920 1059 concilium
942 999 1046 1079 appal-

123 1081 213 1154 letnr,
235 1084 371 1139 statuere
391 1079 506 1158 possit,
535 1085 679 1158 tanquam
707 1079 739 1139 id
761 1099 871 1159 agens,
902 1080 985 1160 quod
1006 1081 1046 1142 sd

124 1162 261 1225 officium
283 1180 369 1223 snum
392 1181 455 1222 non
477 1181 491 1220 s
515 1168 596 1222 estet
617 1161 804 1239 ullomodo,
827 1165 926 1243 sitque
942 1164 1050 1245 appel:

123 1246 198 1306 latio
220 1246 289 1325 ipsa
309 1244 449 1305 defensio
472 1263 491 1324 q
534 1243 640 1321 adam,
665 1242 743 1324 dnae
765 1247 837 1313 inre.
853 1245 972 1324 divino,
994 1266 1045 1308 na-

124 1327 225 1407 turali,
247 1334 278 1388 at
299 1328 433 1388 hnmano
455 1327 565 1405 auique
589 1329 747 1408 competit,
769 1348 869 1408 neque
891 1349 946 1409 par
966 1332 1045 1410 prin-

112 1413 226 1492 ¹clpam
247 1411 358 1473 auferri
380 1411 488 1490 possit.
728 1477 731 1481 ¹

90 1501 95 1516 '
206 1493 327 1558 Itonos
363 1510 422 1573 ego
444 1492 551 1553 Frater
583 1492 731 1552 Martinus
768 1493 896 1573 Luther,
931 1495 1046 1556 ordinis

108 1577 327 1647 ,Er'amitarum
351 1575 381 1638 Β.
410 1575 576 1656 Augustini
604 1574 912 1658 Vuittambergensis,
941 1596 1046 1640 sacrae

123 1659 302 1741 theologias
331 1658 478 1739 Magister
504 1656 665 1737 indignus,
701 1658 899 1739 eiusdemque
932 1661 1045 1722 ibidem
1160 1677 1161 1683 ’

124 1743 223 1805 lactor
245 1740 416 1821 ordinarius
438 1741 628 1821 principalis,
649 1741 858 1822 principaliter
873 1751 905 1804 et
925 1750 981 1824 pro
997 1763 1046 1804 me
1108 1741 1110 1744 ’

113 1827 204 1906 ipso,
226 1843 330 1886 coram
353 1823 443 1884 vobis
454 1823 583 1887 Notario
605 1822 740 1904 publica,
761 1832 905 1905 tanquam
924 1827 1047 1905 publica

125 1916 159 1971 at
178 1907 355 1969 audentior
374 1925 524 1986 persona,
557 1925 595 1967 ac
615 1907 744 1968 testibus
764 1907 815 1968 hic
834 1909 1045 1988 praesentibus

122 1989 228 2058 animo
251 1996 283 2051 st
301 1990 475 2051 intentione
496 1988 689 2070 provocandi
709 1996 741 2051 et
762 1991 937 2070 appellandi
972 2012 1046 2074 apo-

124 2073 286 2154 stolosque
307 2072 433 2153 petendi
455 2077 486 2133 et
517 2071 709 2152 aecipiendi,
740 2074 912 2152 praemissa
943 2082 1046 2137 tamen

121 2169 274 2237 'expressa
294 2155 354 2216 hae
375 2161 406 2215 et
428 2155 549 2216 solenni
569 2156 810 2237 protestatione,
828 2156 916 2239 ‚qnod
939 2163 1047 2220 contra

124 2258 218 2301 unam
239 2244 376 2300 naamam
399 2244 431 2299 et
452 2237 635 2300 catholicam
664 2245 696 2298 et
723 2239 926 2318 apostolicam
949 2240 1045 2302 ecole-

124 2325 213 2401 siam,
238 2341 328 2401 qnam
351 2314 445 2382 totius
467 2321 550 2381 orbis
573 2338 643 2382 esse
664 2322 840 2402 magistram
865 2328 896 2383 et
908 2322 1046 2384 obtinere

119 2406 330 2488 *principatum
352 2422 415 2463 non
437 2403 578 2484 ambige,
609 2410 795 2484 sanctaeque
817 2405 900 2467 sedis
922 2412 1046 2486 aposto-

124 2488 206 2552 usas
227 2487 423 2550 autoritatem
446 2504 483 2546 ac
504 2487 688 2546 sanctissimi
706 2488 823 2549 domini
835 2482 931 2550 nostri
948 2507 1047 2569 papas

128 2571 208 2632 bene
229 2570 363 2631 consulti
383 2574 570 2649 potestatem
603 2569 678 2630 nihil
713 2570 815 2631 dicere
845 2571 988 2648 intendo,
1021 2573 1047 2632 si

126 2653 199 2733 quid
222 2660 323 2714 autem
347 2672 387 2713 ax
407 2651 526 2715 lubrico
550 2652 655 2713 forsan
684 2653 830 2734 linguae,
864 2653 919 2714 sed
941 2653 1047 2715 adver-

126 2738 276 2799 sariorum
296 2736 399 2817 potins
416 2735 618 2812 irritamento,
641 2737 740 2796 minus
756 2741 850 2814 recte,
874 2743 905 2798 et
922 2756 985 2798 non
1000 2757 1047 2815 aa,

125 2836 187 2899 qua
209 2816 335 2896 debeat,
364 2819 537 2879 reverentia
569 2817 683 2878 dictum
705 2819 813 2896 fuerit,
836 2821 1047 2899 paratissimus
1152 2862 1154 2867 -

125 2920 195 2963 amn
217 2901 294 2962 illud
316 2900 491 2963 emendare.

210 2983 272 3046 Sed
294 2986 440 3064 quoniam
465 2984 502 3062 is,
525 2982 576 3062 qui
598 2984 698 3044 vicem
715 2983 771 3045 Dei
795 2985 825 3044 in
848 2985 936 3045 terris
958 2987 1046 3066 gerit,

127 3087 219 3147 ouem
240 3086 353 3149 papam
375 3066 515 3147 dicimus,
534 3085 603 3125 cum
625 3066 665 3126 sit
685 3065 796 3145 homo,
819 3066 926 3128 similis
948 3067 1048 3145 nobis,
1104 3072 1107 3085 '

127 3169 168 3213 ax
187 3150 362 3214 hominibus
384 3155 576 3228 assumptus,
609 3155 640 3210 et
652 3149 727 3228 vipsa
752 3151 802 3227 (nt
823 3150 1048 3230 apostolusdi-

122 3234 192 3307 sit)
212 3232 417 3294 circumdatus
438 3229 624 3309 infirmitate,
647 3238 758 3312 potens
773 3237 887 3309 errare,
908 3251 1048 3312 peccare,
1140 3280 1145 3299 .

130 3316 269 3394 mentiri,
300 3335 397 3395 vanus
412 3313 500 3392 deri,
534 3333 593 3375 neo
614 3315 653 3377 sit
675 3321 823 3395 exceptus
847 3315 885 3375 sb
907 3314 959 3376 illa
979 3335 1048 3397 pro·

128 3399 243 3480 phetas
270 3397 408 3478 generali
441 3396 610 3464 sententia:
647 3392 754 3458 Omnis
787 3397 881 3459 homo
904 3397 1048 3477 mendax,
1096 3410 1099 3414 ’

128 3501 189 3545 nso
211 3480 372 3556 §.Petrum
394 3481 509 3561 primns
531 3487 563 3542 st
584 3481 793 3541 sanctissimus
816 3482 952 3563 omnium
973 3500 1048 3561 pon-

129 3563 262 3644 tillcum,
298 3562 336 3626 ab
368 3563 428 3627 hac
447 3563 623 3624 infirmitate
644 3563 723 3625 liber
750 3563 820 3643 fuit,
853 3564 925 3643 quin
954 3565 1049 3627 toria

130 3647 328 3710 simulatione
352 3652 460 3707 contra
483 3648 642 3708 veritatem
654 3645 807 3728 evangelii
821 3645 987 3724 incederet,
1005 3648 1050 3709 ita

131 3735 166 3794 rt
190 3729 291 3813 rigida
321 3727 462 3811 quidam,
496 3729 552 3792 scd
583 3729 777 3796 sanctissima
809 3729 1050 3812 reprahsnn'one
