2356 4192
169 285 232 354 ⁶0⁸2
492 284 568 341 lert
586 285 665 341 iub.
682 283 819 339 Defensio
900 320 905 329 .

171 458 307 521 omnium
339 454 505 517 fortissime
525 453 759 535 exomologesin
787 451 918 528 uestit,
955 447 1015 510 sed
1034 447 1094 509 cius

171 539 357 618 compilator
376 539 610 616 grammaticum
634 544 839 599 contemnens
866 534 951 595 torte
972 547 1093 601 exnunc

170 622 291 764 logesp'p
314 638 531 701 gmecsmnon
553 619 706 682 intellexit
724 620 853 682 latinum
865 615 1093 678 confessionem

245 726 254 765 1
278 721 358 766 esre.

175 725 242 789 ψ
254 788 332 848 Ilico
346 806 435 868 ergo:
460 786 623 849 Confessio
645 788 709 867 illu,
730 805 812 866 quoe
821 802 906 845 nunc
927 781 1030 862 egitur
1050 798 1093 841 oc

171 870 253 933 culte
281 871 312 930 iu
340 889 461 949 eurem,
487 869 573 930 nullo
599 877 704 952 potest
732 870 800 931 iure
826 866 937 928 divino
966 862 1093 945 probari,

172 972 232 1017 nec
251 955 295 1015 itu
313 950 408 1014 flebat
428 953 577 1033 primitus,
600 955 655 1017 sed
676 953 801 1036 publicu.
821 950 888 1029 illa,
908 967 1007 1029 quum
1016 944 1093 1007 Obri-

172 1026 238 1099 stus
269 1035 375 1097 binttb.
399 1036 446 1100 18.
479 1035 588 1097 donet:
622 1039 654 1101 si
679 1035 857 1118 peccaverit
888 1033 920 1092 in
950 1037 983 1093 te
1009 1029 1094 1089 frntcr

173 1118 447 1188 11111,θῑΡ11111111
471 1117 525 1187 *lt
549 1118 705 1183 Adversus
732 1117 954 1197 Presbyterum
978 1130 1093 1174 accuse

171 1203 289 1264 uorem
321 1209 381 1264 etc.
415 1200 503 1263 Tunc
535 1206 617 1265 enim
650 1202 778 1265 testibus
809 1207 842 1263 ct
867 1193 1094 1260 accusatoribus

173 1285 303 1347 crimino
324 1283 591 1365 examinabuntur,
612 1289 690 1350 sieut
710 1304 804 1367 supro
824 1302 866 1344 ex
878 1276 1093 1362 Cyprisuontl
1171 1278 1174 1339 f

174 1366 265 1445 duxi,
296 1365 397 1428 donec
419 1365 616 1433 confiteretur
636 1372 806 1433 convictus.
830 1366 937 1442 Haec,
965 1364 1094 1442 inquom,
1171 1416 1174 1437 ,

177 1449 332 1513 confessio
356 1458 404 1509 est
423 1450 498 1511 iuris
520 1449 636 1532 divini,
657 1453 697 1515 nb
717 1449 872 1533 apostolis
893 1452 928 1508 et
949 1444 1094 1526 sequeuti-
1171 1446 1174 1453 '

174 1532 231 1595 bus
254 1538 385 1610 1111111111,
406 1531 446 1594 de
468 1551 529 1612 qun
549 1537 687 1599 scribunt
705 1538 821 1612 Patres,
844 1530 1040 1614 perEooium
1056 1528 1094 1587 ni
1171 1518 1174 1539 '

175 1614 219 1677 hil
245 1614 469 1695 intelligentem
490 1615 617 1683 inducti.
645 1620 716 1682 Non
739 1625 846 1681 tumen
870 1614 991 1675 domno
1010 1612 1094 1673 istum

175 1697 347 1769 Offilium,
375 1699 433 1759 nisi
462 1697 544 1778 quod
565 1703 660 1765 doleo
681 1705 779 1784 ipsum
804 1717 875 1762 esse
896 1699 930 1757 in
954 1693 1094 1756 carnifici·

174 1799 246 1843 nim
268 1779 422 1860 quandam
444 1780 611 1863 reductam,
635 1792 668 1847 ut
690 1792 840 1867 coguntur
860 1780 1009 1843 homines
1029 1795 1094 1839 oon·

174 1860 263 1940 ssteri,
286 1869 318 1924 et
338 1865 498 1944 scrupulos
519 1871 620 1931 lucere
642 1869 682 1929 de
701 1870 759 1947 iis,
786 1868 818 1928 in
847 1863 964 1944 quibus
984 1859 1093 1921 nullum

175 1951 225 2009 est
243 1953 417 2026 peccatum,
439 1953 493 2008 sut
514 1951 785 2015 vsuinletentum.

257 2028 326 2091 Jnm
361 2028 520 2095 videamus
551 2035 716 2097 Scotistum
750 2037 907 2109 nostrum,
942 2024 1094 2107 quomodo

173 2115 240 2175 iure
262 2112 367 2173 divino
384 2114 496 2193 probet
505 2118 744 2195 confessionem,
754 2116 890 2179 Johnnn.
915 2111 1002 2173 ulti:
1020 2108 1094 2184 Quo
1165 2170 1168 2197 =

175 2214 242 2257 rum
264 2196 442 2257 remiseritis
465 2207 671 2280 peocntcstc,
693 2201 744 2278 ibi,
766 2194 1029 2278 iuquitOhristus
1046 2210 1095 2272 po·
1165 2200 1168 2263 ξ

176 2279 237 2339 suit
259 2279 421 2358 apostolos
444 2287 475 2339 et
497 2303 693 2345 successores
715 2300 821 2345 eorum
844 2278 976 2351 iudices,
1002 2273 1093 2336 ubsol-

175 2359 277 2422 vendo
299 2367 331 2420 et
350 2361 495 2443 ligand03
516 2365 619 2428 modo
631 2367 726 2428 iudex
747 2386 811 2427 non
838 2367 947 2444 potest
967 2376 1093 2439 pronun·

175 2445 267 2522 dure,
289 2445 348 2504 nisi
370 2465 465 2506 causa
486 2451 621 2530 cognitu,
643 2448 725 2529 quod
746 2449 781 2509 fit
790 2467 846 2528 per
856 2443 1092 2507 confessionem.

175 2527 265 2603 Vide,
287 2533 320 2587 ut
341 2536 444 2608 reptat
465 2529 617 2614 languens
637 2536 697 2595 iste
718 2531 873 2612 Sophiste.

259 2609 352 2670 Cuius
368 2612 469 2672 fabula
482 2622 529 2676 est
549 2615 637 2690 haec,
660 2615 776 2676 nullum
799 2616 962 2695 peccatum
977 2605 1092 2681 remitti,

175 2694 234 2755 nisi
256 2693 452 2755 confessione
474 2698 659 2779 publicetur,
689 2717 758 2758 cum
779 2714 854 2757 vero
875 2692 982 2753 nullus
1004 2688 1091 2750 homi·

132 2827 135 2832 .
174 2794 248 2837 num
270 2796 364 2838 nosse
385 2781 485 2859 possit
506 2782 760 2862 omniopenostn,
781 2778 845 2855 fiet,
868 2782 905 2837 ut
924 2773 966 2835 sd
986 2774 1092 2853 impos
1159 2810 1162 2833 .

174 2855 264 2916 sibile
285 2858 448 2941 obligetur.
481 2864 561 2925 Nam
589 2864 662 2925 hinc
683 2868 833 2924 venerunt
862 2865 1004 2921 torturus
1023 2856 1092 2914 istne

175 2940 449 3023 conscientiarum,
480 2946 561 3025 quod
591 2944 832 3009 discussionibus
860 2949 894 3002 et
922 2938 1092 3020 diligentim

176 3018 415 3085 adhibitionibus
437 3027 607 3091 confitendi
629 3029 730 3090 nullus
752 3027 786 3089 fit
807 3025 894 3102 finis,
924 3021 1001 3083 inde
1029 3038 1091 3082 con·

173 3101 354 3166 fessionslis
375 3126 442 3170 cum
457 3111 631 3192 nepotibus,
654 3111 784 3185 filiabus,
808 3104 987 3190 speciebus,
1007 3120 1093 3185 genc-

173 3182 256 3282 ribus
278 3196 497 3268 peccatorum,
528 3200 561 3255 ut
587 3195 725 3277 ipsorum
748 3193 840 3254 etiem
862 3186 1020 3251 memorio
1039 3203 1093 3246 mu

173 3286 221 3349 gns
244 3270 283 3329 sit
303 3269 527 3355 laborandum,
560 3296 629 3339 cum
659 3278 728 3339 solu
760 3271 958 3338 conscientia
989 3270 1021 3329 in
1042 3267 1094 3328 hcc

173 3369 267 3413 causo
288 3363 372 3414 esset
393 3358 592 3424 consulenda.
1006 3408 1009 3412 .

159 3498 194 3531 ·.
256 3434 393 3497 Christus
415 3460 477 3503 nnn
501 3442 592 3503 dixit:
623 3443 760 3521 Quorum
782 3460 840 3503 vos
861 3456 928 3500 non
950 3433 1094 3498 remiseri-

173 3520 227 3594 tis,
250 3536 313 3578 non
343 3529 432 3582 erunt
451 3525 596 3604 remissa,
629 3535 660 3590 et
688 3546 818 3607 quorum
840 3540 907 3583 non
930 3518 1094 3593 tenueritis,

172 3606 348 3662 nonerunt
373 3611 502 3669 retente.
529 3608 620 3671 Plurn
648 3610 775 3673 remittit
802 3613 834 3669 et
867 3603 986 3665 retinet
1006 3601 1094 3677 Deus,

226 3785 259 3864 *)
282 3788 308 3847 1.
327 3788 455 3848 rimosi.
469 3790 500 3850 n.
