2356 4200
479 299 505 339 a.
524 283 594 343 1515
612 283 708 351 nauta
848 260 907 327 Ἡ
1008 277 1051 344 87

130 450 397 513 vehementissima
431 453 540 535 poetis,
577 451 660 531 quod
694 451 795 513 nullus
828 451 923 513 homo
946 455 1052 533 potest

128 534 250 595 donare
271 535 436 616 linguam,¹
461 537 521 597 nisi
553 537 604 614 qui
627 541 695 596 oret
715 535 774 595 Dei
804 533 991 613 bonitatem,
1022 538 1054 594 et

126 617 196 678 iliud
219 617 383 696 observet,
406 620 507 698 omni,
530 637 591 698 qua
611 624 732 697 potent,
759 616 909 679 violentia
930 622 963 676 et
985 615 1052 676 dili·

125 701 236 782 gentie,
259 702 316 779 sic,
338 709 373 762 ut
385 703 429 762 ita
442 694 523 763 inter
538 701 681 762 homines
693 700 839 778 ambulet,
853 701 941 778 quasi
958 698 1053 777 oculi,

125 801 211 845 aureo
232 790 265 843 et
286 802 397 845 oeneus
426 786 492 845 eius
523 784 619 845 clausi
649 784 726 861 sint,
760 801 819 843 nec
852 781 967 861 aliquid
999 780 1056 843 flat

101 873 285 947 ¹peccatum
307 873 362 928 aut
381 867 505 947 malum,
529 865 612 946 quod
636 885 670 927 se
692 865 798 926 videre
820 870 921 945 putet,
953 864 1053 925 solem

124 948 348 1011 conscientiam
369 956 442 1012 ante
464 971 498 1011 se
519 956 633 1011 statuat
655 956 687 1009 et
707 955 834 1027 caveat,
864 967 903 1008 ne
926 947 1055 1028 incipiat

125 1032 181 1094 sibi
203 1031 302 1093 videri
324 1039 379 1093 aut
399 1052 558 1114 apparere,
581 1033 676 1092 ullum
700 1051 769 1092 esse
791 1036 1053 1112 peccatumprae·

124 1121 264 1194 torquem
298 1136 397 1179 auum.
449 1116 517 1179 Nisi
544 1117 626 1175 enim
656 1116 723 1193 quis
755 1134 789 1175 se
821 1113 859 1175 ad
883 1120 1054 1174 extremum

126 1196 298 1278 reflexerit,
329 1200 383 1259 vix
407 1198 446 1260 ad
476 1199 610 1260 medium
639 1198 808 1276 perveniet.
852 1195 884 1257 Si
907 1195 1051 1274 audierit,

124 1282 150 1342 si
170 1279 297 1340 viderit:
340 1280 423 1343 Ecce
444 1283 495 1343 hic
516 1282 590 1342 fecit
611 1278 703 1359 istud,
726 1299 800 1341 mox
815 1279 899 1340 dicat
917 1279 999 1360 apud
1018 1298 1053 1340 ee

124 1365 236 1444 ipsum,
258 1369 413 1426 avertens:
446 1365 515 1446 Ego
536 1366 598 1424 iam
619 1362 721 1425 habeo
738 1362 820 1423 aliud
833 1362 948 1441 videre,
961 1381 1054 1441 quam

124 1445 216 1522 istud,
243 1452 275 1506 et
295 1446 335 1508 ita
355 1448 443 1509 iuxta
463 1447 630 1525 Psalmum,
653 1451 850 1507 convertatur
871 1444 911 1506 ad
934 1464 991 1506 cor
1011 1444 1050 1506 ab

126 1528 289 1607 omnibus,
324 1536 352 1590 ct
379 1532 424 1592 sic
450 1530 577 1593 tandem
605 1529 748 1608 loquetur
768 1529 920 1590 Dominus
941 1547 1052 1608 pacem

126 1631 218 1692 cuper
241 1631 330 1679 eum.¹
367 1614 480 1694 Figura
507 1615 617 1674 horum
638 1612 694 1673 fuit
715 1612 796 1673 Joab
825 1611 1051 1691 praestantissi-
1114 1637 1118 1643 ·

126 1714 192 1756 mue
209 1694 340 1755 militiae
358 1698 512 1776 princepe,
534 1703 565 1756 et
586 1696 638 1775 qui
659 1695 756 1756 multa
776 1693 937 1775 praeclara
956 1694 1052 1755 etin·

127 1779 228 1859 signia
256 1777 386 1856 fecerat,
419 1779 553 1859 perdidit
580 1786 683 1839 tamen
712 1776 837 1838 laudem
865 1777 945 1837 inter
973 1776 1052 1837 alios

127 1860 272 1922 laudatos
294 1860 402 1922 heroas
425 1863 455 1924 2.
475 1863 552 1942 Reg.
572 1861 636 1940 ult,
656 1862 703 1922 ite
724 1867 757 1922 ut
778 1861 886 1920 mirum
908 1860 962 1938 sit,
984 1858 1053 1919 aliis

129 1943 270 2005 omnibus
284 1946 439 2025 enarratis,
454 1945 536 2006 hunc
552 1944 663 2023 solum,
682 1945 733 2023 qui
754 1944 824 2024 plue
847 1943 957 2003 ceteris
979 1942 1053 2022 egit,

128 2026 233 2088 teceri.
277 2024 339 2086 Sed
355 2027 429 2088 sicut
440 2027 541 2089 David
565 2027 605 2089 de
627 2027 775 2105 eodixit,
794 2025 916 2104 occidit,
939 2023 1053 2086 occidit

129 2109 251 2171 occulte
286 2126 342 2188 per
362 2109 485 2171 insidias
515 2117 546 2171 et
572 2109 696 2187 dolum,
731 2109 809 2170 duos
837 2109 981 2169 meliores
1007 2127 1051 2168 se.

129 2192 178 2254 Sic
207 2191 365 2252 detractor
398 2211 516 2274 semper
536 2193 668 2254 =0ceidit
695 2192 871 2253 audientem
902 2190 1051 2266 otidum,

130 2276 177 2336 cui
199 2274 343 2353 detrahit,
366 2275 503 2338 meliores
525 2296 568 2354 se,
591 2277 664 2336 licet
685 2277 725 2335 sit
745 2276 825 2336 forte
847 2276 878 2334 in
901 2274 968 2334 aliis
991 2274 1048 2334 vir·

131 2357 244 2419 tutibus
259 2364 420 2437 praestans
440 2361 601 2437 operarius.
639 2358 724 2418 Talis
740 2367 787 2419 est
804 2359 909 2438 lingua
931 2357 1049 2417 detrec

131 2442 221 2519 toria,
250 2459 331 2519 quae
362 2447 445 2501 retro
477 2450 505 2504 et
534 2441 655 2503 occulte
684 2443 833 2502 exseritur
855 2448 886 2502 et
907 2441 1051 2502 verberat

131 2524 303 2604 inopinate.

303 2775 609 2892 Fragmentum
651 2775 878 2886 sermome,

384 2973 422 3033 in
444 2973 513 3033 Die
534 2973 617 3035 Divi
640 2977 798 3038 Martini

521 3137 619 3206 habiti.
629 3143 664 3218 ³¹⁸)

216 3301 338 3382 ditetdper
361 3303 401 3365 tie
423 3303 507 3366 utiba
528 3304 598 3379 Irim
612 3306 681 3378 aio,
705 3309 750 3367 ter
771 3307 839 3380 mut
863 3306 927 3367 etot
949 3308 1051 3382 torcat

132 3391 261 3465 idoneo,
297 3387 353 3463 top
376 3404 403 3447 er
425 3385 494 3463 cidpt
515 3386 584 3464 irre3
614 3388 677 3451 aaa
705 3389 746 3451 tie
768 3388 877 3467 &tritt
910 3390 970 3466 tdpt
1003 3391 1050 3468 fid)

133 3470 209 3547 mcpt
232 3470 337 3547 bcpnen
360 3469 416 3530 unt
440 3470 530 3543 triten,
554 3471 617 3531 oter
635 3472 719 3534 tricet
740 3474 800 3534 lette
824 3472 857 3547 ite
874 3475 938 3550 ned)
954 3472 1050 3549 [ricem

203 3638 237 3707 ⁴)
259 3639 357 3691 Sermo
377 3637 422 3688 hic
444 3640 476 3687 Α.
499 3639 566 3691 1515
585 3637 688 3693 habitus
708 3647 757 3693 eet.
794 3641 988 3710 Fragmentum
1013 3659 1049 3696 ex

133 3710 207 3764 dicto
228 3710 332 3764 Codice
356 3709 501 3760 Loescheri
520 3711 637 3776 petitum
655 3714 752 3781 egregii
776 3715 885 3779 saporis
910 3716 980 3766 sacri
998 3722 1047 3766 est.

132 3783 271 3836 Locecher
289 3783 310 3834 1.
328 3797 357 3849 p.
376 3779 438 3835 269.
476 3780 570 3832 Walch
588 3780 649 3835 XII.
668 3796 687 3850 ι,
707 3784 778 3841 2198
797 3796 839 3856 tq.
