2356 4200
97 297 160 364 404
397 300 579 355 Probationes
599 297 728 355 conclus.

96 477 156 549 tos,
180 468 328 552 infirmos,
350 477 384 530 ut
403 469 497 531 faciat
516 472 624 547 iustos,
646 469 756 548 bonos,
778 471 950 551 sapientes,
970 487 1019 530 ro·

96 553 215 632 bustos,
237 559 269 614 et
290 554 335 613 sic
356 551 453 614 effluit
468 555 588 638 potius,
611 559 642 612 et
661 552 778 614 bonnm
794 552 913 614 tribuit.
941 551 1018 613 Ideo

97 637 181 697 enim
202 644 383 716 peccatores
413 644 485 696 sunt
504 636 639 716 pulchri,
663 637 734 715 quia
756 635 930 717 diliguntur,
954 653 1018 696 nou

96 718 168 780 ideo
188 717 362 800 diliguntur,
385 721 457 798 quia
477 726 548 780 sunt
568 718 698 798 pulchri,
719 717 791 780 ideo
814 737 902 781 amor
923 719 1020 778 homi·

97 802 145 864 uis
175 801 252 882 fugit
273 808 469 882 peccatores,
493 801 609 880 malos,
644 802 688 861 sic
710 799 908 884 Olrristus*):
947 800 1018 862 Non

97 885 167 946 veni
175 903 288 946 vocare
310 887 417 963 iustos,
439 885 494 946 aed
517 892 707 964 peccatores.
729 884 769 945 Et
790 886 848 945 iste
870 891 917 945 est
931 902 1042 948 amor.

98 968 195 1028 oruc'is
213 988 253 1028 ex
275 986 365 1029 cruce
387 976 492 1047 natus,
515 969 566 1048 qui
588 967 661 1027 illuc
682 986 753 1029 sese
774 967 932 1046 transfert,
955 982 1018 1028 non

98 1049 148 1112 ubi
179 1051 457 1129 invenit'honum,
488 1070 549 1129 quo
577 1051 709 1128 fruatur,
742 1050 797 1112 sed
819 1050 871 1112 ubi
901 1049 1018 1112 bonum

99 1133 238 1194 conferat
269 1133 351 1194 malo
382 1141 414 1194 et
444 1154 555 1214 egeno.
599 1135 722 1194 Bestius
752 1141 800 1194 est
826 1134 906 1194 enim
936 1132 1021 1212 dare,

97 1235 188 1295 quarn
200 1217 351 1298 accipere,
374 1218 417 1276 ait
437 1215 673 1300 :spostolus**).
718 1216 807 1277 Unde
829 1217 941 1278 Psalm.
962 1218 1021 1280 41:
1038 1264 1041 1270 ·

98 1299 211 1359 Beatus
243 1301 295 1378 qui
324 1299 468 1380 intelligit
502 1319 595 1380 super
628 1319 759 1380 egenum
790 1306 821 1360 et
841 1319 1020 1380 pauperem.

98 1381 175 1443 Cum
208 1388 310 1443 tamen
343 1381 497 1443 obiectum
528 1383 702 1443 intellectus
739 1383 918 1444 naturaliter
951 1401 1020 1443 ease

98 1482 160 1525 non
182 1459 296 1544 possit‘,
322 1465 353 1526 id
375 1465 458 1544 quod
480 1466 555 1526 nihil
577 1474 640 1543 est,
662 1466 693 1526 id
716 1473 776 1544 est,
805 1484 940 1547 pauper,
971 1465 1020 1527 vel

98 1565 244 1628 egenum,
268 1548 322 1608 sed
345 1549 439 1627 entis,
461 1550 540 1627 veri,
564 1548 655 1625 boni,
683 1548 754 1610 ideo
777 1547 892 1609 iudicat
913 1568 1020 1610 secun-

99 1629 170 1691 dum
192 1631 313 1709 faciem,
336 1639 374 1692 et.
387 1632 500 1711 accipit
520 1651 685 1713 personam
701 1632 869 1710 hominum,
892 1640 924 1694 et
944 1632 1020 1693 iudi·

98 1719 148 1774 cat
170 1713 336 1774 secundum
359 1733 396 1775 ea
418 1733 498 1793 quae
520 1722 628 1796 patent
649 1722 708 1776 etc.

464 1907 647 1922 *

127 2083 426 2181 Rosolntionss
455 2065 636 2180 duarum
665 2085 981 2183 conclusionum

376 2198 422 2293 in
452 2196 746 2319 disputatione

120 2398 462 2481 Heidelbergensi
485 2399 522 2460 D.
543 2401 651 2465 Mart.
674 2402 844 2476 Lutheri,
868 2401 997 2501 151831)

179 2566 267 2626 Duae
291 2572 456 2645 sequentes
479 2565 695 2626 conclusiones
718 2569 815 2648 magis
839 2574 911 2627 sunt
933 2568 1017 2629 theo-

98 2649 220 2731 logicae
242 2667 333 2728 quam
355 2648 599 2728 philosophicae,
641 2648 776 2732 ideoque
797 2653 864 2730 ipse
887 2670 940 2711 eas
962 2651 1017 2711 Ln-

100 2733 202 2793 therus
223 2732 305 2793 solas
330 2734 423 2813 (prae
449 2731 690 2814 philosophicis)
720 2732 882 2793 illustravit
903 2735 1017 2795 resolu-

97 2814 243 2876 tionibus.
287 2817 392 2895 ltaque
418 2815 525 2874 harum
558 2814 684 2875 duarum
713 2813 946 2877 conclusionum
975 2837 1018 2877 re·

99 2899 271 2960 solutiones
293 2904 364 2959 sunt
385 2897 422 2958 D.
444 2898 565 2958 Martini
587 2897 672 2958 Luth.

376 3032 550 3096 Undecima
570 3034 740 3096 conclusio.

182 3149 241 3225 Qui
272 3152 340 3211 sine
366 3152 503 3232 periculo
530 3152 616 3212 volet
642 3154 673 3211 in
695 3149 863 3212 Aristotele
883 3150 1018 3231 philoso-

99 3233 220 3377 {mio
243 3252 371 3294 necesse
403 3241 451 3295 est
484 3241 517 3295 ut
551 3241 622 3295 ante
655 3234 735 3295 bene
767 3232 962 3294 stultiflcetur
990 3236 1019 3294 iu

183 3367 279 3460 Huius
313 3401 390 3460 ratio
412 3401 511 3479 prima
531 3400 642 3464 lOos,
666 3404 692 3462 1.
716 3400 839 3460 dicitur:
884 3399 916 3460 Si
954 3402 1018 3480 quia

100 3484 179 3542 inter
191 3502 248 3543 vos
261 3481 326 3543 vult
338 3484 460 3562 sapiens
474 3503 543 3544 esse
555 3488 586 3546 in
608 3485 668 3545 hoc
690 3483 804 3558 seculo,
826 3483 935 3543 stultus
959 3483 1019 3561 flat,

156 3723 186 3792 ⁸)
207 3723 302 3777 Matth.
325 3726 349 3780 9.
384 3723 432 3788 ”J
453 3725 535 3779 Acta.
554 3725 597 3780 20.
841 3773 844 3777 ,

153 3797 186 3864 l)
206 3794 345 3866 Bnddeus,
358 3794 460 3873 ‚Suppl
480 3795 547 3864 Epp.
567 3797 645 3849 Luth.
667 3813 694 3865 p.
713 3796 776 3854 297.
