2356 4200
173 281 236 350 188
419 286 613 343 Resoludonss
632 287 740 358 Disput.
758 289 836 342 Lutls.

172 456 270 519 lentim
301 457 429 536 umoris,
458 475 526 517 oum
554 457 652 518 iustus
684 457 852 518 seeundum
873 457 988 521 usus
1020 455 1097 517 nihil

174 539 287 600 debeat
307 539 424 618 timere,
446 540 505 599 nisi
528 540 627 601 solum
647 540 757 620 Deum,
780 559 854 621 ergo
876 545 1008 622 peoosnt
1029 538 1097 600 sine

172 621 415 700 intermissione,
439 622 583 702 quamdiu
606 623 732 684 horrent
753 641 871 703 poenas
894 629 926 684 et
946 628 1099 702 quseruut

170 705 319 784 requiem.
361 703 454 780 Quod
484 703 598 785 prob0,
631 707 703 785 quia
730 712 895 786 quaerunt,
928 723 1007 786 quse
1041 722 1099 764 sus

125 792 129 807 “
172 795 259 864 sent,
282 786 459 866 plusquam
481 788 672 849 voluntatem
694 788 768 867 Dei,
801 788 884 867 quod
913 794 960 848 est
988 793 1099 848 eontra

172 871 342 932 suntotem.
393 868 484 944 Quod
522 872 547 930 si
577 877 682 931 amant
708 871 824 950 Deum,
856 877 962 931 omont
989 885 1098 930 amore

172 953 444 1033 oououpisoentise
469 952 517 1024 (id
539 960 595 1034 est,
617 955 762 1033 vitioso),
788 973 857 1015 oum
876 955 969 1014 etiam
985 953 1016 1013 in
1033 952 1098 1012 suis

172 1037 282 1116 poeuis
304 1035 438 1097 debeant
457 1035 585 1118 diligere
607 1037 715 1114 Deum,
738 1043 768 1097 et
789 1035 962 1118 glorificare
979 1054 1016 1096 no
1038 1034 1099 1096 for·

172 1119 245 1181 titur
266 1120 427 1182 sustinere.
610 1165 616 1173 .

255 1202 357 1280 Atque
380 1209 413 1262 ut
432 1203 513 1262 inter
534 1207 581 1262 ιοι
598 1201 838 1282 disputationum
860 1203 982 1282 spineta
1004 1201 1099 1261 etism

174 1290 311 1345 esserum
333 1284 465 1363 sliquid,
494 1304 552 1364 ego
584 1284 681 1345 libere
709 1283 860 1346 confiteor
885 1303 934 1344 me
962 1283 1099 1362 credero,

174 1366 290 1427 nullum
313 1368 446 1428 unimam
468 1369 576 1428 redimi
599 1367 637 1428 de
659 1368 769 1448 poenis
784 1367 951 1449 purgatorii
971 1372 1100 1448 propter

175 1468 263 1509 suum
287 1450 439 1529 timorem,
464 1449 565 1511 donee
587 1451 689 1530 posito
715 1452 823 1511 timore
844 1450 972 1530 inoipint
993 1467 1099 1510 umore

173 1531 365 1594 voluntatem
385 1533 443 1595 Dei
474 1535 505 1594 in
528 1534 582 1594 tsli
604 1552 721 1614 poeno,
751 1540 782 1595 et
808 1534 877 1614 plus
900 1533 957 1593 Dei
989 1531 1098 1593 volun·

173 1621 268 1676 tatem
292 1622 389 1695 amet,
413 1635 503 1696 quum
525 1635 659 1697 poenum
682 1617 803 1694 timent,
832 1618 896 1678 imo
918 1614 1017 1677 solam
1041 1614 1099 1675 Dei

173 1697 366 1777 voluntatem
389 1698 506 1780 diligat,
529 1718 662 1779 poenum
686 1717 760 1760 vero
783 1698 970 1779 vilipendat,
991 1704 1046 1758 sut
1067 1697 1098 1757 in

175 1780 334 1842 voluntate
356 1783 413 1842 Dei
435 1784 526 1843 etism
549 1789 641 1842 umet.
683 1779 763 1857 Quis
785 1789 922 1862 oportet,
956 1786 990 1841 ut
1014 1781 1100 1841 iusti·

176 1863 249 1924 tium
285 1864 406 1946 diligat,
442 1871 606 1946 antequam
643 1865 787 1926 salvetur.
829 1864 873 1926 At
903 1863 1019 1924 iustitis
1054 1870 1102 1924 est

177 1947 277 2025 Deus,
314 1949 365 2027 qui
392 1947 472 2008 hano
500 1966 633 2028 poenum
669 1955 820 2028 operetur.
877 1944 997 2007 Deinde
1024 1945 1101 2025 illud

179 2029 352 2111 Christi*):
377 2029 434 2105 Qui
457 2050 520 2092 nou
542 2031 655 2110 sooipit
672 2030 720 2099 (id
742 2036 798 2110 est,
820 2031 928 2091 voleus
948 2034 979 2089 et
991 2047 1099 2089 amone

176 2119 295 2193 portat)
326 2132 448 2174 oruoem
471 2133 573 2191 suom,
595 2120 627 2174 et
648 2114 783 2195 sequitur
805 2133 869 2192 me,
892 2131 954 2174 nou
978 2117 1026 2172 est
1048 2130 1098 2173 me

178 2194 297 2276 dignus.
340 2197 382 2256 Αι
403 2216 478 2256 orux
499 2197 667 2256 animorum
698 2203 745 2256 est
775 2195 828 2257 illa
854 2214 966 2276 poeno.
1011 2191 1100 2269 Quae

176 2296 245 2338 oum
267 2280 312 2338 its
333 2281 412 2358 sint,
436 2286 467 2339 et
487 2279 647 2340 verissimo
669 2278 777 2355 oredo,
810 2278 892 2339 diost
913 2278 964 2357 qui
985 2283 1101 2358 potest,

178 2360 334 2440 quomodo
367 2364 425 2422 iste
458 2380 545 2422 emor
570 2380 737 2442 poenorum
768 2381 835 2422 oum
859 2362 968 2422 timore
991 2359 1101 2420 mutari

176 2449 289 2524 potest,
312 2445 378 2504 sine
400 2463 483 2507 novo
504 2446 602 2524 grstia
623 2444 731 2505 infuso.
765 2445 834 2525 Ego
856 2445 955 2505 fateor
978 2463 1026 2503 me
1048 2461 1099 2502 ne

177 2527 272 2604 noire,
310 2528 368 2587 nisi
390 2527 519 2605 dixeris,
549 2527 630 2606 quod
660 2529 867 2608 purgatorium
896 2546 959 2587 non
987 2525 1102 2586 habeat

162 2615 324 2687 ,terrorem
345 2629 526 2690 poenorum,
547 2629 584 2670 so
605 2629 660 2690 per
681 2610 741 2672 hoo
762 2630 821 2671 uso
836 2610 966 2670 similem
977 2609 1099 2668 inferno

177 2701 285 2753 eontra
306 2692 481 2772 praediolo,
518 2700 610 2771 atque
639 2699 714 2752 tuno
747 2694 857 2754 frustra
885 2710 1007 2753 oremus
1043 2708 1100 2772 pro

178 2776 238 2854 eis,
275 2795 350 2854 quos
373 2774 512 2836 audimus
540 2776 680 2836 volentes
709 2783 740 2836 et
766 2783 905 2837 amantes
935 2793 1005 2834 esse
1028 2791 1101 2853 poe·

176 2872 282 2917 nurum
307 2877 428 2918 suorum
452 2859 518 2919 siue
539 2860 658 2919 timore.

261 2939 404 3002 Secundo
438 2941 554 3021 probo,
595 2942 678 3020 quod
716 2947 865 3021 augeatur
903 2940 945 3000 eis
980 2939 1101 2999 comtos.

178 3021 348 3104 Apostolus
362 3022 495 3096 dioit**)
508 3030 522 3084 :'
534 3024 738 3105 Diligentibus
750 3026 848 3084 Deum
871 3023 974 3084 omnio
988 3040 1100 3102 ooope-

176 3113 282 3167 rontur
308 3108 338 3167 in
368 3107 493 3167 bonum.
543 3107 611 3168 Hoo
635 3114 738 3167 sutem
769 3107 881 3168 bonum
910 3125 973 3166 non
996 3111 1102 3186 potest

177 3190 317 3270 intelligi,
339 3190 398 3249 nisi
420 3198 617 3271 augmentum
639 3191 700 3250 ism
731 3191 868 3270 possessi
889 3188 972 3250 boni.
1015 3187 1099 3268 Ergo

179 3280 211 3334 et
240 3273 448 3353 purgatorium
476 3281 569 3354 auget
597 3273 710 3333 bouum
740 3273 912 3334 dileotiouis
933 3271 1009 3351 Dei,
1036 3272 1099 3332 imo

179 3357 312 3416 maxime
336 3357 472 3417 omnium
494 3363 596 3437 auget,
619 3356 689 3416 dum
713 3358 790 3417 siout
810 3357 945 3416 infernus
966 3354 1102 3415 domest

180 3439 362 3517 aemulatio,
404 3445 434 3498 et
461 3441 492 3499 in
521 3441 613 3499 tontis
643 3440 729 3501 malis
759 3441 849 3500 etiam
877 3438 990 3518 diligit,
1022 3439 1100 3498 siout

180 3523 289 3583 loruax
312 3540 418 3581 surum
427 3521 590 3602 probatum
615 3522 697 3601 lsoit,
719 3524 876 3604 itepoens
891 3520 1098 3581 dileetionem.

252 3789 394 3861 unam.
416 3791 458 3848 ιο.
497 3788 694 3858 *ummo
