2356 4200
123 264 166 331 80
410 268 541 338 Epitoma
557 269 758 340 Respomionia

124 437 221 499 Pasce
245 456 320 499 oves
342 457 437 516 meas,
459 439 520 500 hoc
542 446 598 519 est,
622 460 685 501 non
700 441 864 521 scripturas
886 459 927 501 ex
942 438 1046 520 Papae

124 523 297 600 autoritate,
321 521 376 582 aad
398 524 594 584 autoritatem
608 523 711 604 Papae
733 543 773 585 ex
795 524 951 604 scripturis
974 541 1046 604 pen·

97 603 207 666 idere.
249 604 358 685 Neque
387 607 468 666 enim
495 605 546 666 ubi
572 614 733 687 urgentur,
762 607 823 668 alio
857 605 1046 687 confugiunt,

124 707 216 785 quam
238 688 278 748 ad
299 689 406 749 harum
429 688 646 769 scripturarum
668 709 725 751 ceu
753 690 896 771 asylum,
930 707 993 786 quo
1016 707 1048 748 se

126 772 264 832 muniant
285 778 316 832 et
304 770 565 833 tAro.borent
567 779 682 833 tnunc
701 780 788 834 satan
805 775 865 834 iste
884 773 1048 870 scripturae

123 874 179 936 per
191 855 348 916 hommem
366 854 501 916 roborat.
535 854 616 931 Quid
637 863 685 917 est
705 856 910 935 antichristus,
933 857 958 915 si
980 855 1048 916 talis

123 937 208 1018 Papa
229 957 292 1000 non
315 945 363 999 est
377 937 595 999 antichristus?
627 939 753 1001 Osatan
770 947 868 1019 satan,
886 957 979 1018 quarn
998 936 1048 998 din

124 1020 754 1101 abuterispatientiaGreatoristuiintuum
762 1041 906 1104 magnum
916 1019 1048 1103 malum?

207 1103 411 1247 Quamquamt
427 1123 485 1185 ego
517 1105 616 1166 libens
638 1106 766 1167 admitto
790 1104 938 1168 Silvestro
962 1105 1047 1165 miae·

123 1187 226 1285 rabili,
255 1195 289 1249 ut
317 1189 411 1268 script
411 1207 485 1248 urae
505 1188 600 1250 robur
625 1209 644 1249 a
670 1190 755 1270 Papa
783 1189 922 1270 accipiat.
965 1186 1049 1249 llaec

125 1272 206 1331 enirn
229 1272 288 1332 erit
308 1288 370 1330 una
391 1271 442 1331 via
466 1271 629 1369 negandae
655 1270 826 1353 tyrannidis
853 1270 992 1369 papalia,
1020 1276 1050 1332 et

125 1354 221 1415 semel
244 1361 330 1416 evert
318 1352 438 1415 t.endae
483 1354 560 1416 Cum
580 1357 661 1415 enim
683 1362 829 1436 papatum
858 1374 876 1416 e
900 1353 1049 1452 scriptura

124 1443 274 1514 statuant,
308 1444 340 1498 et
365 1437 534 1517 scripturae
560 1440 755 1501 autoritatem
776 1456 831 1518 per
852 1439 1049 1509 autoritatem

123 1519 227 1618 Papae
248 1485 386 1599 elevent,
415 1521 477 1580 iam
505 1519 590 1601 Papa
618 1521 702 1583 nullo
727 1522 905 1582 testimonio
928 1521 1049 1599 nitebar,

123 1603 182 1665 nisi
202 1606 249 1665 sni
276 1605 389 1685 ipsius,
422 1622 481 1663 nec
501 1604 567 1664 lure
596 1603 717 1682 divino,
751 1603 807 1664 sed
833 1622 889 1665 auo
923 1603 1048 1684 proprio

123 1686 225 1750 stabit
269 1686 330 1750 Sed
352 1684 425 1766 quid
446 1687 605 1748 confutem
627 1688 744 1748 rabiem
771 1687 943 1767 blasphemi
973 1695 1049 1747 sata·

122 1789 183 1832 nae
205 1777 266 1832 tam
289 1768 570 1831 ιιιιιιιιιιιιιιιιιιιιι1
581 1781 592 1845 ι
633 1769 758 1850 Optima
790 1773 848 1831 erit
868 1770 1048 1847 confutatio,

123 1856 149 1914 si
170 1853 337 1917 libellum
329 1859 495 1933 ipsum,nt
462 1853 613 1914 meditus
627 1862 683 1933 est,
705 1853 820 1914 nudum
836 1853 1050 1934 invulgavero,

123 1956 227 1999 aecum
249 1936 342 1998 babet
363 1955 450 1996 suam
472 1937 727 2016 confutationem,
749 1936 923 2017 plusquam
943 1943 1050 2017 optare

123 2041 244 2102 queam,
264 2025 434 2100 potentem.

205 2105 313 2183 ltaque
333 2103 421 2183 lege,
443 2103 550 2180 lector,
573 2111 604 2165 et
624 2123 725 2184 geme,
746 2103 880 2184 gloriam
901 2120 1048 2165 romanae

124 2188 281 2249 ecclesiae·
296 2206 334 2248 eo
355 2184 514 2266 cecidisse,
534 2193 568 2247 nt
580 2186 836 2267 haechaeretica,
857 2184 1048 2266 blasphema,
1068 2184 1072 2197 '

124 2270 288 2347 diabolica,
309 2277 442 2331 tartarea
463 2289 584 2331 venena
605 2289 668 2332 non
691 2268 786 2331 modo
808 2271 890 2331 intra
920 2287 956 2330 se
979 2287 1048 2330 cou-

124 2355 218 2434 cipiat
252 2360 283 2414 et
317 2353 399 2429 alat,
434 2353 490 2414 sed
529 2355 560 2414 in
595 2353 699 2415 orbem
733 2373 857 2433 quoque
890 2357 1048 2433 propagat

123 2437 207 2498 Eant
226 2456 309 2498 nunc
329 2437 381 2516 qui
402 2436 573 2517 gloriantur
595 2456 758 2498 romanam
788 2436 954 2498 ecclesiam
976 2452 1047 2497 nun·

125 2540 216 2600 quam
237 2520 331 2581 fuisse
352 2520 472 2581 haeresi
495 2521 748 2581 contaminatam.
795 2520 882 2582 Unua
911 2519 963 2580 bic
994 2517 1048 2580 sit

124 2611 226 2665 vester
270 2603 393 2682 Arium,
423 2603 634 2683 Manicheum,
666 2602 845 2684 Pelagium,
877 2610 908 2663 et
942 2619 1048 2664 omnes

124 2688 202 2749 alios
223 2685 506 2766 incomparabiliter
527 2694 661 2766 superat.

206 2769 238 2833 si
259 2770 304 2831 sic
324 2770 425 2831 Roma
446 2769 552 2850 credit,
576 2770 669 2832 beata
682 2769 824 2850 Graecia,
847 2769 941 2831 beata
952 2767 1048 2831 Bobe·

125 2855 196 2933 mia,
218 2853 301 2917 beati
323 2872 447 2930 omnes,
469 2855 611 2932 quiesse
633 2853 671 2915 ab
695 2872 733 2914 ea
754 2857 993 2934 separaverunt,
1019 2857 1048 2911 et

45 2974 52 2986 κ
125 2937 164 2998 de
193 2935 294 2998 medio
322 2937 411 2998 istius
433 2936 601 3016 Babylonis
624 2939 781 3014 exierunt,
810 2935 947 2996 damnati
976 2950 1046 2995 vero

125 3040 248 3099 omnes,
282 3020 334 3098 qui
362 3020 390 3079 ei
417 3021 720 3081 communicaverint.
768 3019 809 3080 Et
837 3037 895 3100 ego
927 3034 1046 3098 quoquc

124 3105 150 3164 si
171 3103 314 3165 Pontifex
338 3109 369 3163 et
391 3102 560 3165 cardinalis
582 3102 642 3163 boc
661 3121 697 3178 oa
711 3108 839 3164 satanae
852 3119 1045 3181 compescue

124 3188 184 3247 rint
199 3193 230 3247 et
244 3185 284 3246 ad
296 3185 485 3265 palinodiam
499 3185 669 3266 adegerint,
681 3186 729 3246 hia
748 3186 877 3247 testibus
899 3183 1046 3247 confiteor

124 3290 174 3331 me
202 3269 365 3330 dissentire
400 3288 549 3330 romanae
578 3270 749 3348 eeclesiae,
786 3276 817 3330 et
843 3287 958 3350 negare
980 3286 1045 3329 eam

124 3373 193 3414 cum
215 3372 297 3434 papa
318 3359 350 3412 et
371 3351 583 3414 cardinalibus
612 3359 757 3431 tanquam
785 3353 1044 3414 abominationem

123 3443 255 3499 stantem
285 3438 315 3496 in
346 3436 417 3497 loco
449 3443 566 3497 sancto.
619 3436 782 3497 Exstincto
808 3441 858 3496 est
878 3436 909 3496 in
932 3454 970 3496 ea
987 3436 1044 3496 iam

124 3519 238 3582 dudum
260 3518 353 3596 tides,
375 3522 580 3599 proscriptum
601 3519 811 3600 evangelium,
847 3518 937 3579 exsul
965 3516 1044 3579 Obri-

123 3612 198 3683 stus,
206 3621 308 3663 mores
320 3603 488 3682 plusquam
500 3602 660 3667 barbariei.
681 3601 751 3663 Una
763 3609 828 3663 erat
839 3601 1043 3682 reliquaapee,

141 3715 390 3729 ...n—-no—--n--o-
401 3715 552 3725 ο-ο--ς--ι-

179 3786 210 3860 1)
231 3787 262 3840 ln
281 3786 325 3843 ed.
344 3786 416 3840 iem:
436 3788 619 3840 manifestam.
