2356 4200
166 276 226 344 166
416 228 611 333 minucio
628 274 738 344 Disprt
756 273 835 327 luth.

165 445 334 511 absolvitur
364 444 404 507 ab
427 446 760 519 excommunicatione,
788 461 862 524 ergo
888 441 1083 503 remittuntur

165 529 194 593 ei
214 547 339 609 poenae
359 527 610 591 satisfactorias?
650 527 691 589 Ut
711 526 784 605 quid
805 541 882 607 orgo
902 524 1015 604 passim
1038 523 1083 585 iu·

166 611 338 692 dulgentios
359 609 566 692 profundunt,
589 611 615 671 si
636 610 795 673 absolutus
814 629 835 671 a
855 613 985 687 peccato
1008 624 1083 669 mox

165 695 257 758 etism
279 694 491 757 remissionem
513 693 606 757 habet
625 692 816 774 poenarum?
859 691 892 755 si
913 695 1016 753 autom
1030 687 1084 751 ab·

165 776 274 840 solutis
302 776 403 837 adhuc
430 783 570 838 remanet
602 777 788 853 satisfactio,
822 773 979 855 quomodo
1006 791 1083 854 ergo

165 859 319 923 absolutio
342 861 469 921 mortuis
491 859 619 940 prodest
638 866 693 920 ant
713 859 793 921 tollit
813 857 972 938 poenam?

246 942 341 1023 Igitur
361 943 454 1003 futilis
477 949 524 1004 est
560 944 619 1003 iste
640 942 859 1023 syllogismus,
889 938 983 1020 quod,
1003 940 1086 1001 sicut

166 1026 444 1087 excommunicatio
479 1044 549 1087 sese
577 1025 717 1088 extendit
743 1024 783 1086 ad
805 1030 959 1101 mortuos,
987 1023 1085 1083 ita-st

165 1108 304 1170 remissio
326 1127 506 1188 poenarum.
528 1108 596 1170 Imo
619 1115 653 1170 ut
673 1109 797 1188 ipsimet
816 1107 943 1168 iuristae
963 1103 1084 1183 dicunt:

164 1188 451 1253 Raoommunicatio
486 1193 598 1252 mortui
623 1198 745 1254 mortuo
772 1191 848 1252 nihil
872 1189 979 1266 infert,
1005 1189 1086 1249 sicut

165 1272 320 1336 absolutio
342 1273 417 1334 nihil
441 1274 577 1351 confert,
594 1273 650 1336 ssd
672 1276 777 1337 omnis
797 1273 876 1335 haec
896 1271 986 1333 uobis
1006 1269 1087 1333 fiunt

166 1356 377 1434 interrorem,
400 1357 459 1417 nisi
481 1356 564 1437 quod
585 1377 649 1419 nou
671 1377 728 1438 pro
750 1356 804 1419 toli
824 1355 948 1436 publice
969 1359 1084 1417 oratur.

166 1437 237 1501 Non
259 1439 328 1519 plus
348 1440 441 1520 igitur
460 1440 513 1500 ille
525 1441 640 1520 potitur
656 1441 743 1502 stuli
754 1437 1085 1509 excommunicatione,

165 1538 258 1601 qnam
289 1529 444 1601 pateretur
470 1521 580 1585 domus
607 1523 658 1585 vel
683 1525 799 1600 vestis,
826 1523 853 1585 si
875 1521 1087 1583 excommuni-

167 1610 297 1682 caretur,
320 1606 364 1666 sic
384 1625 487 1666 rursus
509 1605 584 1667 nihil
605 1605 675 1687 plus
695 1607 818 1668 iuuatur
838 1604 1042 1667 absolutione.

249 1686 310 1748 Sed
332 1689 488 1772 quiessem
511 1688 658 1768 deinceps
687 1689 846 1751 confutare
866 1685 1084 1748 contradictio·
1112 1727 1115 1731 ι

165 1783 227 1831 nos·
242 1771 317 1831 istas
339 1770 486 1852 garrulos,
508 1790 577 1833 oum
600 1772 675 1832 nihil
690 1773 721 1832 in
734 1773 969 1847 secontinesnt,
991 1787 1085 1847 quam
1163 1826 1166 1831 .

167 1852 329 1932 opiniones
352 1853 563 1932 scholasticas,
584 1855 694 1916 necin
718 1854 884 1934 scripturis,
906 1871 966 1914 nec
984 1851 1085 1913 ecole-

166 1934 295 1996 siusticis
316 1935 463 2016 patribus,
484 1955 543 1997 nec
564 1937 732 1998 cononibus
758 1936 911 1998 fundatas.
953 1933 1086 2015 Semper

165 2017 248 2078 onim
268 2020 346 2097 petit
368 2020 566 2099 principium,
593 2021 693 2091 autsi
714 2019 776 2082 hoo
796 2040 860 2082 non
875 2018 965 2095 facit,
996 2036 1086 2079 more

129 2151 132 2157 .
163 2100 306 2168 iratorum
328 2102 572 2163 muliercularum
594 2103 701 2164 saltem
717 2103 850 2165 blaterat
869 2102 949 2163 haec
969 2099 1084 2162 vorha:

165 2181 270 2257 snat,
296 2183 381 2260 furit,
410 2186 534 2247 insanit.
581 2182 691 2261 Error,
720 2205 835 2263 errare,
864 2186 895 2246 in
922 2183 971 2244 his
1001 2183 1085 2244 onim

163 2266 266 2328 verbis
287 2286 437 2328 summum
452 2269 629 2347 sapientise
649 2274 682 2328 et
701 2269 850 2330 scientiae
872 2286 947 2327 suae
969 2266 1084 2327 consti·

163 2353 258 2410 tutum
279 2348 345 2410 vult
365 2351 470 2412 videri.

469 2537 682 2599 Conclusio
704 2538 763 2598 IX.

244 2663 319 2724 inde
340 2664 420 2726 hene
441 2664 530 2726 nohis
551 2665 625 2726 facit
647 2665 769 2746 spiritus
791 2669 916 2727 sanctus
937 2664 968 2724 in
991 2683 1086 2745 papa,

163 2746 347 2825 excipiendo
369 2749 400 2807 in
423 2749 485 2808 suis
507 2747 638 2809 decretis
657 2767 780 2828 semper
793 2746 954 2809 articulum
976 2746 1085 2807 mortis

164 2836 196 2890 et
215 2831 416 2891 necessitatis.
609 2886 611 2890 .

244 2912 307 2973 Ista
328 2912 486 2974 conclusio
509 2914 607 2994 magis
631 2921 678 2974 est
698 2913 840 2994 probatio
857 2911 1084 2993 praecedentis.

163 2993 284 3056 Certum
309 2993 460 3075 estlenim,
482 2995 612 3075 quodsi
637 2996 781 3058 articulos
799 2995 990 3057 necessitatis
1010 3000 1084 3056 tem·

163 3077 278 3158 puralis
300 3097 436 3138 summus
459 3079 599 3158 pontifex
621 3079 688 3140 vult
708 3085 878 3160 exceptos,
902 3075 999 3138 multo
1022 3096 1084 3137 ma·

163 3161 209 3240 gis
232 3162 449 3223 necessitatem
463 3167 631 3234 aeternam,
653 3161 692 3222 ad
716 3181 807 3242 quem
828 3161 923 3222 homo
938 3179 994 3239 per
1005 3179 1084 3221 mor·

164 3250 226 3304 tem
250 3243 344 3321 vadit,
367 3263 435 3304 cum
457 3242 593 3304 infirmus
616 3251 669 3305 eut
690 3244 855 3324 impeditus
875 3242 1014 3324 legitime
1036 3261 1084 3303 so·

163 3324 225 3387 lum
249 3326 411 3407 temporali
434 3326 616 3409 impotentia
644 3333 793 3389 teneatur.
836 3325 916 3401 Quin
945 3325 1085 3386 etiamsi

165 3409 277 3488 qua1)
302 3427 438 3470 summus
460 3409 600 3488 pontifex
622 3430 684 3472 non
717 3409 833 3490 excipit
857 3408 1084 3482 necessitatem,

167 3498 269 3555 tamen
293 3496 424 3571 excepta
445 3511 507 3552 non
529 3493 629 3553 minus
650 3493 838 3574 intelligitur,
862 3510 930 3553 cum
952 3490 1085 3552 necessi·

165 3582 213 3636 tas
235 3594 298 3638 non
318 3573 432 3643 habeat
452 3573 573 3656 legem,
602 3582 635 3636 et
656 3595 738 3639 mors
759 3574 928 3638 necessitas
950 3572 1084 3635 necessi·

236 3774 263 3842 1)
282 3774 314 3828 ln
333 3776 375 3830 ed.
394 3777 496 3846 princ:
511 3777 544 3830 si.
557 3791 649 3846 quom.
