2356 4200
374 247 529 350 meant
550 278 636 337 nna.
655 279 784 337 mane.
822 302 825 308 ·
996 281 1057 352 301

139 449 229 504 runa
270 446 352 530 Feoi,
383 448 465 528 qnod
487 448 588 538 debui,
610 450 728 533 leotor,
749 452 774 512 si
794 451 952 534 deinoeps'
966 473 1059 541 erras,

134 528 202 587 eine
224 546 294 590 mea
316 530 407 612 eulpa
427 551 521 594 erras.
563 532 652 594 Vale.
723 574 725 578 -
820 546 824 573 ³

196 609 311 673 .Anno
334 613 374 673 Μ.
388 615 424 680 D.
440 614 583 694 xv1111).

404 797 628 920 Epistulae
656 790 794 895 Duae
833 810 838 821 ’
967 897 972 907 ,

348 939 535 1002 Aoedemiee
556 937 869 1020 witembergensis..
927 992 930 997 .
967 985 980 1011 .,
1008 984 1011 991 ·
1050 994 1054 1003 .

577 1064 601 1129 1.

194 1171 412 1253 Magnilioo
431 1177 473 1232 et
492 1156 697 1255 generoso
720 1174 805 1237 viro
834 1175 1025 1239 domino·

281 1278 285 1287 ·
386 1254 532 1317 Oarolo
559 1254 604 1316 de
630 1255 800 1336 Mittite,

130 1356 320 1421 oubioulnm'o
344 1364 479 1437 secreto,
502 1366 533 1421 et
553 1359 675 1421 Nunoio
697 1359 897 1444 Apostolioo,
919 1364 1055 1428 Patrono

364 1448 472 1504 nostm
494 1448 670 1503 reverenter
691 1443 832 1508 colendo.
1046 1478 1049 1483 -

196 1566 283 1630 'Nou
317 1570 384 1633 sine
416 1570 502 1652 grevi
539 1554 709 1632 animorum
739 1564 913 1649 nostrorum
948 1556 1056 1639 dolore

128 1649 350 1727 intelleximus,
373 1651 536 1734 magnifiee
550 1660 581 1713 et
596 1671 751 1734 generose
772 1653 826 1731 vir,
842 1654 1057 1739 [deserendum

129 1733 252 1794 Patrem
276 1735 437 1797 Martinum
459 1735 623 1797 Lutberum
644 1736 917 1816 Augustiuianum,
950 1758 1057 1801 saonae
1154 1741 1156 1746 ’

129 1815 308 1896 theologiae
324 1827 354 1878 et
370 1817 519 1880 bonerum
534 1820 643 1879 artium
656 1819 845 1901 Magistrum,
869 1820 1057 1883 Academiae

128 1902 258 1981 nostrae,
300 1896 469 1979 membrum
512 1903 824 1982 praestantissimum,
865 1904 896 1962 in
940 1909 1055 1965 tautam

128 1988 256 2049 sanotae
283 1981 370 2045 Sedis
399 1983 599 2064 Apostolioae
631 1984 795 2059 adductum
826 1984 990 2067 iuvidiam,
1024 1994 1056 2049 ut

128 2065 242 2133 altatus
262 2060 591 2146 Romam,'multipliei
616 2085 672 2127 sue
694 2065 850 2145 oblatione
867 2067 959 2143 fidei,
993 2066 1056 2150 pie·-

128 2146 199 2206 tetis
221 2153 253 2207 et
274 2146 382 2223 offieii,
410 2149 582 2211 Christiano
604 2148 863 2230 hominefdign'a,
892 2150 1055 2232 impetrare

127 2247 190 2289 non
212 2231 347 2308 potuerit
367 2231 533 2308 haetenus,
561 2237 594 2292 ut
615 2250 711 2293 eausa
730 2231 760 2291 in
782 2231 950 2317 Germanias
970 2251 1055 2300 oom-

128 2312 224 2373 missa
245 2311 394 2374 indicibus
411 2312 473 2375 non
497 2315 647 2394 suspectis
670 2320 702 2375 et
714 2313 790 2375 loeis
805 2316 877 2375 tutis
890 2314 1054 2378 audiretur.

211 2392 321 2455 Sumus
351 2398 431 2457 enim
455 2396 498 2457 ita
526 2415 595 2457 eum
630 2415 705 2476 erga
731 2404 826 2459 totam
851 2397 1054 2460 Christianam
1108 2430 1112 2435 ·

126 2476 324 2558 religionem,
352 2486 415 2540 tum
446 2498 520 2560 erge
545 2486 685 2545 renotem
707 2478 818 2561 Sedem
840 2474 1052 2562 Apostoliost'n

127 2565 164 2621 et
179 2567 318 2622 sanetum
341 2560 514 2625 &menam
536 2550 707 2625 Ecclesiam
735 2561 855 2642 affecti,
884 2569 916 2624 ut
942 2564 968 2626 si
990 2566 1054 2642 oei·

126 2648 192 2703 tum
223 2652 306 2703 esset
340 2643 444 2723 nobis,
481 2644 649 2706 Doctorem
678 2645 840 2721 Martinam
873 2644 996 2727 lapsum¹
1021 2647 1052 2707 in

126 2731 188 2784 tam
211 2724 320 2787 foedos
342 2735 373 2787 et
398 2728 510 2808 impios
533 2746 666 2805 errores,
698 2728 787 2808 primi
817 2729 952 2791 omnium
982 2748 1055 2791 eum

125 2826 188 2867 uon
213 2807 312 2869 solum
326 2811 570 2890 permitteremus
590 2809 719 2891 legibue,
741 2809 795 2871 sed
812 2811 904 2872 etiam
916 2811 1052 2892 exigere-

127 2909 194 2950 mus
216 2891 465 2974 eiieeremueqne,
490 2898 606 2953 tantum
625 2892 722 2971 abest,
745 2899 778 2952 ut
797 2890 901 2954 favere
923 2893 1051 2954 velimus

126 2992 145 3043 a
166 2973 219 3046 gia
240 2975 374 3035 veritetis
396 2972 594 3054 evengelioee
615 2975 736 3036 erranti.
983 3022 999 3052 χ

209 3055 322 3117 Verum
362 3058 481 3138 experti
514 3056 616 3119 multis
650 3054 761 3118 abbine
799 3057 887 3118 annis
919 3057 1051 3119 bominis

125 3137 326 3199 eruditionem
350 3145 411 3199 tem
425 3139 625 3220 multiiugam,
647 3158 739 3218 quam
761 3158 841 3221 pene
855 3141 1050 3221 singularem,

125 3219 261 3280 moribus
290 3222 491 3302 integerrimis
521 3228 553 3282 et
580 3220 811 3282 deleeetissimis
844 3224 1050 3302 coniunctam,

125 3321 256 3381 eamque
278 3304 380 3365 multis
401 3303 578 3385 regionibus
601 3304 791 3366 Christianae
819 3303 907 3386 fidei,
936 3304 1048 3367 nedum

124 3384 214 3445 nobie
233 3387 399 3466 cognitam,
421 3389 516 3449 nostri
540 3388 673 3447 muueris
694 3393 838 3466 putamus
860 3406 970 3468 rogare
992 3406 1048 3468 pro

124 3468 177 3548 pio
199 3467 303 3536 Patre,
338 3477 400 3531 tam
433 3470 592 3551 praeolare
628 3468 667 3529 de
697 3468 786 3531 nobis
816 3471 934 3532 merito.
984 3469 1050 3530 Nisi

124 3551 205 3610 enim
227 3551 296 3611 talis
318 3559 415 3630 esset,
448 3573 548 3634 neque
569 3552 827 3627 christianissimo
854 3559 885 3613 et
912 3552 1048 3612 illustris·

336 3681 546 3702 ——d

198 3759 229 3830 1)
250 3761 281 3814 ln
301 3761 345 3817 ed.
366 3763 436 3832 orig.
457 3761 550 3819 deest:
570 3763 654 3821 Anno
672 3766 707 3821 ll.
727 3766 762 3822 D.
780 3765 878 3822 xv111.
