2356 4200
126 272 190 346 284
286 285 288 289 “
384 276 579 332 Resoluttonss
596 274 705 347 Disput
724 274 802 332 tum
861 322 866 328 .

127 448 336 530 tolisopinsri
358 448 472 528 eoepit,
495 462 574 527 quse
593 446 673 508 torto
694 446 798 507 nullos
821 445 968 523 dixisset,
990 448 1055 511 sive

128 535 209 595 euim
231 532 276 593 illi
297 531 441 592 dixerunt
462 532 528 591 sive
549 548 622 608 non,
646 548 715 590 mes
737 549 799 591 non
823 529 931 610 reteri,
952 529 1056 594 dones

128 617 240 679 oertior
260 615 343 677 fiam.
386 613 500 694 Opinio
522 620 625 674 temen
648 612 703 673 ills
724 613 870 694 pessimo,
895 612 1054 677 undenum

126 718 187 779 que
208 704 277 759 orts
297 698 404 773 tuerit,
428 695 610 758 detestando
631 701 663 755 et
686 694 863 757 damnantis
884 696 953 758 luit
998 697 1054 759 Vs

125 789 287 844 mntemen
321 800 384 841 non
417 781 526 840 mirum
552 779 658 858 tuerit,
692 778 755 839 tole
785 778 856 858 quid
885 798 907 840 s
934 780 1054 861 populo

126 865 221 927 tuisse
242 863 440 942 intellectum,
464 861 588 942 quondo
603 862 688 922 ondit
709 868 876 942 mngns‘et
897 863 1055 926 horrentis

126 953 256 1030 psoooto
279 944 508 1026 quodammodo
530 945 687 1006 levissimo
709 945 896 1025 existimari,
926 952 1056 1030 propter

127 1029 369 1112 magnitudinem
392 1029 568 1109 gratiarnm.
618 1062 625 1081 ·
931 1042 934 1047 ·

210 1113 293 1174 Vero
326 1119 357 1172 et
384 1111 565 1192 evangelieo
616 1109 784 1171 rsediostio
812 1116 872 1190 est,
911 1119 1053 1192 pensate,

127 1196 229 1277 quood
251 1194 316 1255 lieri
337 1200 458 1275 potest,
480 1195 583 1274 msgni
607 1212 692 1273 esre,
720 1196 755 1253 ut
774 1193 870 1256 homo
901 1194 942 1255 od
965 1196 1053 1258 timo

126 1298 191 1341 rem
231 1284 262 1338 et
289 1278 458 1358 legitimam
487 1278 710 1357 poeniteutiam
744 1277 856 1337 renisi.
897 1277 1053 1359 'Denique

127 1362 199 1443 quid
222 1360 349 1442 prodest
370 1366 495 1441 propter
503 1359 680 1420 vilissimam
704 1377 872 1439 poenorum
896 1361 1053 1423 remissio

127 1464 198 1506 nem
225 1449 273 1504 tot
298 1442 462 1504 auxesibus
490 1450 612 1522 tonare,
640 1441 680 1502 sd
709 1441 905 1503 extollendos
933 1444 1053 1523 venius,

126 1533 158 1589 et
166 1532 294 1611 propter
305 1525 533 1588 saluberrimum
544 1526 641 1586 oruois
653 1525 835 1607 sapientiem
848 1526 903 1585 vix
922 1526 1052 1588 mutire?

126 1610 193 1672 imo
215 1608 374 1689 quomodo
401 1609 431 1669 id
465 1628 526 1670 non
556 1616 669 1670 nooeet
699 1606 830 1688 simplici
860 1609 978 1690 vulgo,
1001 1609 1052 1691 qni

127 1699 246 1753 tuntum
268 1693 349 1753 solet
370 1693 536 1755 aestimare
558 1691 694 1769 verbum,
716 1698 832 1770 quanto
855 1690 949 1752 luerit
961 1698 1052 1774 gestu

128 1783 158 1836 et
191 1781 340 1856 sppsmtu
371 1774 601 1856 praedicatum?
650 1774 692 1834 At
723 1773 919 1854 evangelium
954 1775 1053 1854 nullo,

123 1859 237 1925 ueniae
259 1859 343 1920 omni
365 1863 513 1938 opporstu
534 1858 745 1938 proferuntur,
775 1856 909 1933 soilieet,
931 1864 968 1918 ut
988 1858 1052 1919 vul·

128 1960 185 2022 gns
207 1941 399 2022 evangelium
421 1941 507 2016 nihil,
525 1942 631 2001 venias
654 1941 758 1999 omnio
779 1938 885 2000 oredst
907 1958 990 2002 esse.

208 2024 316 2084 Mirum
335 2030 439 2084 tomen
462 2030 518 2100 est,
541 2041 609 2084 oum
632 2021 767 2083 eudesnt
784 2021 932 2099 elamore,
953 2023 1051 2085 homi·

127 2106 222 2186 nidis,
245 2107 422 2183 latrocinio,
444 2105 602 2166 libidinem
624 2106 746 2186 generis
768 2106 885 2183 omnis,
908 2105 1051 2188 blesphe-

128 2191 204 2249 miss
224 2192 255 2249 in
283 2190 432 2269 virginem
454 2189 580 2249 Marium
613 2196 644 2249 et
666 2189 764 2249 Deum
787 2188 909 2267 lucilio,
940 2196 977 2249 ut
1004 2189 1051 2250 his

126 2273 225 2332 veniis
253 2272 458 2348 remittantur,
492 2290 546 2331 our
572 2290 636 2332 non
671 2272 762 2332 etiem
785 2269 838 2332 ills
864 2270 986 2333 leviore
1008 2291 1051 2333 re

127 2355 204 2415 mitti
227 2354 375 2433 clement,
404 2373 483 2433 quse
509 2355 540 2415 in
563 2353 653 2415 Bulla
680 2373 800 2414 poenae
826 2355 1051 2416 reservantur?

126 2436 269 2499 Pontifex
303 2455 365 2497 non
393 2437 533 2514 remittit,
567 2435 638 2498 vide
671 2455 745 2517 ergo
774 2436 853 2496 forte
880 2456 922 2497 ne
944 2444 978 2498 et
1000 2437 1052 2498 ills

126 2539 189 2580 non
211 2519 363 2596 remittet,
392 2527 444 2579 aut
478 2520 587 2581 saltem
609 2539 672 2581 non
704 2527 764 2579 tom
790 2518 881 2579 fsoile
903 2520 1051 2598 remittet,

126 2621 205 2683 quoe
228 2594 416 2663 multo'sunt
438 2602 498 2662 illis
520 2603 675 2683 graviore.

386 2797 595 2859 Conclusio
628 2796 790 2859 LXXVI.

210 2947 344 3009 Dicimus
366 2953 491 3026 eontra,
525 2948 607 3028 quod
629 2950 739 3010 veniae
760 2947 888 3029 pspsles
918 2969 979 3011 neo
1001 2952 1052 3013 mi·

125 3030 248 3194 plilrlrpppp1
262 3029 427 3092 venialium
451 3037 647 3110 peoostorum
661 3032 771 3093 tollere
791 3031 924 3112 possint,
948 3034 1053 3112 quood

206 3195 296 3257 Hono
324 3195 443 3257 Meosin
472 3215 535 3257 non
558 3198 749 3277 posuissem,
789 3187 856 3259 nisi
879 3197 1052 3263 voluissem

124 3272 338 3421 prse'oedentis
374 3277 582 3340 nouolusionis
617 3280 795 3360 opinionem
834 3278 1052 3345 detestabilem

136 3380 237 3425 suere.
278 3360 368 3423 Petet
388 3366 512 3441 sutem,
540 3361 624 3442 quod
653 3361 738 3425 nulls
764 3361 855 3442 oulpe
876 3365 1052 3443 remittitur,

125 3444 184 3507 nisi
206 3465 226 3506 e
247 3444 316 3506 solo
325 3443 402 3507 Deo,
425 3442 499 3525 ideo
522 3463 581 3505 neo
599 3445 655 3506 illa
676 3465 790 3526 mogus
809 3464 865 3525 per
886 3445 1053 3512 facultates

123 3528 317 3589 remittuntur
339 3526 388 3608 ¹),
418 3525 474 3587 sed
502 3525 695 3588 deolurentur
725 3527 855 3606 remitti,
883 3534 915 3589 et
944 3549 1052 3593 eorum

160 3770 192 3834 l)
212 3768 244 3822 ln
263 3768 305 3825 ed.
323 3772 431 3840 prinu:
449 3770 632 3824 remittentur.
