2356 4200
308 208 422 312 'eontra
439 257 501 313 nat.
519 256 639 317 Johunn.
658 257 734 311 Eccii
750 255 842 311 Jndic.
979 250 1040 317 509

124 443 204 506 quac
226 425 308 487 aliud
331 426 513 505 nihilfecit,
536 445 628 506 quarn
650 426 733 507 qnod
751 425 838 493 ,alind
860 425 925 506 hic,
958 423 1040 487 aliud

124 507 164 567 ibi
187 507 260 568 dicit
282 509 320 571 ad
342 509 518 571 seducenda
540 509 635 572 corda
657 509 848 590 simplicium.

206 591 285 655 Dico
314 612 405 674 crgo:
437 591 582 655 Mandata
599 593 674 674 Dei,
708 593 800 653 etiam
835 590 990 653 levissima
1011 596 1042 649 et

125 674 250 735 minima
270 683 343 736 sunt
362 676 479 738 homini
500 675 702 756 impossibilia
723 694 778 756 per
799 692 832 737 oe
854 675 965 755 ipsum,
986 670 1041 737 sed

126 775 195 817 cum
215 760 316 839 gratia
326 759 383 821 Dei
405 765 475 819 sunt
496 759 649 838 facillima,
670 766 703 819 ut
714 757 882 839 Apostolus
894 759 949 835 *):
969 754 1042 835 Pon:
1069 764 1072 769 '
1163 798 1166 805 ·

125 859 192 901 euru
211 842 316 921 omnia
336 843 368 903 in
390 861 440 921 eo,
462 842 512 921 qui
536 861 585 903 me
600 841 767 920 confortat3
789 842 840 921 qni
861 838 932 902 alibi
954 838 1040 899 dicit:

124 923 197 999 Non
215 943 320 985 cunnus
343 924 530 987 sufficientes
565 924 679 1004 aliquid
713 925 851 1005 cogitare
875 944 916 985 ex
942 921 1042 999 nobie,

125 1014 271 1086 tanquam
293 1028 335 1069 ex
365 1006 464 1069 nobis.
508 1008 569 1071 Cur
602 1008 682 1069 euim
720 1027 858 1071 oramus:
890 1004 1047 1073 Voluntas,

125 1096 178 1151 tua
198 1089 261 1170 flat,
283 1093 309 1151 ai
330 1098 401 1153 sunt
421 1090 580 1171 possibilia
602 1089 713 1152 nobie?
744 1090 841 1153 Recte
873 1107 947 1168 ergo
970 1087 1047 1149 dicit-

125 1170 328 1255 Hieronymua
351 1174 515 1236 anathema
537 1193 616 1252 eone,
638 1175 690 1254 qui
713 1172 823 1234 dixerit
840 1169 1047 1252 impossibilia?

125 1274 194 1317 eoae
215 1257 362 1319 mundata
381 1257 449 1335 Dei,
472 1258 525 1317 sed
548 1276 609 1317 non
634 1256 760 1337 negavit
789 1254 878 1317 nobis
900 1274 968 1315 esse
989 1255 1042 1315 iru-

126 1339 300 1417 poosibilic,
335 1340 403 1401 Deo
434 1341 538 1401 omnio
560 1346 632 1401 nunt
651 1339 825 1420 possibilia,
859 1337 947 1400 nobie
969 1336 1043 1397 nihii

126 1427 173 1481 est
193 1422 352 1501 possibile.
395 1420 480 1482 Sicut
501 1421 574 1483 dicit
595 1421 676 1486 Psal.
700 1421 818 1504 139¹):
853 1421 919 1481 Nec
941 1438 1041 1485 sermo

126 1511 173 1564 est
194 1506 224 1564 in
246 1504 361 1584 lingua,
384 1507 610 1584 quantominus
633 1524 711 1584 opus
734 1513 781 1566 est
801 1507 832 1565 iu
846 1523 937 1565 manu
950 1500 1054 1573 meai,

207 1585 296 1655 Hanc
324 1586 560 1649 elucidationem
596 1589 695 1668 potuit
723 1588 834 1649 Eeoinu
868 1586 956 1662 dare,
988 1585 1042 1646 sed

126 1670 239 1749 uoluit,
272 1689 312 1730 ne
342 1688 404 1737 non
439 1669 566 1731 haberet
595 1670 677 1750 quod
699 1671 730 1730 in
753 1689 801 1732 me
834 1671 1043 1731 criminaretur

126 1760 157 1813 et
177 1752 442 1814 calumniaretur..
463 1752 536 1825 Plus
559 1773 629 1815 eum
652 1753 783 1815 deiectat
804 1753 948 1814 invidiam
970 1752 1049 1813 mint

127 1854 264 1915 movere,
288 1855 381 1916 quarn
402 1838 561 1916 proximos
583 1838 742 1897 veritatem
764 1835 893 1915 dooere,
927 1834 1043 1897 mallet

128 1937 187 1997 que
209 1938 316 1983 ornnes
327 1919 466 1980 homines
489 1920 519 1979 in
543 1939 647 1981 errore
660 1921 770 2000 perire,
793 1938 884 1999 quarn
907 1917 1041 1980 tabidam

127 2021 213 2073 cuam
235 2000 380 2063 iuvidiam
402 2020 463 2064 non
487 2002 622 2083 explere.

138 2148 141 2153 ,
208 2080 345 2147 Transeo
366 2084 440 2146 illud
454 2085 544 2146 Dent
555 2087 612 2151 30:
634 2084 704 2146 Non
727 2092 774 2146 eet
786 2092 869 2145 trans
884 2103 968 2145 mare
984 2091 1042 2145 eto.

126 2166 209 2247 quod
230 2175 316 2229 tantu
337 2168 459 2229 inscitia
480 2175 599 2247 tractat,
622 2176 655 2229 ut
675 2169 808 2229 insanire
821 2169 920 2229 verius
941 2167 1043 2229 videa-

126 2258 183 2330 tur,
206 2269 297 2330 quarn
319 2250 414 2329 loqui.
442 2249 505 2314 Suo
527 2251 606 2312 haec
626 2252 767 2332 tempori.

283 2451 493 2512 Articulua
514 2458 684 2531 quartus
707 2451 887 2512 decimus.

169 2634 183 2657 ,,
210 2578 347 2640 Christus
369 2578 443 2640 nihil
463 2578 522 2640 sibi
544 2581 662 2658 meruit,
683 2581 737 2641 sed
759 2587 875 2642 tantum
898 2578 996 2643 nobie.

208 2661 256 2722 De
276 2660 568 2743 haopropositione
597 2665 664 2744 ipse
691 2663 793 2724 adhuc
819 2661 939 2738 dubito,
972 2664 1044 2742 quia

128 2745 233 2805 omnia
254 2753 341 2805 erant
353 2744 473 2824 Christi,
496 2744 534 2806 ab
555 2747 679 2808 instanti
702 2748 801 2826 primo
817 2764 891 2806 suae
913 2763 1043 2826 concep·

126 2827 236 2905 tionis3
269 2828 340 2889 ideo
363 2830 502 2889 meritum
524 2829 574 2889 hic
600 2830 768 2908 aequivoce
790 2829 888 2909 accipi
911 2835 1042 2908 oportet.

127 2908 187 2970 Sed
210 2911 365 2988 noereio,
387 2930 426 2972 au
449 2930 582 2990 unquam
604 2911 685 2972 hune
706 2911 852 2992 dixeritn3
886 2911 946 2972 hoc
967 2911 1043 2991 scio,

127 2992 208 3072 qnod
233 2991 379 3072 quidquid
403 2993 540 3054 Christus
562 2994 633 3055 iecit
653 3001 686 3054 et
701 2993 839 3075 obtinuit,
862 2994 950 3055 nobie
972 2993 1044 3055 fecit

127 3081 157 3134 et
178 3068 318 3152 obtinuit,
341 3075 380 3135 ed
402 3075 587 3157 implendum
612 3077 801 3139 voluntatem
823 3077 936 3156 Patrio,
969 3077 1043 3137 nihil

127 3160 206 3217 enirn
229 3159 286 3219 sibi
309 3160 469 3238 quaesivit.
518 3159 559 3220 Et
586 3159 648 3221 hoc
668 3179 776 3239 censu,
813 3162 839 3220 si
872 3158 910 3220 ab
939 3159 1042 3239 aliquo

127 3258 264 3300 meorum
294 3240 467 3304 auditorum
497 3240 610 3304 dict-um
644 3250 706 3323 eut,
740 3251 823 3304 recte
850 3241 1043 3321 dictumest,

127 3342 198 3393 nam
227 3322 257 3383 id
287 3343 335 3384 me
362 3327 393 3385 in
427 3325 575 3406 populum
598 3328 814 3389 concionatum
843 3344 912 3387 esse
942 3334 1043 3387 certuu

127 3426 203 3469 sum.
247 3405 303 3467 Eat
323 3426 398 3488 crgo
420 3427 543 3471 oeneus:
567 3407 704 3471 Christus
722 3408 868 3471 merendo
888 3427 954 3471 uon
976 3408 1044 3484 ubi,

200 3676 231 3744 1.)
251 3675 284 3730 In
303 3675 345 3731 ed.
364 3676 478 3746 origin:
498 3676 558 3732 137.

146 3792 149 3797 .
200 3747 346 3833 'mum'
362 3747 391 3803 Α.
428 3747 455 3802 2
476 3746 540 3807 Gor.
559 3746 586 3803 3.
