<?xml version="1.0" encoding="UTF-8"?>
<!DOCTYPE html PUBLIC "-//W3C//DTD XHTML 1.0 Transitional//EN"
    "http://www.w3.org/TR/xhtml1/DTD/xhtml1-transitional.dtd">
<html xmlns="http://www.w3.org/1999/xhtml" xml:lang="en" lang="en">
 <head>
  <title>
</title>
<meta http-equiv="Content-Type" content="text/html;charset=utf-8" />
  <meta name='ocr-system' content='tesseract 3.04.00' />
  <meta name='ocr-capabilities' content='ocr_page ocr_carea ocr_par ocr_line ocrx_word'/>
</head>
<body>
  <div class='ocr_page' id='page_1' title='image "./dmartinilutheri01luthgoog_0833.png"; bbox 0 0 2356 4200; ppageno 0'>
   <div class='ocr_carea' id='block_1_1' title="bbox 135 281 866 354">
    <p class='ocr_par' dir='ltr' id='par_1_1' title="bbox 135 281 866 354">
     <span class='ocr_line' id='line_1_1' title="bbox 135 281 866 354; baseline -0.011 -7"><span class='ocrx_word' id='word_1_1' title='bbox 135 281 198 348; x_wconf 73' lang='grc'>370</span> <span class='ocrx_word' id='word_1_2' title='bbox 324 288 393 339; x_wconf 77' lang='lat' dir='ltr'>uota</span> <span class='ocrx_word' id='word_1_3' title='bbox 410 282 446 340; x_wconf 88' lang='lat' dir='ltr'>D.</span> <span class='ocrx_word' id='word_1_4' title='bbox 466 284 573 339; x_wconf 72' lang='lat' dir='ltr'>Martini</span> <span class='ocrx_word' id='word_1_5' title='bbox 592 283 702 339; x_wconf 79' lang='lat' dir='ltr'>butbsui</span> <span class='ocrx_word' id='word_1_6' title='bbox 721 286 866 354; x_wconf 61' lang='lat' dir='ltr'>Auguste</span> 
     </span>
    </p>
   </div>
   <div class='ocr_carea' id='block_1_2' title="bbox 65 451 1060 2524">
    <p class='ocr_par' dir='ltr' id='par_1_2' title="bbox 123 451 1060 1609">
     <span class='ocr_line' id='line_1_2' title="bbox 219 451 1060 533; baseline -0.005 -16"><span class='ocrx_word' id='word_1_7' title='bbox 219 451 377 533; x_wconf 77' lang='lat' dir='ltr'>Respondi</span> <span class='ocrx_word' id='word_1_8' title='bbox 399 457 482 530; x_wconf 87' lang='lat' dir='ltr'>tune,</span> <span class='ocrx_word' id='word_1_9' title='bbox 504 453 578 513; x_wconf 74' lang='lat' dir='ltr'>Mihi</span> <span class='ocrx_word' id='word_1_10' title='bbox 598 452 879 516; x_wconf 77' lang='lat' dir='ltr'>nousalumistam</span> <span class='ocrx_word' id='word_1_11' title='bbox 893 452 1060 514; x_wconf 78' lang='lat' dir='ltr'>Clementis</span> 
     </span>
     <span class='ocr_line' id='line_1_3' title="bbox 135 534 1058 616; baseline -0.002 -17"><span class='ocrx_word' id='word_1_12' title='bbox 135 555 205 599; x_wconf 82' lang='lat' dir='ltr'>essa</span> <span class='ocrx_word' id='word_1_13' title='bbox 228 535 388 616; x_wconf 70' lang='lat' dir='ltr'>diligenter</span> <span class='ocrx_word' id='word_1_14' title='bbox 401 536 520 615; x_wconf 68' lang='lat' dir='ltr'>uisam,</span> <span class='ocrx_word' id='word_1_15' title='bbox 542 534 597 597; x_wconf 82' lang='lat' dir='ltr'>sed</span> <span class='ocrx_word' id='word_1_16' title='bbox 621 543 653 597; x_wconf 91' lang='lat' dir='ltr'>et</span> <span class='ocrx_word' id='word_1_17' title='bbox 673 536 802 598; x_wconf 68' lang='lat' dir='ltr'>atteiam</span> <span class='ocrx_word' id='word_1_18' title='bbox 820 537 893 598; x_wconf 78' lang='lat' dir='ltr'>eius·</span> <span class='ocrx_word' id='word_1_19' title='bbox 911 535 1058 597; x_wconf 75' lang='lat' dir='ltr'>aemulan</span> 
     </span>
     <span class='ocr_line' id='line_1_4' title="bbox 135 618 1059 700; baseline -0.001 -20"><span class='ocrx_word' id='word_1_20' title='bbox 135 626 167 682; x_wconf 85' lang='lat' dir='ltr'>et</span> <span class='ocrx_word' id='word_1_21' title='bbox 176 618 345 700; x_wconf 80' lang='lat' dir='ltr'>analogum</span> <span class='ocrx_word' id='word_1_22' title='bbox 358 618 439 681; x_wconf 77' lang='lat' dir='ltr'>Sixti</span> <span class='ocrx_word' id='word_1_23' title='bbox 450 619 549 699; x_wconf 81' lang='lat' dir='ltr'>quarti</span> <span class='ocrx_word' id='word_1_24' title='bbox 562 620 654 696; x_wconf 79' lang='lat' dir='ltr'>(asse</span> <span class='ocrx_word' id='word_1_25' title='bbox 670 620 747 681; x_wconf 84' lang='lat' dir='ltr'>euim</span> <span class='ocrx_word' id='word_1_26' title='bbox 763 619 906 700; x_wconf 79' lang='lat' dir='ltr'>legeram</span> <span class='ocrx_word' id='word_1_27' title='bbox 919 627 1059 698; x_wconf 70' lang='lat' dir='ltr'>utruque</span> 
     </span>
     <span class='ocr_line' id='line_1_5' title="bbox 135 701 1059 781; baseline 0 -18"><span class='ocrx_word' id='word_1_28' title='bbox 135 722 197 763; x_wconf 77' lang='lat' dir='ltr'>uma</span> <span class='ocrx_word' id='word_1_29' title='bbox 217 722 287 763; x_wconf 84' lang='lat' dir='ltr'>eum</span> <span class='ocrx_word' id='word_1_30' title='bbox 310 701 527 765; x_wconf 84' lang='lat' dir='ltr'>verbosissime</span> <span class='ocrx_word' id='word_1_31' title='bbox 555 709 588 763; x_wconf 87' lang='lat' dir='ltr'>et</span> <span class='ocrx_word' id='word_1_32' title='bbox 608 704 659 781; x_wconf 88' lang='lat' dir='ltr'>qui</span> <span class='ocrx_word' id='word_1_33' title='bbox 686 701 780 763; x_wconf 84' lang='lat' dir='ltr'>{idam</span> <span class='ocrx_word' id='word_1_34' title='bbox 805 703 934 764; x_wconf 85' lang='lat' dir='ltr'>iliarum</span> <span class='ocrx_word' id='word_1_35' title='bbox 953 703 1059 763; x_wconf 63' lang='lat' dir='ltr'>merim</span> 
     </span>
     <span class='ocr_line' id='line_1_6' title="bbox 133 784 1059 867; baseline 0 -21"><span class='ocrx_word' id='word_1_36' title='bbox 133 784 300 867; x_wconf 69' lang='lat' dir='ltr'>derogaret</span> <span class='ocrx_word' id='word_1_37' title='bbox 321 792 483 864; x_wconf 78' lang='lat' dir='ltr'>apparatu,</span> <span class='ocrx_word' id='word_1_38' title='bbox 507 790 592 847; x_wconf 79' lang='lat' dir='ltr'>tauta</span> <span class='ocrx_word' id='word_1_39' title='bbox 612 793 661 847; x_wconf 84' lang='lat' dir='ltr'>est</span> <span class='ocrx_word' id='word_1_40' title='bbox 682 785 812 847; x_wconf 77' lang='lat' dir='ltr'>refertus</span> <span class='ocrx_word' id='word_1_41' title='bbox 832 787 997 864; x_wconf 61' lang='lat' dir='ltr'>mattis),</span> <span class='ocrx_word' id='word_1_42' title='bbox 1012 803 1059 846; x_wconf 79' lang='lat' dir='ltr'>ve</span> 
     </span>
     <span class='ocr_line' id='line_1_7' title="bbox 133 867 1059 948; baseline 0.003 -21"><span class='ocrx_word' id='word_1_43' title='bbox 133 888 200 928; x_wconf 86' lang='lat' dir='ltr'>rum</span> <span class='ocrx_word' id='word_1_44' title='bbox 222 886 285 927; x_wconf 88' lang='lat' dir='ltr'>non</span> <span class='ocrx_word' id='word_1_45' title='bbox 309 867 453 929; x_wconf 85' lang='lat' dir='ltr'>babuisse</span> <span class='ocrx_word' id='word_1_46' title='bbox 482 887 547 927; x_wconf 88' lang='lat' dir='ltr'>eam</span> <span class='ocrx_word' id='word_1_47' title='bbox 580 868 662 948; x_wconf 90' lang='lat' dir='ltr'>apud</span> <span class='ocrx_word' id='word_1_48' title='bbox 696 887 744 929; x_wconf 90' lang='lat' dir='ltr'>me</span> <span class='ocrx_word' id='word_1_49' title='bbox 772 870 848 930; x_wconf 87' lang='lat' dir='ltr'>satis</span> <span class='ocrx_word' id='word_1_50' title='bbox 874 868 1059 944; x_wconf 69' lang='lat' dir='ltr'>manium,</span> 
     </span>
     <span class='ocr_line' id='line_1_8' title="bbox 134 950 1059 1032; baseline 0.001 -22"><span class='ocrx_word' id='word_1_51' title='bbox 134 969 203 1012; x_wconf 86' lang='lat' dir='ltr'>eum</span> <span class='ocrx_word' id='word_1_52' title='bbox 227 951 294 1011; x_wconf 82' lang='lat' dir='ltr'>abis</span> <span class='ocrx_word' id='word_1_53' title='bbox 317 950 431 1022; x_wconf 81' lang='lat' dir='ltr'>multis,</span> <span class='ocrx_word' id='word_1_54' title='bbox 452 955 515 1011; x_wconf 77' lang='lat' dir='ltr'>ta·</span> <span class='ocrx_word' id='word_1_55' title='bbox 528 970 566 1012; x_wconf 86' lang='lat' dir='ltr'>aa</span> <span class='ocrx_word' id='word_1_56' title='bbox 578 952 714 1012; x_wconf 78' lang='lat' dir='ltr'>maxims</span> <span class='ocrx_word' id='word_1_57' title='bbox 731 970 837 1030; x_wconf 84' lang='lat' dir='ltr'>eausa,</span> <span class='ocrx_word' id='word_1_58' title='bbox 859 951 953 1031; x_wconf 62' lang='lat' dir='ltr'>quadi</span> <span class='ocrx_word' id='word_1_59' title='bbox 969 951 1059 1032; x_wconf 82' lang='lat' dir='ltr'>serip-</span> 
     </span>
     <span class='ocr_line' id='line_1_9' title="bbox 133 1031 1058 1110; baseline 0.002 -17"><span class='ocrx_word' id='word_1_60' title='bbox 133 1035 208 1095; x_wconf 84' lang='lat' dir='ltr'>turis</span> <span class='ocrx_word' id='word_1_61' title='bbox 237 1034 355 1095; x_wconf 85' lang='lat' dir='ltr'>sanatis.</span> <span class='ocrx_word' id='word_1_62' title='bbox 380 1031 513 1094; x_wconf 82' lang='lat' dir='ltr'>abutituu</span> <span class='ocrx_word' id='word_1_63' title='bbox 560 1041 591 1094; x_wconf 88' lang='lat' dir='ltr'>st</span> <span class='ocrx_word' id='word_1_64' title='bbox 624 1032 718 1095; x_wconf 82' lang='lat' dir='ltr'>verba</span> <span class='ocrx_word' id='word_1_65' title='bbox 752 1036 796 1110; x_wconf 78' lang='lat' dir='ltr'>(si</span> <span class='ocrx_word' id='word_1_66' title='bbox 824 1035 925 1097; x_wconf 88' lang='lat' dir='ltr'>modo</span> <span class='ocrx_word' id='word_1_67' title='bbox 951 1052 1058 1095; x_wconf 73' lang='lat' dir='ltr'>senus</span> 
     </span>
     <span class='ocr_line' id='line_1_10' title="bbox 135 1078 1058 1197; baseline 0 -19"><span class='ocrx_word' id='word_1_68' title='bbox 135 1116 265 1178; x_wconf 76' lang='lat' dir='ltr'>usitatus</span> <span class='ocrx_word' id='word_1_69' title='bbox 287 1115 454 1179; x_wconf 75' lang='lat' dir='ltr'>subsistere</span> <span class='ocrx_word' id='word_1_70' title='bbox 475 1078 583 1190; x_wconf 79' lang='lat' dir='ltr'>debet)</span> <span class='ocrx_word' id='word_1_71' title='bbox 609 1116 755 1179; x_wconf 79' lang='lat' dir='ltr'>audacias</span> <span class='ocrx_word' id='word_1_72' title='bbox 783 1123 912 1197; x_wconf 77' lang='lat' dir='ltr'>bouquet</span> <span class='ocrx_word' id='word_1_73' title='bbox 935 1118 970 1177; x_wconf 91' lang='lat' dir='ltr'>iu</span> <span class='ocrx_word' id='word_1_74' title='bbox 991 1117 1058 1178; x_wconf 72' lang='lat' dir='ltr'>siis</span> 
     </span>
     <span class='ocr_line' id='line_1_11' title="bbox 134 1198 1058 1280; baseline 0.003 -22"><span class='ocrx_word' id='word_1_75' title='bbox 134 1218 207 1258; x_wconf 92' lang='lat' dir='ltr'>num</span> <span class='ocrx_word' id='word_1_76' title='bbox 230 1218 364 1276; x_wconf 71' lang='lat' dir='ltr'>sensum,</span> <span class='ocrx_word' id='word_1_77' title='bbox 387 1217 477 1279; x_wconf 89' lang='lat' dir='ltr'>quem</span> <span class='ocrx_word' id='word_1_78' title='bbox 495 1217 551 1259; x_wconf 90' lang='lat' dir='ltr'>suo</span> <span class='ocrx_word' id='word_1_79' title='bbox 573 1199 645 1262; x_wconf 84' lang='lat' dir='ltr'>loeo</span> <span class='ocrx_word' id='word_1_80' title='bbox 669 1219 730 1261; x_wconf 90' lang='lat' dir='ltr'>non</span> <span class='ocrx_word' id='word_1_81' title='bbox 755 1198 880 1280; x_wconf 84' lang='lat' dir='ltr'>habent,</span> <span class='ocrx_word' id='word_1_82' title='bbox 903 1201 971 1261; x_wconf 81' lang='lat' dir='ltr'>ima</span> <span class='ocrx_word' id='word_1_83' title='bbox 991 1219 1058 1261; x_wconf 72' lang='lat' dir='ltr'>aaa</span> 
     </span>
     <span class='ocr_line' id='line_1_12' title="bbox 135 1280 1057 1364; baseline 0.001 -21"><span class='ocrx_word' id='word_1_84' title='bbox 135 1283 260 1343; x_wconf 78' lang='lat' dir='ltr'>uarium</span> <span class='ocrx_word' id='word_1_85' title='bbox 281 1281 406 1344; x_wconf 82' lang='lat' dir='ltr'>babent.</span> <span class='ocrx_word' id='word_1_86' title='bbox 448 1280 524 1344; x_wconf 77' lang='lat' dir='ltr'>Idea</span> <span class='ocrx_word' id='word_1_87' title='bbox 546 1283 730 1362; x_wconf 75' lang='lat' dir='ltr'>seriptum,</span> <span class='ocrx_word' id='word_1_88' title='bbox 754 1301 830 1362; x_wconf 89' lang='lat' dir='ltr'>quas</span> <span class='ocrx_word' id='word_1_89' title='bbox 853 1302 917 1364; x_wconf 76' lang='lat' dir='ltr'>ego</span> <span class='ocrx_word' id='word_1_90' title='bbox 939 1284 973 1344; x_wconf 78' lang='lat' dir='ltr'>its</span> <span class='ocrx_word' id='word_1_91' title='bbox 995 1300 1057 1364; x_wconf 76' lang='lat' dir='ltr'>pru</span> 
     </span>
     <span class='ocr_line' id='line_1_13' title="bbox 133 1365 1056 1448; baseline 0.004 -24"><span class='ocrx_word' id='word_1_92' title='bbox 133 1366 287 1444; x_wconf 80' lang='lat' dir='ltr'><strong>positione</strong></span> <span class='ocrx_word' id='word_1_93' title='bbox 309 1383 378 1425; x_wconf 88' lang='lat' dir='ltr'>mea</span> <span class='ocrx_word' id='word_1_94' title='bbox 400 1383 523 1445; x_wconf 84' lang='lat' dir='ltr'>sequor,</span> <span class='ocrx_word' id='word_1_95' title='bbox 546 1383 615 1426; x_wconf 86' lang='lat' dir='ltr'>esse</span> <span class='ocrx_word' id='word_1_96' title='bbox 638 1368 665 1427; x_wconf 88' lang='lat' dir='ltr'>ei</span> <span class='ocrx_word' id='word_1_97' title='bbox 680 1365 900 1448; x_wconf 79' lang='lat' dir='ltr'>praeferendas</span> <span class='ocrx_word' id='word_1_98' title='bbox 923 1367 1056 1443; x_wconf 75' lang='lat' dir='ltr'>amuiuu,</span> 
     </span>
     <span class='ocr_line' id='line_1_14' title="bbox 134 1446 1057 1528; baseline -0.001 -17"><span class='ocrx_word' id='word_1_99' title='bbox 134 1466 172 1511; x_wconf 79' lang='lat' dir='ltr'>se</span> <span class='ocrx_word' id='word_1_100' title='bbox 194 1447 269 1509; x_wconf 80' lang='lat' dir='ltr'>nibil</span> <span class='ocrx_word' id='word_1_101' title='bbox 289 1447 360 1508; x_wconf 86' lang='lat' dir='ltr'>inde</span> <span class='ocrx_word' id='word_1_102' title='bbox 383 1447 518 1528; x_wconf 77' lang='lat' dir='ltr'>probari,</span> <span class='ocrx_word' id='word_1_103' title='bbox 538 1448 594 1509; x_wconf 85' lang='lat' dir='ltr'>aad</span> <span class='ocrx_word' id='word_1_104' title='bbox 616 1449 741 1511; x_wconf 74' lang='lat' dir='ltr'>resitsri.</span> <span class='ocrx_word' id='word_1_105' title='bbox 756 1446 911 1511; x_wconf 70' lang='lat' dir='ltr'>anana</span> <span class='ocrx_word' id='word_1_106' title='bbox 932 1468 974 1511; x_wconf 81' lang='lat' dir='ltr'>ae</span> <span class='ocrx_word' id='word_1_107' title='bbox 995 1468 1057 1510; x_wconf 85' lang='lat' dir='ltr'>nar·</span> 
     </span>
     <span class='ocr_line' id='line_1_15' title="bbox 123 1530 618 1609; baseline 0.006 -19"><span class='ocrx_word' id='word_1_108' title='bbox 123 1532 193 1590; x_wconf 61' lang='lat' dir='ltr'>&#39;rari</span> <span class='ocrx_word' id='word_1_109' title='bbox 215 1530 392 1609; x_wconf 87' lang='lat' dir='ltr'>opinionem</span> <span class='ocrx_word' id='word_1_110' title='bbox 417 1531 447 1592; x_wconf 82' lang='lat' dir='ltr'>S.</span> <span class='ocrx_word' id='word_1_111' title='bbox 469 1531 618 1594; x_wconf 75' lang='lat' dir='ltr'>Thomas.</span> 
     </span>
    </p>

    <p class='ocr_par' dir='ltr' id='par_1_3' title="bbox 131 1612 1056 2094">
     <span class='ocr_line' id='line_1_16' title="bbox 214 1612 1056 1696; baseline -0.005 -17"><span class='ocrx_word' id='word_1_112' title='bbox 214 1612 303 1679; x_wconf 73' lang='lat' dir='ltr'>Tuus</span> <span class='ocrx_word' id='word_1_113' title='bbox 332 1616 436 1695; x_wconf 84' lang='lat' dir='ltr'>eoepit</span> <span class='ocrx_word' id='word_1_114' title='bbox 467 1613 617 1675; x_wconf 72' lang='lat' dir='ltr'>adsersus</span> <span class='ocrx_word' id='word_1_115' title='bbox 652 1634 702 1676; x_wconf 85' lang='lat' dir='ltr'>ms</span> <span class='ocrx_word' id='word_1_116' title='bbox 734 1620 924 1696; x_wconf 82' lang='lat' dir='ltr'>patestatem</span> <span class='ocrx_word' id='word_1_117' title='bbox 957 1632 1056 1696; x_wconf 87' lang='lat' dir='ltr'>papae</span> 
     </span>
     <span class='ocr_line' id='line_1_17' title="bbox 133 1696 1055 1820; baseline 0.004 -65"><span class='ocrx_word' id='word_1_118' title='bbox 133 1696 360 1771; x_wconf 75' lang='lat' dir='ltr'>commendare,</span> <span class='ocrx_word' id='word_1_119' title='bbox 384 1698 529 1777; x_wconf 89' lang='lat' dir='ltr'>quoniam</span> <span class='ocrx_word' id='word_1_120' title='bbox 553 1717 646 1778; x_wconf 83' lang='lat' dir='ltr'>supra</span> <span class='ocrx_word' id='word_1_121' title='bbox 659 1698 832 1772; x_wconf 80' lang='lat' dir='ltr'>eonsilium,</span> <span class='ocrx_word' id='word_1_122' title='bbox 855 1716 959 1778; x_wconf 77' lang='lat' dir='ltr'>supra</span> <span class='ocrx_word' id='word_1_123' title='bbox 968 1698 1055 1820; x_wconf 77' lang='lat' dir='ltr'>sesip</span> 
     </span>
     <span class='ocr_line' id='line_1_18' title="bbox 133 1776 1054 1862; baseline -0.003 -19"><span class='ocrx_word' id='word_1_124' title='bbox 133 1787 248 1856; x_wconf 78' lang='lat' dir='ltr'>turam,</span> <span class='ocrx_word' id='word_1_125' title='bbox 280 1798 374 1859; x_wconf 83' lang='lat' dir='ltr'>supra</span> <span class='ocrx_word' id='word_1_126' title='bbox 411 1781 516 1841; x_wconf 86' lang='lat' dir='ltr'>omnia</span> <span class='ocrx_word' id='word_1_127' title='bbox 542 1781 694 1842; x_wconf 78' lang='lat' dir='ltr'>eeclesiae</span> <span class='ocrx_word' id='word_1_128' title='bbox 724 1783 772 1859; x_wconf 81' lang='lat' dir='ltr'>sjt.</span> <span class='ocrx_word' id='word_1_129' title='bbox 813 1781 855 1841; x_wconf 81' lang='lat' dir='ltr'>Et</span> <span class='ocrx_word' id='word_1_130' title='bbox 886 1776 1054 1862; x_wconf 78' lang='lat' dir='ltr'>utillud)</span> 
     </span>
     <span class='ocr_line' id='line_1_19' title="bbox 132 1861 1055 1944; baseline 0.004 -23"><span class='ocrx_word' id='word_1_131' title='bbox 132 1861 340 1941; x_wconf 68' lang='lat' dir='ltr'>persuaderet,</span> <span class='ocrx_word' id='word_1_132' title='bbox 362 1862 612 1942; x_wconf 78' lang='lat' dir='ltr'>reprobationem</span> <span class='ocrx_word' id='word_1_133' title='bbox 635 1872 667 1924; x_wconf 87' lang='lat' dir='ltr'>at</span> <span class='ocrx_word' id='word_1_134' title='bbox 684 1863 923 1944; x_wconf 70' lang='lat' dir='ltr'>abrogationem</span> <span class='ocrx_word' id='word_1_135' title='bbox 936 1863 1055 1926; x_wconf 66' lang='lat' dir='ltr'>eousbi</span> 
     </span>
     <span class='ocr_line' id='line_1_20' title="bbox 131 1940 1054 2026; baseline 0.001 -19"><span class='ocrx_word' id='word_1_136' title='bbox 131 1944 309 2017; x_wconf 77' lang='lat' dir='ltr'>Basiliemis</span> <span class='ocrx_word' id='word_1_137' title='bbox 323 1947 471 2023; x_wconf 70' lang='lat' dir='ltr'>imitavit,</span> <span class='ocrx_word' id='word_1_138' title='bbox 495 1964 532 2007; x_wconf 85' lang='lat' dir='ltr'>aa</span> <span class='ocrx_word' id='word_1_139' title='bbox 548 1945 746 2008; x_wconf 77' lang='lat' dir='ltr'>Gereonistas</span> <span class='ocrx_word' id='word_1_140' title='bbox 763 1940 889 2026; x_wconf 74' lang='lat' dir='ltr'>(pieque¹</span> <span class='ocrx_word' id='word_1_141' title='bbox 905 1966 972 2017; x_wconf 80' lang='lat' dir='ltr'>una</span> <span class='ocrx_word' id='word_1_142' title='bbox 993 1964 1054 2009; x_wconf 75' lang='lat' dir='ltr'>sun</span> 
     </span>
     <span class='ocr_line' id='line_1_21' title="bbox 133 2026 665 2094; baseline -0.002 -3"><span class='ocrx_word' id='word_1_143' title='bbox 133 2026 275 2091; x_wconf 78' lang='lat' dir='ltr'>Garsaue</span> <span class='ocrx_word' id='word_1_144' title='bbox 298 2027 492 2090; x_wconf 79' lang='lat' dir='ltr'>damnandos</span> <span class='ocrx_word' id='word_1_145' title='bbox 515 2031 665 2094; x_wconf 57' lang='lat' dir='ltr'>sensuit:</span> 
     </span>
    </p>

    <p class='ocr_par' dir='ltr' id='par_1_4' title="bbox 65 2111 1054 2360">
     <span class='ocr_line' id='line_1_22' title="bbox 214 2111 1054 2197; baseline 0 -25"><span class='ocrx_word' id='word_1_146' title='bbox 214 2111 300 2172; x_wconf 76' lang='lat' dir='ltr'>Haeo</span> <span class='ocrx_word' id='word_1_147' title='bbox 321 2120 355 2172; x_wconf 87' lang='lat' dir='ltr'>ut</span> <span class='ocrx_word' id='word_1_148' title='bbox 374 2119 460 2173; x_wconf 73' lang='lat' dir='ltr'>eraut</span> <span class='ocrx_word' id='word_1_149' title='bbox 495 2130 577 2197; x_wconf 81' lang='lat' dir='ltr'>ppva</span> <span class='ocrx_word' id='word_1_150' title='bbox 603 2113 634 2172; x_wconf 89' lang='lat' dir='ltr'>in</span> <span class='ocrx_word' id='word_1_151' title='bbox 663 2111 786 2172; x_wconf 88' lang='lat' dir='ltr'>auribus</span> <span class='ocrx_word' id='word_1_152' title='bbox 817 2113 913 2190; x_wconf 81' lang='lat' dir='ltr'>meis,</span> <span class='ocrx_word' id='word_1_153' title='bbox 949 2111 1054 2195; x_wconf 72' lang='lat' dir='ltr'>negaui</span> 
     </span>
     <span class='ocr_line' id='line_1_23' title="bbox 131 2195 1054 2277; baseline 0.002 -22"><span class='ocrx_word' id='word_1_154' title='bbox 131 2201 255 2272; x_wconf 80' lang='lat' dir='ltr'>eontra,</span> <span class='ocrx_word' id='word_1_155' title='bbox 282 2213 395 2274; x_wconf 82' lang='lat' dir='ltr'>papam</span> <span class='ocrx_word' id='word_1_156' title='bbox 425 2214 518 2274; x_wconf 85' lang='lat' dir='ltr'>supra</span> <span class='ocrx_word' id='word_1_157' title='bbox 540 2195 719 2274; x_wconf 83' lang='lat' dir='ltr'>eonsilium,</span> <span class='ocrx_word' id='word_1_158' title='bbox 751 2197 845 2275; x_wconf 76' lang='lat' dir='ltr'>eupta</span> <span class='ocrx_word' id='word_1_159' title='bbox 874 2196 1054 2277; x_wconf 72' lang='lat' dir='ltr'>seriptum</span> 
     </span>
     <span class='ocr_line' id='line_1_24' title="bbox 65 2276 1054 2360; baseline 0.004 -24"><span class='ocrx_word' id='word_1_160' title='bbox 65 2326 70 2335; x_wconf 89' lang='lat'>.</span> <span class='ocrx_word' id='word_1_161' title='bbox 131 2295 210 2339; x_wconf 84' lang='lat' dir='ltr'>asse.</span> <span class='ocrx_word' id='word_1_162' title='bbox 264 2276 383 2337; x_wconf 80' lang='lat' dir='ltr'>Deinde</span> <span class='ocrx_word' id='word_1_163' title='bbox 408 2286 444 2338; x_wconf 85' lang='lat' dir='ltr'>et</span> <span class='ocrx_word' id='word_1_164' title='bbox 475 2279 682 2349; x_wconf 86' lang='lat' dir='ltr'>universitatis</span> <span class='ocrx_word' id='word_1_165' title='bbox 704 2278 923 2339; x_wconf 80' lang='lat' dir='ltr'>Parrbisiensis</span> <span class='ocrx_word' id='word_1_166' title='bbox 957 2299 978 2340; x_wconf 84' lang='lat' dir='ltr'>a</span> <span class='ocrx_word' id='word_1_167' title='bbox 1000 2276 1054 2360; x_wconf 73' lang='lat' dir='ltr'>pet</span> 
     </span>
    </p>

    <p class='ocr_par' dir='ltr' id='par_1_5' title="bbox 131 2298 1053 2524">
     <span class='ocr_line' id='line_1_25' title="bbox 131 2298 1053 2441; baseline 0.004 -22"><span class='ocrx_word' id='word_1_168' title='bbox 131 2359 274 2421; x_wconf 78' lang='lat' dir='ltr'>tationem</span> <span class='ocrx_word' id='word_1_169' title='bbox 298 2360 528 2436; x_wconf 77' lang='lat' dir='ltr'>commendavi,</span> <span class='ocrx_word' id='word_1_170' title='bbox 563 2361 715 2441; x_wconf 83' lang='lat' dir='ltr'>multaque</span> <span class='ocrx_word' id='word_1_171' title='bbox 736 2362 866 2422; x_wconf 80' lang='lat' dir='ltr'>cautiusa</span> <span class='ocrx_word' id='word_1_172' title='bbox 894 2298 1053 2423; x_wconf 63' lang='lat' dir='ltr'>interfata</span> 
     </span>
     <span class='ocr_line' id='line_1_26' title="bbox 132 2443 1053 2524; baseline 0.003 -21"><span class='ocrx_word' id='word_1_173' title='bbox 132 2444 215 2504; x_wconf 75' lang='lat' dir='ltr'>boue</span> <span class='ocrx_word' id='word_1_174' title='bbox 233 2443 271 2504; x_wconf 88' lang='lat' dir='ltr'>de</span> <span class='ocrx_word' id='word_1_175' title='bbox 284 2445 483 2523; x_wconf 85' lang='lat' dir='ltr'>poenitentia,</span> <span class='ocrx_word' id='word_1_176' title='bbox 506 2443 546 2504; x_wconf 85' lang='lat' dir='ltr'>de</span> <span class='ocrx_word' id='word_1_177' title='bbox 560 2447 659 2524; x_wconf 82' lang='lat' dir='ltr'>gratia</span> <span class='ocrx_word' id='word_1_178' title='bbox 670 2445 727 2505; x_wconf 86' lang='lat' dir='ltr'>Dei</span> <span class='ocrx_word' id='word_1_179' title='bbox 743 2443 960 2506; x_wconf 75' lang='lat' dir='ltr'>miscebamus.</span> <span class='ocrx_word' id='word_1_180' title='bbox 982 2444 1053 2506; x_wconf 77' lang='lat' dir='ltr'>Nam</span> 
     </span>
    </p>
   </div>
   <div class='ocr_carea' id='block_1_3' title="bbox 131 2524 1053 2607">
    <p class='ocr_par' dir='ltr' id='par_1_6' title="bbox 131 2524 1053 2607">
     <span class='ocr_line' id='line_1_27' title="bbox 131 2524 1053 2607; baseline 0.002 -20"><span class='ocrx_word' id='word_1_181' title='bbox 131 2525 260 2587; x_wconf 82' lang='lat' dir='ltr'>aiteram</span> <span class='ocrx_word' id='word_1_182' title='bbox 282 2526 367 2587; x_wconf 88' lang='lat' dir='ltr'>illam</span> <span class='ocrx_word' id='word_1_183' title='bbox 391 2525 597 2588; x_wconf 78' lang='lat' dir='ltr'>abiectionem</span> <span class='ocrx_word' id='word_1_184' title='bbox 622 2527 821 2589; x_wconf 76' lang='lat' dir='ltr'>cumdolore</span> <span class='ocrx_word' id='word_1_185' title='bbox 845 2527 964 2607; x_wconf 87' lang='lat' dir='ltr'>audivi,</span> <span class='ocrx_word' id='word_1_186' title='bbox 987 2524 1053 2589; x_wconf 84' lang='lat' dir='ltr'>mbi</span> 
     </span>
    </p>
   </div>
   <div class='ocr_carea' id='block_1_4' title="bbox 27 2601 1052 2693">
    <p class='ocr_par' dir='ltr' id='par_1_7' title="bbox 27 2601 1052 2693">
     <span class='ocr_line' id='line_1_28' title="bbox 27 2601 1052 2693; baseline -0.002 -22"><span class='ocrx_word' id='word_1_187' title='bbox 27 2676 30 2681; x_wconf 65' lang='grc'><strong>,</strong></span> <span class='ocrx_word' id='word_1_188' title='bbox 132 2612 210 2671; x_wconf 84' lang='lat' dir='ltr'>euim</span> <span class='ocrx_word' id='word_1_189' title='bbox 233 2609 332 2671; x_wconf 87' lang='lat' dir='ltr'>minua</span> <span class='ocrx_word' id='word_1_190' title='bbox 355 2601 538 2693; x_wconf 77' lang='lat' dir='ltr'>timuissem,</span> <span class='ocrx_word' id='word_1_191' title='bbox 570 2630 661 2689; x_wconf 90' lang='lat' dir='ltr'>quam</span> <span class='ocrx_word' id='word_1_192' title='bbox 689 2611 852 2671; x_wconf 74' lang='lat' dir='ltr'>haberem</span> <span class='ocrx_word' id='word_1_193' title='bbox 877 2611 909 2671; x_wconf 88' lang='lat' dir='ltr'>iu</span> <span class='ocrx_word' id='word_1_194' title='bbox 932 2610 1052 2672; x_wconf 69' lang='lat' dir='ltr'>dubius</span> 
     </span>
    </p>
   </div>
   <div class='ocr_carea' id='block_1_5' title="bbox 131 2691 1053 2837">
    <p class='ocr_par' dir='ltr' id='par_1_8' title="bbox 131 2691 1053 2837">
     <span class='ocr_line' id='line_1_29' title="bbox 131 2691 1053 2773; baseline 0.001 -22"><span class='ocrx_word' id='word_1_195' title='bbox 131 2692 302 2753; x_wconf 76' lang='lat' dir='ltr'>vocandam</span> <span class='ocrx_word' id='word_1_196' title='bbox 326 2691 503 2771; x_wconf 84' lang='lat' dir='ltr'>aliquanda.</span> <span class='ocrx_word' id='word_1_197' title='bbox 547 2693 592 2754; x_wconf 89' lang='lat' dir='ltr'>lta</span> <span class='ocrx_word' id='word_1_198' title='bbox 614 2693 752 2753; x_wconf 73' lang='lat' dir='ltr'>insulta</span> <span class='ocrx_word' id='word_1_199' title='bbox 774 2693 1006 2773; x_wconf 81' lang='lat' dir='ltr'><strong>propemodum</strong></span> <span class='ocrx_word' id='word_1_200' title='bbox 1026 2710 1053 2752; x_wconf 79' lang='lat' dir='ltr'>us</span> 
     </span>
     <span class='ocr_line' id='line_1_30' title="bbox 132 2771 1053 2837; baseline 0.007 -5"><span class='ocrx_word' id='word_1_201' title='bbox 132 2771 401 2836; x_wconf 74' lang='lat' dir='ltr'>conveniebamus.</span> <span class='ocrx_word' id='word_1_202' title='bbox 446 2775 506 2835; x_wconf 86' lang='lat' dir='ltr'>Sed</span> <span class='ocrx_word' id='word_1_203' title='bbox 536 2783 569 2835; x_wconf 88' lang='lat' dir='ltr'>ut</span> <span class='ocrx_word' id='word_1_204' title='bbox 595 2776 690 2836; x_wconf 80' lang='lat' dir='ltr'>altera</span> <span class='ocrx_word' id='word_1_205' title='bbox 718 2775 845 2836; x_wconf 85' lang='lat' dir='ltr'>alteram</span> <span class='ocrx_word' id='word_1_206' title='bbox 880 2775 1053 2837; x_wconf 76' lang='lat' dir='ltr'>inveniebat</span> 
     </span>
    </p>
   </div>
   <div class='ocr_carea' id='block_1_6' title="bbox 37 2856 992 2939">
    <p class='ocr_par' dir='ltr' id='par_1_9' title="bbox 37 2856 992 2939">
     <span class='ocr_line' id='line_1_31' title="bbox 37 2856 992 2939; baseline 0.007 -24"><span class='ocrx_word' id='word_1_207' title='bbox 37 2908 41 2915; x_wconf 92' lang='lat'>.</span> <span class='ocrx_word' id='word_1_208' title='bbox 133 2862 187 2931; x_wconf 89' lang='lat' dir='ltr'>(ut</span> <span class='ocrx_word' id='word_1_209' title='bbox 208 2856 273 2936; x_wconf 79' lang='lat' dir='ltr'>fit),</span> <span class='ocrx_word' id='word_1_210' title='bbox 295 2859 339 2918; x_wconf 88' lang='lat' dir='ltr'>ita</span> <span class='ocrx_word' id='word_1_211' title='bbox 360 2878 478 2937; x_wconf 81' lang='lat' dir='ltr'>semper</span> <span class='ocrx_word' id='word_1_212' title='bbox 500 2879 582 2918; x_wconf 88' lang='lat' dir='ltr'>nova</span> <span class='ocrx_word' id='word_1_213' title='bbox 604 2858 750 2939; x_wconf 74' lang='lat' dir='ltr'>surgebat</span> <span class='ocrx_word' id='word_1_214' title='bbox 770 2858 992 2921; x_wconf 74' lang='lat' dir='ltr'>eontradietim</span> 
     </span>
    </p>
   </div>
   <div class='ocr_carea' id='block_1_7' title="bbox 130 2941 1053 3354">
    <p class='ocr_par' dir='ltr' id='par_1_10' title="bbox 130 2941 1053 3354">
     <span class='ocr_line' id='line_1_32' title="bbox 214 2941 1053 3023; baseline 0.005 -23"><span class='ocrx_word' id='word_1_215' title='bbox 214 2941 290 3000; x_wconf 80' lang='lat' dir='ltr'>Cum</span> <span class='ocrx_word' id='word_1_216' title='bbox 314 2948 415 3001; x_wconf 89' lang='lat' dir='ltr'>autem</span> <span class='ocrx_word' id='word_1_217' title='bbox 438 2941 573 3002; x_wconf 81' lang='lat' dir='ltr'>videram</span> <span class='ocrx_word' id='word_1_218' title='bbox 595 2942 655 3002; x_wconf 88' lang='lat' dir='ltr'>ista</span> <span class='ocrx_word' id='word_1_219' title='bbox 676 2942 875 3003; x_wconf 75' lang='lat' dir='ltr'>contentione</span> <span class='ocrx_word' id='word_1_220' title='bbox 897 2942 977 3003; x_wconf 85' lang='lat' dir='ltr'>nibil</span> <span class='ocrx_word' id='word_1_221' title='bbox 1000 2942 1053 3023; x_wconf 77' lang='lat' dir='ltr'>egi,</span> 
     </span>
     <span class='ocr_line' id='line_1_33' title="bbox 132 3022 1051 3101; baseline 0.005 -19"><span class='ocrx_word' id='word_1_222' title='bbox 132 3022 189 3083; x_wconf 88' lang='lat' dir='ltr'>nisi</span> <span class='ocrx_word' id='word_1_223' title='bbox 214 3023 309 3083; x_wconf 88' lang='lat' dir='ltr'>multa</span> <span class='ocrx_word' id='word_1_224' title='bbox 329 3024 486 3098; x_wconf 78' lang='lat' dir='ltr'>inchoari,</span> <span class='ocrx_word' id='word_1_225' title='bbox 516 3031 548 3084; x_wconf 87' lang='lat' dir='ltr'>st</span> <span class='ocrx_word' id='word_1_226' title='bbox 570 3025 654 3085; x_wconf 87' lang='lat' dir='ltr'>nulia</span> <span class='ocrx_word' id='word_1_227' title='bbox 675 3025 902 3101; x_wconf 80' lang='lat' dir='ltr'>consummari,</span> <span class='ocrx_word' id='word_1_228' title='bbox 937 3045 979 3086; x_wconf 86' lang='lat' dir='ltr'>ae</span> <span class='ocrx_word' id='word_1_229' title='bbox 998 3026 1051 3086; x_wconf 79' lang='lat' dir='ltr'>iam</span> 
     </span>
     <span class='ocr_line' id='line_1_34' title="bbox 132 3106 1052 3187; baseline 0.005 -23"><span class='ocrx_word' id='word_1_230' title='bbox 132 3124 203 3165; x_wconf 85' lang='lat' dir='ltr'>vere</span> <span class='ocrx_word' id='word_1_231' title='bbox 236 3126 293 3167; x_wconf 90' lang='lat' dir='ltr'>nos</span> <span class='ocrx_word' id='word_1_232' title='bbox 320 3106 393 3167; x_wconf 86' lang='lat' dir='ltr'>nibil</span> <span class='ocrx_word' id='word_1_233' title='bbox 424 3108 481 3167; x_wconf 87' lang='lat' dir='ltr'>uisi</span> <span class='ocrx_word' id='word_1_234' title='bbox 519 3106 630 3167; x_wconf 86' lang='lat' dir='ltr'>multas</span> <span class='ocrx_word' id='word_1_235' title='bbox 655 3108 902 3187; x_wconf 78' lang='lat' dir='ltr'>Extravagantes</span> <span class='ocrx_word' id='word_1_236' title='bbox 931 3107 1052 3171; x_wconf 78' lang='lat' dir='ltr'>sommi</span> 
     </span>
     <span class='ocr_line' id='line_1_35' title="bbox 130 3188 1049 3271; baseline 0.004 -24"><span class='ocrx_word' id='word_1_237' title='bbox 130 3188 217 3266; x_wconf 80' lang='lat' dir='ltr'>nissi,</span> <span class='ocrx_word' id='word_1_238' title='bbox 239 3191 416 3270; x_wconf 83' lang='lat' dir='ltr'>praesertim</span> <span class='ocrx_word' id='word_1_239' title='bbox 432 3209 501 3250; x_wconf 88' lang='lat' dir='ltr'>aum</span> <span class='ocrx_word' id='word_1_240' title='bbox 523 3190 575 3249; x_wconf 88' lang='lat' dir='ltr'>ilie</span> <span class='ocrx_word' id='word_1_241' title='bbox 593 3196 642 3265; x_wconf 91' lang='lat' dir='ltr'>(ut</span> <span class='ocrx_word' id='word_1_242' title='bbox 656 3192 723 3251; x_wconf 83' lang='lat' dir='ltr'>viee</span> <span class='ocrx_word' id='word_1_243' title='bbox 744 3189 900 3271; x_wconf 75' lang='lat' dir='ltr'>pontificis</span> <span class='ocrx_word' id='word_1_244' title='bbox 925 3191 1049 3268; x_wconf 73' lang='lat' dir='ltr'>sumi)</span> 
     </span>
     <span class='ocr_line' id='line_1_36' title="bbox 130 3271 1051 3354; baseline 0.004 -23"><span class='ocrx_word' id='word_1_245' title='bbox 130 3271 225 3333; x_wconf 84' lang='lat' dir='ltr'>uellet</span> <span class='ocrx_word' id='word_1_246' title='bbox 256 3273 388 3333; x_wconf 85' lang='lat' dir='ltr'>oessisse</span> <span class='ocrx_word' id='word_1_247' title='bbox 416 3272 528 3347; x_wconf 79' lang='lat' dir='ltr'>videri,</span> <span class='ocrx_word' id='word_1_248' title='bbox 555 3274 645 3353; x_wconf 84' lang='lat' dir='ltr'>petii,</span> <span class='ocrx_word' id='word_1_249' title='bbox 677 3281 712 3351; x_wconf 84' lang='lat' dir='ltr'>ut</span> <span class='ocrx_word' id='word_1_250' title='bbox 741 3281 862 3354; x_wconf 84' lang='lat' dir='ltr'>tempus</span> <span class='ocrx_word' id='word_1_251' title='bbox 897 3272 989 3337; x_wconf 82' lang='lat' dir='ltr'>daret</span> <span class='ocrx_word' id='word_1_252' title='bbox 1009 3273 1051 3335; x_wconf 83' lang='lat' dir='ltr'>da·</span> 
     </span>
    </p>
   </div>
   <div class='ocr_carea' id='block_1_8' title="bbox 129 3354 1051 3518">
    <p class='ocr_par' dir='ltr' id='par_1_11' title="bbox 129 3354 1051 3518">
     <span class='ocr_line' id='line_1_37' title="bbox 129 3354 288 3418; baseline 0.019 -3"><span class='ocrx_word' id='word_1_253' title='bbox 129 3354 288 3418; x_wconf 84' lang='lat' dir='ltr'>liberandi.</span> 
     </span>
     <span class='ocr_line' id='line_1_38' title="bbox 213 3437 1051 3518; baseline 0.004 -17"><span class='ocrx_word' id='word_1_254' title='bbox 213 3438 319 3501; x_wconf 85' lang='lat' dir='ltr'>Altera</span> <span class='ocrx_word' id='word_1_255' title='bbox 351 3437 420 3515; x_wconf 87' lang='lat' dir='ltr'>die,</span> <span class='ocrx_word' id='word_1_256' title='bbox 460 3437 672 3518; x_wconf 85' lang='lat' dir='ltr'>praesentibus</span> <span class='ocrx_word' id='word_1_257' title='bbox 715 3445 847 3518; x_wconf 83' lang='lat' dir='ltr'>quatuor</span> <span class='ocrx_word' id='word_1_258' title='bbox 881 3439 1051 3503; x_wconf 66' lang='lat' dir='ltr'>Caesam</span> 
     </span>
    </p>
   </div>
   <div class='ocr_carea' id='block_1_9' title="bbox 37 3521 1050 3600">
    <p class='ocr_par' dir='ltr' id='par_1_12' title="bbox 37 3521 1050 3600">
     <span class='ocr_line' id='line_1_39' title="bbox 37 3521 1050 3600; baseline 0.005 -20"><span class='ocrx_word' id='word_1_259' title='bbox 37 3562 41 3567; x_wconf 90' lang='lat'>-</span> <span class='ocrx_word' id='word_1_260' title='bbox 129 3521 297 3581; x_wconf 80' lang='lat' dir='ltr'>Maiestatis</span> <span class='ocrx_word' id='word_1_261' title='bbox 320 3521 529 3600; x_wconf 84' lang='lat' dir='ltr'>senatoribus,</span> <span class='ocrx_word' id='word_1_262' title='bbox 557 3521 697 3585; x_wconf 76' lang='lat' dir='ltr'>adductis</span> <span class='ocrx_word' id='word_1_263' title='bbox 711 3523 839 3583; x_wconf 78' lang='lat' dir='ltr'>&#39;notario</span> <span class='ocrx_word' id='word_1_264' title='bbox 862 3530 895 3584; x_wconf 87' lang='lat' dir='ltr'>at</span> <span class='ocrx_word' id='word_1_265' title='bbox 917 3523 1050 3597; x_wconf 80' lang='lat' dir='ltr'>testibus,</span> 
     </span>
    </p>
   </div>
   <div class='ocr_carea' id='block_1_10' title="bbox 129 3604 1049 3686">
    <p class='ocr_par' dir='ltr' id='par_1_13' title="bbox 129 3604 1049 3686">
     <span class='ocr_line' id='line_1_40' title="bbox 129 3604 1049 3686; baseline 0.005 -21"><span class='ocrx_word' id='word_1_266' title='bbox 129 3604 321 3685; x_wconf 79' lang='lat' dir='ltr'>protestabat</span> <span class='ocrx_word' id='word_1_267' title='bbox 342 3605 465 3685; x_wconf 88' lang='lat' dir='ltr'>proprie</span> <span class='ocrx_word' id='word_1_268' title='bbox 495 3611 526 3665; x_wconf 87' lang='lat' dir='ltr'>st</span> <span class='ocrx_word' id='word_1_269' title='bbox 554 3605 773 3686; x_wconf 81' lang='lat' dir='ltr'>personaliter,</span> <span class='ocrx_word' id='word_1_270' title='bbox 806 3605 916 3686; x_wconf 87' lang='lat' dir='ltr'>legans</span> <span class='ocrx_word' id='word_1_271' title='bbox 951 3624 1049 3670; x_wconf 77' lang='lat' dir='ltr'>eoram</span> 
     </span>
    </p>
   </div>
   <div class='ocr_carea' id='block_1_11' title="bbox 130 3714 526 3729">
    <p class='ocr_par' dir='ltr' id='par_1_14' title="bbox 130 3714 526 3729">
     <span class='ocr_line' id='line_1_41' title="bbox 130 3714 526 3729; baseline 0.003 0"><span class='ocrx_word' id='word_1_272' title='bbox 130 3714 526 3729; x_wconf 49' lang='lat' dir='ltr'>wm-</span> 
     </span>
    </p>
   </div>
   <div class='ocr_carea' id='block_1_12' title="bbox 201 3779 394 3854">
    <p class='ocr_par' dir='ltr' id='par_1_15' title="bbox 201 3779 394 3854">
     <span class='ocr_line' id='line_1_42' title="bbox 201 3779 394 3854; baseline -0.01 -16"><span class='ocrx_word' id='word_1_273' title='bbox 201 3780 233 3854; x_wconf 86' lang='lat'>1)</span> <span class='ocrx_word' id='word_1_274' title='bbox 255 3780 342 3838; x_wconf 68' lang='lat' dir='ltr'>ms:</span> <span class='ocrx_word' id='word_1_275' title='bbox 355 3779 394 3836; x_wconf 81' lang='grc' dir='ltr'>ιι.</span> 
     </span>
    </p>
   </div>
   <div class='ocr_carea' id='block_1_13' title="bbox 0 0 1182 4200">
    <p class='ocr_par' dir='ltr' id='par_1_16' title="bbox 0 0 1182 4200">
     <span class='ocr_line' id='line_1_43' title="bbox 0 0 1182 4200; baseline 0 2"><span class='ocrx_word' id='word_1_276' title='bbox 0 0 1182 4200; x_wconf 95' lang='lat' dir='ltr'> </span> 
     </span>
    </p>
   </div>
  </div>
 </body>
</html>
