2356 4200
182 277 228 363 ῥῦ
544 317 547 343 1
563 290 711 352 venerato·

185 472 313 528 strenue
335 467 408 527 feeit
439 475 528 549 pert
515 473 613 528 totam
634 467 888 547 disputationem,
916 484 976 527 neo
1002 472 1107 526 tamen

187 569 244 610 sna
264 548 414 634 firmavit,
438 570 497 612 neo
518 570 588 612 mea
610 551 800 629 confutavit
826 551 870 610 ita
895 551 957 610 ut
949 569 1017 630 rpse
1045 548 1108 609 dux

185 632 347 730 Georgius
359 597 440 694 inter
454 633 665 715 prandendum
678 633 717 694 ad
728 633 901 693 Eeoiumet
912 652 962 693 me
975 632 1105 693 diceret:
1138 695 1140 699 ,

186 715 319 778 Sine't
273 723 319 776 ιιι
338 719 404 777 iure
427 717 562 778 humano
595 719 661 779 sive
694 716 798 777 divino
826 735 924 796 popa,
957 718 1025 797 ipse
1058 721 1106 775 est

184 819 275 879 papa,
329 799 419 875 Quod
466 800 609 879 verbum,
654 801 713 860 nisi
764 800 951 881 argumentis
997 799 1106 861 fuisset

188 890 306 962 motus,
338 901 531 964 nequaquam
566 884 708 962 dixisset,
746 882 801 944 sed
832 883 959 943 Eooium
984 882 1106 943 solum

184 966 357 1046 probasset.

268 1049 370 1128 Atque
391 1049 442 1109 hio
462 1049 532 1110 vide
554 1049 604 1110 vel
626 1051 656 1108 in
680 1068 751 1110 meo
764 1068 853 1127 oesu,
873 1067 967 1129 quam
979 1045 1106 1108 diffioile

188 1134 227 1193 sit
248 1132 376 1192 eluctari
403 1140 435 1192 et
456 1152 614 1213 emergere
638 1153 677 1192 ex
700 1133 871 1212 erroribus,
895 1133 990 1193 totius
1020 1129 1102 1191 orbis

187 1216 332 1295 exemplo
354 1215 497 1296 firmatis,
530 1224 561 1276 et
590 1216 685 1296 longa
706 1215 931 1276 consuetudine
958 1214 1044 1276 velut
1074 1216 1105 1273 in

187 1302 329 1359 naturam
362 1301 495 1362 mutatis.
541 1297 640 1373 Quam
672 1319 779 1360 verum
811 1306 859 1360 est
892 1297 1105 1379 proverbium:

187 1381 321 1442 Ditfloile
354 1389 401 1443 est
424 1389 573 1442 consueta
607 1383 794 1462 relinquere,
829 1389 875 1459 et,
905 1379 1105 1443 Consuetudo

187 1472 235 1527 est
256 1465 354 1525 altera
375 1473 501 1541 natura,
531 1472 562 1526 et
584 1485 675 1544 quam
696 1485 769 1527 vere
803 1465 879 1528 dioit
900 1465 1105 1545 Augustinusr

187 1547 400 1628 Consuetudo,
422 1551 447 1609 si
459 1551 488 1608 ei
502 1568 565 1608 non
577 1550 736 1627 resistitur,
759 1549 984 1609 fitneoessitas.
1026 1547 1105 1628 Ego,

190 1632 324 1711 qui'iam
352 1639 425 1692 tuno
454 1651 557 1692 sannas
579 1632 683 1692 literas
707 1632 941 1712 diligentissime
962 1632 1105 1710 privatim

187 1721 219 1775 et
241 1714 364 1795 publioe
386 1716 521 1796 legeram
546 1723 577 1776 et
589 1714 754 1776 docueram
777 1735 833 1795 per
856 1721 975 1794 septem
996 1732 1106 1792 annos,

185 1799 229 1859 ita
251 1805 285 1858 ut
306 1799 484 1859 memoriter
494 1817 594 1878 paene
613 1800 718 1858 omnia
739 1805 891 1877 tenerem,
914 1797 1026 1858 deinde
1047 1797 1105 1877 pri-

185 1882 286 1941 mitias
311 1883 417 1962 eognit
404 1882 543 1942 ionis
512 1890 543 1942 e
564 1880 636 1941 fidei
644 1881 735 1941 Chris
738 1882 760 1942 ti
777 1882 954 1960 hauseram,
976 1881 1104 1957 seilicet,

184 1963 255 2025 Non
277 1964 437 2044 operibus,
449 1964 516 2025 sed
537 1963 598 2024 fide
614 1964 727 2025 Christi
748 1984 805 2025 nos
826 1965 924 2026 iustos
946 1969 978 2024 et
999 1963 1103 2024 salvos

184 2045 264 2127 fieri,
298 2047 430 2130 denique
451 2047 500 2127 id,
524 2046 563 2108 de
585 2066 658 2126 quo
665 2048 792 2144 loquor,
814 2068 966 2132 papam
950 2066 1013 2109 non
1036 2065 1105 2107 esse

184 2131 250 2191 iura
270 2130 374 2193 divino
391 2138 483 2210 eaput
470 2131 692 2211 teselesiae,
683 2151 746 2191 ram
758 2112 966 2192 defendebam
973 2131 1105 2210 publice,

183 2219 287 2274 tamen
318 2213 350 2274 id
376 2212 459 2293 quod
483 2232 676 2293 oonsequens
698 2221 765 2276 erat
786 2235 849 2276 non
877 2213 955 2293 vidi,
988 2214 1106 2274 seilicet

185 2317 298 2377 papam
321 2298 496 2358 necessario
520 2317 590 2358 esse
612 2318 652 2359 ex
671 2297 806 2360 diaholo.
849 2296 940 2372 Quod
960 2298 1043 2358 enim
1065 2315 1104 2359 ex

186 2380 254 2441 Deo
278 2385 427 2458 nonest,
450 2399 579 2441 neeesse
602 2389 710 2442 estex
732 2380 857 2443 diabolo
880 2400 960 2442 esse.

193 2482 196 2487 ·
226 2463 321 2525 sio
342 2462 507 2543 absorptus
531 2483 614 2524 eram
640 2467 692 2543 (ut
712 2464 832 2542 dixi)t
833 2484 882 2524 um
907 2463 1051 2543 exemplo
1073 2469 1105 2523 et

185 2506 274 2610 titulo
297 2553 423 2608 sanotae
446 2547 611 2627 eeclesiae,
639 2556 704 2608 tum
726 2547 948 2608 consuetudine
969 2547 1104 2627 propria,

185 2637 219 2692 ut
239 2650 341 2711 papae
363 2630 598 2692 oonoederem
590 2652 636 2692 rus
659 2631 841 2710 humanum,
873 2629 957 2709 quod
989 2637 1103 2720 tamen,

186 2715 212 2775 si
233 2733 298 2775 non
330 2715 370 2774 sit
390 2714 498 2775 fultum
520 2716 686 2776 autoritate
655 2714 830 2792 tdivina,
856 2696 1051 2773 mendaciu'm
1074 2720 1105 2773 et

186 2796 443 2859 diabolinumt
395 2804 453 2860 est.
495 2798 574 2859 Nam
611 2798 788 2894 parentihus
819 2804 850 2858 et
875 2795 1103 2877 magistratibus

184 2887 343 2961 paremus,
374 2900 438 2942 non
474 2884 546 2960 quia
565 2882 624 2960 ipsi
645 2881 853 2961 praecipiunt,
889 2880 943 2940 sed
966 2881 1038 2959 quia
1058 2880 1104 2938 sio

186 2969 235 3025 est
255 2963 398 3024 voluntas
410 2965 483 3044 Dei,
507 2968 534 3029 1.
557 2964 637 3024 Petr.
662 2966 690 3028 2.
713 2964 792 3026 Hine
813 2970 874 3040 est,
899 2962 981 3043 quod
1004 2963 1103 3022 minus

185 3047 290 3128 iniquo
312 3048 416 3108 animo
446 3049 526 3108 ferre
546 3066 674 3128 possum
694 3065 763 3126 eos,
791 3049 842 3127 qui
863 3047 1050 3127 pertinatius
1072 3047 1104 3104 in

184 3137 299 3210 papatu
312 3130 454 3211 haerent,
476 3131 657 3210 praesertim
679 3132 731 3210 qui
748 3150 837 3192 saara
855 3130 1011 3190 ueletiam
1034 3147 1102 3209 pro·

185 3212 258 3275 fane
279 3233 342 3274 non
365 3213 522 3294 legerunt,
545 3233 614 3274 eum
636 3232 696 3295 ego
720 3221 766 3275 tot
787 3215 875 3274 annis
888 3231 975 3273 saera
997 3213 1103 3293 legens

185 3296 418 3378 diligentissime
440 3302 544 3358 tamen
566 3299 610 3358 ita
632 3297 718 3357 haesi
740 3299 899 3358 tenaciter.

260 3381 359 3440 -Anno
380 3379 520 3444 MDXIX.
544 3382 626 3441 misit
648 3380 765 3442 Rosam
787 3381 851 3441 Leo
873 3380 910 3440 X.
935 3377 988 3462 (ut
1020 3375 1101 3459 dixi)

183 3483 239 3545 per
260 3462 404 3524 Cerolum
427 3463 494 3524 Milt
482 3465 596 3541 titium,
618 3465 670 3543 qui
695 3463 798 3524 multis
827 3464 891 3544 egit
913 3480 1047 3539 meeum,
1070 3468 1103 3522 ιιι

184 3567 285 3628 papae
304 3547 534 3611 reeouoiharer
579 3547 608 3608 Is
625 3547 732 3607 habuit
743 3551 783 3613 70
797 3547 909 3608 Brevia
922 3545 1104 3625 apostoliea,

184 3638 232 3710 ut,
272 3631 297 3691 si
319 3630 468 3710 Prinoeps
490 3629 663 3691 Friderious
692 3630 737 3689 ilii
760 3650 808 3690 me
830 3629 981 3705 traderet,
1014 3629 1104 3690 sieuti

183 3732 266 3794 papa
286 3733 342 3794 per
353 3712 470 3775 Rosam
488 3712 667 3810 quaerebat,
689 3732 745 3792 per
760 3714 883 3794 singula
903 3674 1019 3793 oppida
1039 3709 1104 3771 afli·

182 3803 273 3876 geret
292 3816 402 3878 unum,
437 3802 470 3858 et
499 3797 544 3858 ita
571 3803 652 3857 tutus
674 3815 727 3858 me
758 3794 990 3878 parduoeretR
991 3813 1105 3856 omem
