2356 4200
139 262 203 330 tto
463 267 612 321 Sermones
631 264 742 320 Lttlreri

138 440 260 514 nquam,
282 453 338 515 per
359 434 465 513 lutum,
487 450 542 514 per
562 435 700 514 imbrem,
721 452 779 515 per
798 434 911 512 nivem,
932 438 1059 494 rentum

138 523 196 581 ete.
239 516 331 578 Tales
354 524 425 577 sunt
445 517 586 579 hnurines
607 518 674 597 Dei,
697 519 749 597 qui
771 517 878 599 spiritu
887 516 947 577 Dei
964 532 1059 597 egun-

136 605 194 680 tur,
207 601 278 679 qui,
300 599 354 662 ubi
364 600 526 661 didicerint
540 601 700 662 exterioris
719 601 853 671 henrinis
866 598 1057 679 diseiplinss,

137 701 201 744 nnn
221 701 275 744 eas
296 684 424 744 multum
446 690 567 762 eurnnt,
597 685 656 744 nisi
686 690 721 744 ut
752 681 953 764 praeludium.
984 680 1058 744 sed

136 772 247 845 postes
281 765 414 828 offerunt
446 784 494 827 se*
512 774 638 847 puratos
666 766 706 827 ed
734 782 936 846 quaeeunque
962 772 1058 846 operui

105 875 107 880 ·
136 856 305 927 venentur,
333 849 384 911 ubi
406 868 463 930 per
483 850 608 910 multes.
615 851 798 931 passiones,
827 848 1056 909 humiliationes

136 930 287 992 ducuntur
308 952 327 992 e
348 932 434 1010 Deo,
463 934 721 1012 nescientesque
750 928 953 1013 durantum,
975 946 1058 991 enm·

136 1016 259 1076 mittunt
280 1035 314 1076 se
335 1016 402 1076 Deo
426 1015 503 1093 soli,
524 1016 600 1076 nulli
624 1017 711 1095 operi
732 1013 931 1096 postmodum
951 1014 1056 1075 inhae-

134 1105 248 1175 rentes,
270 1103 301 1158 et
322 1114 427 1162 eorum
451 1115 547 1178 opere
566 1116 629 1159 non
651 1099 767 1160 hebent
788 1114 903 1158 nomen
924 1098 955 1156 in
975 1098 1055 1177 prin·

138 1181 220 1263 cipio
243 1180 350 1241 sedin
373 1180 443 1259 flue,
466 1183 602 1259 quinon
624 1188 728 1262 egunt,
741 1179 796 1240 sed
808 1186 949 1260 aguntur.
985 1178 1055 1240 Non

135 1265 217 1325 enim
239 1282 294 1323 sue
314 1263 482 1344 prudentie
504 1270 599 1345 egunt
623 1269 678 1324 eut
707 1269 904 1344 proponunt,
936 1264 1000 1323 imo
1036 1280 1056 1321 s

134 1348 295 1427 proposito
329 1366 423 1427 seepe
457 1353 643 1408 revocantur
672 1354 703 1407 et
727 1347 844 1407 faciunt
871 1344 933 1407 elie
962 1362 1055 1425 quem

134 1437 371 1510 proposuerunt,
394 1437 425 1490 et
445 1431 477 1490 in
498 1429 559 1491 hoe
576 1436 649 1490 sunt
667 1430 803 1490 contenti
816 1428 936 1488 eeDeo
950 1427 1055 1507 quieti

133 1511 185 1574 nbi
206 1513 251 1573 illi
273 1514 431 1573 sensuales
452 1513 605 1573 iustitisrii
637 1511 853 1592 desperarent,
887 1511 960 1589 quis
992 1528 1055 1571 non

133 1595 235 1656 seiunt
261 1595 333 1674 qnid
360 1596 496 1657 fecerint.
547 1595 665 1656 Volunt
692 1595 774 1655 eninr
805 1610 879 1654 ese
900 1611 978 1674 opus
1000 1611 1054 1654 no-

133 1679 242 1739 minari
264 1685 296 1738 et
322 1678 443 1740 definiri
471 1685 635 1758 antequem
658 1678 792 1757 iaciant,
826 1677 920 1757 igitur
940 1695 1055 1738 nomen

84 1771 87 1776 ·
134 1762 237 1842 operis
247 1764 395 1904 dsequitur
417 1767 562 1843 operator
582 1762 614 1820 in
636 1760 696 1821 hou
717 1767 809 1839 stetu,
830 1761 861 1819 in
879 1758 1054 1820 illo-eutem

133 1863 246 1924 praese
267 1846 299 1908 it.

115 2153 279 2277 *sermo
308 2152 355 2248 in
383 2122 560 2248 rurale
591 2153 630 2247 S.
658 2148 784 2244 Petri
797 2152 861 2229 **)·
875 2176 912 2245 e.
943 2132 1054 2293 1516.

214 2352 480 2432 Quaecunque
509 2352 741 2433 ligaveritis
769 2358 1053 2432 superterram

131 2444 188 2501 ete.
231 2435 298 2496 Nisi
320 2436 457 2498 Christus
472 2454 594 2496 omnem
605 2441 792 2515 potestatem
806 2452 892 2496 suem
915 2433 1054 2495 dedisset

131 2520 259 2597 homini,
282 2519 370 2579 nulle
390 2520 499 2579 fuisset
520 2517 651 2579 eeclesia
671 2517 823 2600 perfecte,
854 2519 926 2597 quie
951 2516 1053 2577 nullus

130 2603 225 2682 ordo,
248 2621 317 2662 eum
352 2601 481 2682 quilibet
508 2601 603 2662 vellet
633 2599 735 2661 dicere
777 2619 811 2661 se
834 2619 873 2660 ex
894 2601 1005 2681 spiritu
1026 2618 1051 2662 s.

128 2692 254 2749 tuntum.
298 2683 350 2746 Sis
371 2684 511 2745 lecerunt
531 2683 687 2761 haeretiei,
709 2701 747 2743 ee
767 2685 811 2744 sie
834 2684 963 2762 quilibet
980 2690 1051 2763 pre'-

127 2771 227 2849 prium
255 2769 438 2849 principium
466 2768 615 2848 erigeret,
647 2774 812 2846 essentque
833 2773 880 2828 tot
898 2766 1051 2827 eeclesiae

129 2857 205 2932 quot
226 2853 336 2932 eapite.
374 2853 480 2930 ltaque
500 2849 616 2910 nullam
630 2855 817 2930 potestatem
828 2849 893 2911 vult
905 2866 1050 2910 exeruere

128 2934 187 2994 nisi
207 2933 440 3017 per‘hominem
464 2938 496 2994 et
516 2932 633 2993 homini
656 2932 817 3013 traditam,
833 2938 867 2992 ut
888 2948 996 2993 omnes
1017 2932 1049 2991 lu

127 3036 221 3077 unnrn
244 3022 458 3099 eengregeret.
501 3014 590 3075 Hane
617 3022 721 3076 eutem
751 3021 939 3096 potestatem
968 3012 1048 3077 adeo

129 3100 338 3180 confirmavit,
370 3106 405 3159 ut
432 3103 540 3160 eontra
566 3116 637 3160 eem
666 3099 827 3159 suscitaret
849 3114 973 3159 omnem
995 3114 1049 3179 pn

127 3189 269 3245 testatem
290 3181 396 3243 mundi
419 3187 451 3242 et
469 3181 589 3260 inferni,
611 3182 691 3242 sieut
712 3181 795 3260 dicit,
818 3180 1048 3262 porteeinlernl

126 3286 190 3328 non
213 3265 435 3349 praevalebunt
455 3264 601 3325 adversus
619 3281 697 3344 eam,
720 3265 807 3344 quusi
828 3262 953 3342 diesi-et,
973 3281 1048 3343 pug-

125 3350 244 3414 nabunt
263 3356 295 3411 et
315 3347 546 3427 excitabuntur,
582 3346 637 3408 sed
664 3366 727 3410 non
750 3346 987 3428 praevalebunt,
1014 3353 1049 3407 ut

182 3563 211 3628 *)
230 3561 315 3623 llaec¹
330 3565 357 3613 et
382 3562 527 3629 sequentis
550 3559 713 3627 vaticinatus
740 3557 821 3632 qussi
845 3559 888 3611 est
911 3553 1045 3608 lutherus

125 3631 160 3689 de
179 3648 282 3703 magno
302 3633 507 3686 reformationis
527 3645 628 3699 opere,
659 3626 733 3698 quod
759 3643 812 3683 uec
837 3641 938 3681 nomen
964 3627 1044 3680 initio

122 3704 229 3775 hebuit,
247 3721 298 3758 nec
318 3702 460 3757 definitum
479 3707 561 3755 antee
580 3707 630 3755 est.

178 3778 226 3844 ”)
240 3775 381 3830 toescher
397 3772 428 3845 1,·
443 3772 503 3832 280.
535 3771 642 3829 wuon.
660 3769 728 3842 xu,
745 3769 817 3828 2220
834 3784 877 3839 sq.
