2356 4200
143 274 209 346 iil·
470 280 749 341 samasiensium

122 401 140 431 ·
183 428 187 439 Ι
504 424 508 441 ι
832 438 835 443 ,
890 430 904 438 ..

142 450 220 594 {uia
245 451 350 512 omnia
378 452 450 513 sunt
476 444 581 515 Patris¹
601 452 697 517 solius
725 440 946 537 et‘soli'llilio
974 451 1071 537 ,data⁴

171 535 249 594 t'ita
269 552 327 595 nos
358 532 499 600 evacuati
534 537 618 598 omni
649 538 828 618 cognitione
856 534 999 619 prorsus,
1027 553 1069 617 atr¹

142 630 198 698 per
218 613 279 677 h'oo
300 616 361 678 iam
382 618 502 700 parvuli
523 627 556 706 et
577 621 658 764 apti,
686 620 795 703 quibus
823 618 941 703 revelet
972 618 1065 701 Pater

144 700 210 778 auti,
234 698 343 779 quibus
364 701 485 768 revelet,
503 709 536 764 et
555 701 591 763 Fi
603 702 651 764 ius
673 721 744 781 sua,
765 704 785 767 i.
808 701 964 769 eoadem
985 708 1069 785 uter-¹

144 786 205 873 que
226 782 360 867 revelat,
382 791 414 845 et
433 783 515 847 idem
537 785 674 862 revelat,
703 806 765 848 uua
786 779 961 869 revelatio,
985 803 1065 849 unus

141 860 305 939 revelator.
348 865 510 929 Glon'fioat
530 868 621 930 Pater'
640 866 765 950 Filium,
793 875 825 930 et
845 859 999 951 glorificat
1018 860 1065 928 Fi-

141 946 201 1009 lius
227 948 371 1028 Patrem,
406 957 440 1011 ut
469 951 501 1011 in
533 949 677 1033 Jaluanne
700 951 819 1014 dieitur.
861 950 954 1013 Disoe
977 969 1011 1011 er
1033 968 1065 1033 o,

143 1031 193 1093 nbi
216 1033 255 1092 sit
276 1032 442 1113 sapientia,
464 1033 516 1094 ubi
537 1035 651 1113 virtus,
672 1034 724 1097 ubi
745 1024 958 1117 inmlhgenfia.
983 969 1063 1111 ,fia-

142 1113 217 1176 ruoh
238 1115 281 1175 ait
302 1134 368 1197 oap.
392 1119 426 1180 3:
468 1115 597 1214 Utrique
613 1117 700 1179 Deus
721 1117 828 1180 noster
849 1115 1067 1201 uolnerarent

143 1216 227 1259 eam:
250 1216 284 1258 er
306 1217 324 1261 o
346 1217 410 1259 non
432 1218 472 1260 ex
493 1197 593 1279 nobrs,
614 1219 673 1261 neo
693 1201 724 1262 in
747 1200 847 1283 nobis,
868 1199 923 1261 sed
944 1194 976 1260 iu
995 1198 1072 1283 Deoj

143 1217 333 1362 quaerenia:
365 1281 416 1342 hio
438 1278 652 1349 eam'tradidit
670 1278 784 1365 ¹Jaoob
815 1298 911 1366 puero
927 1362 930 1367 ‚
948 1294 1006 1345 suo·
1033 1289 1066 1343 ει

141 1362 236 1426 Israel
258 1362 358 1447 eleeto
381 1383 449 1427 suo.
479 1363 604 1428 atlon.
627 1362 685 1433 123
708 1385 777 1429 oum
799 1365 952 1427 exaltatus
966 1364 1066 1449 suero,

143 1445 247 1509 omnia
277 1447 396 1509 traham
426 1446 466 1509 ad
496 1467 546 1509 me
570 1449 681 1529 ipsum.
728 1446 813 1533 Ergo
842 1448 919 1509 nihii
940 1446 1064 1528 reliquit

143 1528 252 1591 nobis?
274 1522 320 1591 lta
342 1548 427 1591 sane.
469 1528 529 1593 Ubi
543 1549 626 1614 ‚ergo
648 1531 825 1612 sapientes?
1071 1596 1074 1601 ⁴

225 1610 314 1691 Soita¹
340 1613 460 1693 itaque,
490 1614 574 1694 quod
603 1614 735 1692 iustitia,
766 1615 876 1694 virtus,
902 1611 1065 1695 ,sapientia

142 1698 256 1756 nostra¹
270 1695 314 1755 sit'
324 1696 392 1776 ipse
404 1694 552 1776 Christus,
573 1717 593 1758 a
603 1697 670 1759 Deo
683 1694 773 1759 nobis
788 1697 896 1777 faetus,
917 1697 949 1757 in
970 1714 1063 1777 quem

140 1778 245 1859 posuit
254 1776 338 1839 Deus
356 1778 447 1840 Pater
460 1798 584 1843 omnem
606 1781 799 1862 sapientiam,
821 1781 958 1858 virtutes,
978 1772 1072 1840 iusti-'

31 1875 34 1879 ’
140 1863 215 1922 tiam
239 1878 342 1940 suam,
370 1869 404 1922 ut
423 1869 530 1924 nostra
551 1861 650 1924 fleret:
679 1863 740 1924 hoo
760 1868 809 1934 est
829 1880 923 1926 nosse
944 1850 1074 1939 Filium,⁸

141 1942 262 2005 Deinde
283 1945 370 2024 suite,
392 1944 474 2025 quod
488 1944 581 2007 Pater
600 1944 842 2010 misericordiam
863 1940 952 2023 suam
971 1932 1063 2007 nobis

143 2031 264 2111 reputet
286 2026 432 2089 iustitiam
453 2027 522 2089 Filii
545 2029 608 2107 sui,
636 2029 656 2090 i.
686 2046 716 2093 ε.’
744 2024 831 2090 snam
852 2027 962 2111 ipsius,
992 2022 1065 2107 quia

144 2110 251 2171 eadem
275 2117 322 2191 εει
343 2111 457 2172 iustitia
476 2110 573 2172 Patris
595 2118 627 2173 et
647 2110 725 2191 Filii,
748 2111 857 2174 eadem
870 2111 944 2193 vita,
967 2110 1063 2172 virtus

79 2240 82 2245 .
143 2192 232 2255 nobis
255 2191 385 2272 donata,
412 2193 472 2255 hoe
494 2201 541 2256 εει
560 2213 654 2257 nosse
675 2194 804 2278 Patrem·
818 2193 939 2257 Christi.
975 2191 1075 2276 Haeo¹

143 2282 247 2337 autem
268 2275 457 2357 sapientibus
479 2277 522 2339 ita
534 2285 605 2339 sunt
625 2275 816 2357 abscondita,
838 2284 880 2357 ut,
899 2295 967 2338 oum
984 2275 1072 2356 haea-

143 2358 308 2438 audierint,
336 2356 438 2419 statim
475 2361 627 2441 garriant:
686 2359 757 2423 Non
785 2380 949 2443 operemur
969 2358 1063 2440 bona,

143 2440 290 2503 iaciamus
311 2440 410 2520 mala,
424 2449 458 2504 ut
478 2442 605 2504 veniant
625 2443 723 2506 bona:
746 2438 771 2504 si
785 2438 933 2505 'extranea
946 2441 1075 2525 iustitia·

143 2530 175 2585 et
196 2523 253 2587 Dei
276 2522 344 2585 sola
365 2524 576 2588 misericordia
594 2518 666 2587 ius'ti
688 2546 813 2609 sumus,
833 2526 927 2590 otiosi
950 2525 1062 2605 simus,

143 2605 293 2688 siquidem
316 2613 421 2669 nostra
442 2604 632 2690 opera'nihil
651 2615 732 2688 sunt,
754 2627 813 2671 nee
835 2606 992 2693 sapientia
1008 2606 1066 2668 ali.

143 2689 217 2771 qnid
239 2697 294 2756 est.
338 2688 398 2770 Sia,
421 2692 465 2752 sio
486 2692 664 2779 loquuntur,
687 2692 739 2835 (pul
761 2685 918 2774 sapientes
937 2697 969 2752 ot
988 2690 1063 2753 iusti

128 2780 214 2835 *sunt
234 2774 334 2853 nimis,
358 2775 409 2855 qui
431 2775 457 2834 si
478 2776 576 2856 primo
598 2776 717 2856 parvul
740 2782 860 2854 essent,
888 2781 922 2835 ut
940 2773 1063 2834 Patrem

143 2862 175 2918 et
204 2856 313 2921 Filium
340 2857 481 2939 aooipere
513 2856 704 2921 revelantem
734 2859 895 2943 seipsum
923 2864 1063 2941 possent,

142 2939 223 3000 hano
242 2941 454 3020 quaestionem
475 2939 565 3002 iaoile
579 2938 748 3004 solverent.
783 2940 976 3020 Quamquam
997 2958 1062 3001 non

142 3023 213 3084 sint'
225 3024 325 3103 otiosi,
348 3023 378 3083 in
403 3021 513 3102 quibus
524 3024 678 3105 sapientia
689 3022 826 3087 Christus
848 3022 985 3085 revelata
1004 3030 1063 3101 ast,

142 3112 175 3167 et
195 3107 246 3187 qui
268 3124 330 3167 non
353 3105 413 3166 iam
435 3106 502 3187 ipse
524 3105 579 3166 sed
601 3104 739 3185 Christus
760 3107 793 3168 ia
814 3125 852 3169 eo
864 3106 955 3167 'vivit
990 3098 1061 3187 Nou

142 3197 190 3250 est
210 3187 418 3268 metuendum,
440 3208 480 3248 ne
498 3187 636 3251 Christus
654 3191 700 3250 'sit
721 3186 849 3270 otiosus,
869 3184 932 3251 imo
955 3194 1061 3272 aptun-

142 3273 281 3333 sissimns
304 3277 367 3349 est,
396 3277 428 3332 et
453 3271 486 3333 id
515 3273 614 3353 ipsum
642 3290 712 3332 oum
742 3272 827 3334 omni
856 3273 1063 3355 suavitataet

141 3354 305 3433 iaoilitate,
329 3354 381 3415 ubi
404 3354 448 3415 illi
470 3374 526 3417 sua
548 3355 699 3436 sapientia
720 3363 752 3416 et
772 3350 889 3435 iustitia
907 3354 1061 3432 latorem,

141 3439 269 3518 sudant,
303 3445 470 3500 onerantur
492 3439 568 3498 mira
594 3439 746 3519 mysteria,
764 3444 796 3499 et
816 3438 936 3500 frustra.
979 3437 1059 3499 Nam

140 3522 203 3582 anis
225 3519 362 3582 consiliis
384 3528 416 3583 et
437 3520 544 3583 studiis
567 3526 598 3582 et
624 3520 682 3582 viis
704 3519 841 3583 nituntur
863 3519 903 3582 ad
925 3521 1061 3600 quietem

140 3603 350 3666 eonscientiae
370 3605 542 3684 pervenire,
555 3611 596 3679 ει
616 3622 680 3664 non
701 3608 939 3685 anteponam,
967 3621 1060 3684 quam

140 3688 314 3771 intelligant
354 3707 410 3749 sua
445 3684 591 3777 poenata'
609 3682 819 3749 satisfactione
851 3705 1001 3768 purgasse
1029 3693 1062 3747 at
