2356 4200
336 277 364 332 r.
384 277 452 335 snt.
470 281 553 345 rau.
576 278 613 345 ,nr
633 279 667 343 o.
688 280 723 335 n.
741 281 820 347 luth-
989 266 1051 361 103

129 446 354 529 (inaestuas,
385 455 415 510 et
438 450 482 511 sic
503 450 533 510 in
562 450 711 527 inlinitum
742 451 886 532 quamdiu
916 459 1053 550 paulam

128 549 183 615 pro
205 531 333 613 singulis
354 531 545 594 rationabilis
574 552 669 595 causa
700 533 867 614 educendi,
899 542 993 626 ppla,
1024 555 1052 623 l*

129 613 266 696 singulae
286 614 436 676 haberent
465 635 536 694 eos,
573 619 623 697 qui
654 616 711 690 sibi
744 617 782 678 ad
813 617 937 699 plenum
965 620 1052 705 impp

128 697 304 758 mandatum
327 697 431 779 Papae
454 698 702 780 suffragarentur.
1020 766 1023 771 Δ

210 780 330 842 Tertius
353 800 452 858 error,
474 780 647 862 laboriosa,
680 783 793 864 inquit,
818 785 849 845 el
869 781 983 861 inutilis
1005 790 1053 844 est

129 882 179 925 ars
200 862 380 944 confitendi,
403 866 465 929 imo
494 863 676 944 desperandi
698 873 730 927 st
751 865 898 948 perdendi
920 866 1039 948 animps

129 964 191 1024 qua
220 945 379 1026 hucusque
408 946 490 1007 docti
522 967 626 1009 sumus
660 961 784 1010 arenam
813 968 993 1039 numerare,
1016 938 1032 1029 ¹i

129 1035 185 1106 est,
207 1029 327 1108 singula
347 1038 478 1110 peccata
500 1029 666 1108 discutere,
696 1031 840 1113 colligere
863 1040 894 1095 at
916 1050 955 1103 ue
975 1048 1052 1110 polt-

130 1111 236 1173 derare
257 1111 296 1174 ad
318 1111 490 1173 faciendam
515 1114 739 1175 contritionem.
784 1113 870 1175 Haec
891 1049 952 1191 ille.

209 1193 343 1270 ‚Quartus
376 1214 475 1273 error,
508 1195 698 1277 indulgentia
732 1195 804 1259 dala
839 1215 896 1277 per
926 1194 1052 1275 modum

128 1276 264 1356 suffragii
300 1278 362 1337 non
392 1277 464 1359 plus⁴
492 1277 572 1340 valet
603 1298 695 1359 quam
731 1270 907 1360 suffragium
941 1278 1051 1355 solnm.

214 1357 341 1435 Quintus
364 1379 465 1437 error,
494 1380 559 1441 me,
581 1361 694 1442 inquit,
727 1361 800 1421 nihil
822 1368 941 1439 movet,
979 1348 1053 1445 quid

129 1442 252 1524 placeat
276 1442 325 1503 vel
356 1441 518 1523 displiceat
548 1463 669 1505 summo
691 1443 848 1523 Pontifici,
882 1444 976 1506 homo
1005 1449 1053 1504 est

129 1526 209 1589 siout
237 1530 267 1586 et
299 1526 400 1585 aeteri.
460 1524 545 1587 Multi
576 1525 697 1588 fuerunt
733 1526 843 1587 summi
875 1520 1052 1605 Pontifices,

123 1606 240 1689 ouibus
271 1626 332 1669 non
370 1604 470 1670 solum
498 1626 616 1670 errores
645 1617 676 1670 et
709 1610 799 1691 vilia,
831 1610 1050 1696 verumetiam
1089 1651 1092 1653 -

127 1695 272 1774 portenta
293 1689 480 1770 placuerunt,
526 1691 595 1774 Ego
618 1691 710 1754 audio
732 1692 848 1775 Papam
872 1699 904 1753 ul
926 1692 1053 1783 Papam,

127 1773 160 1835 id
181 1781 244 1851 est,
267 1778 300 1833 ut
318 1774 348 1834 in
372 1773 541 1835 canonibus
563 1775 716 1855 loquitur,
752 1781 805 1836 aut
825 1794 893 1837 curn
918 1774 1051 1836 concilio

128 1856 325 1928 determinat,
357 1874 418 1918 non
456 1863 558 1918 autem
605 1857 728 1938 quando
763 1856 932 1931 secuudum
963 1875 1050 1935 suurn

124 1946 220 2022 caput
240 1939 380 2019 loquitur.
421 1939 508 2000 Haec
528 1940 595 2023 ille,
626 1941 677 2023 qui
706 1946 736 2001 et
763 1940 851 2023 pouit
874 1938 1050 2021 exemplum

127 2021 166 2083 de
184 2020 330 2094 caedibus
351 2021 489 2095 Julianis.

209 2103 338 2179 Sextus,
371 2103 466 2167 solius
486 2105 609 2189 Papae,
637 2105 752 2188 inquit,
784 2123 847 2166 uun
879 2109 925 2165 ssl
942 2120 1047 2179 ¹nevos

122 2187 272 2263 articulos
294 2185 366 2247 fidei
386 2194 529 2265 statuere,
553 2186 608 2250 sad
630 2187 799 2249 seeundum
822 2192 962 2271 statutos
976 2184 1054 2262 iudi·

127 2289 200 2333 care
232 2276 262 2330 et
295 2269 462 2331 discindere
494 2271 565 2333 fidei
595 2270 799 2350 quaestiones.
852 2266 910 2347 Hic
945 2274 1047 2339 autem

128 2353 186 2419 erit
207 2352 352 2413 articulus
376 2371 482 2431 novus,
504 2353 622 2415 scilieet
644 2353 683 2414 de
700 2353 806 2429 veniis,
827 2350 899 2413 ideo
922 2343 962 2413 ad
984 2351 1053 2431 upi-

127 2433 248 2497 nersale
270 2434 432 2496 concilium
448 2436 611 2517 pertinebit
629 2436 693 2499 eius
709 2433 933 2508 determinatio,
955 2432 1052 2494 multo

129 2519 228 2598 magis
251 2537 342 2596 quam
366 2517 533 2601 conceptio
556 2519 590 2580 Β.
612 2519 757 2601 Virginis,
778 2514 959 2598 praesertim
982 2533 1063 2589 cum·

129 2601 182 2662 hic
202 2599 334 2678 nullum,
362 2601 425 2660 illic
447 2603 572 2673 mullum
601 2611 632 2662 et
654 2621 799 2683 magnum
822 2601 861 2661 sit
883 2597 1053 2680 perieulum

129 2685 316 2761 animarum,
338 2683 467 2763 alioqui,
488 2705 556 2745 curn
579 2685 665 2767 Papa
686 2686 724 2745 sit
760 2701 855 2761 unus,
880 2683 930 2762 qui
954 2699 1055 2758 errare

129 2773 234 2847 potest
254 2767 285 2826 in
307 2764 368 2826 fide
390 2773 420 2825 et
434 2768 576 2847 muribus,
601 2768 737 2849 periculo
756 2765 881 2837 assiduo
899 2763 1055 2827 laboraret

126 2850 223 2917 totius
246 2848 395 2909 ecelesiae
417 2847 510 2926 fides,
539 2853 565 2910 si
587 2849 732 2931 quicquid
755 2849 813 2911 sibi
836 2848 934 2909 visum
955 2846 1055 2923 fuerit,

130 2951 259 2992 necesse
281 2932 321 2990 sit
343 2949 447 2990 verum
471 2933 560 2995 credi.
605 2933 690 2993 Haec
711 2932 772 2995 ille.

214 3014 384 3095 Septimus,
413 3013 439 3072 si
461 3013 560 3095 Papa,
592 3017 707 3096 inquit,
738 3034 808 3076 curn
832 3031 947 3095 progna
967 3015 1055 3091 parte

132 3097 283 3158 ecclesiae
305 3097 349 3157 sic
371 3096 419 3156 vel
448 3097 494 3157 sin
516 3099 654 3175 sentiret,
687 3096 789 3175 nec¹J
814 3097 906 3158 eliam
930 3102 1056 3168 erraret,

133 3180 234 3241 adhuc
256 3199 316 3240 non
349 3185 397 3259 est
417 3187 579 3261 peecatum
611 3187 663 3242 aut
691 3180 844 3256 haeresis,
875 3176 1055 3259 praesertim

132 3264 161 3325 in
185 3283 218 3330 re
240 3282 302 3323 non
326 3263 501 3323 necessaria
533 3262 571 3323 ad
595 3262 740 3341 salutem,
771 3262 876 3329 donec
891 3259 979 3320 fuerit
1001 3276 1057 3339 per

133 3346 297 3407 concilium
322 3344 498 3406 universale
521 3345 646 3408 alterum
669 3342 890 3431 approbatum,
928 3340 1056 3405 alterum
1100 3420 1104 3428 Ι

132 3427 342 3510 reprobatum,
365 3427 459 3508 quod,
481 3448 520 3489 ne
541 3427 640 3491 mullis
664 3428 766 3512 agam,
788 3427 841 3489 illo
865 3443 926 3489 uno
948 3421 1058 3505 proba·

135 3519 201 3589 tur,
234 3513 316 3592 quod
349 3511 482 3599 ecclesia
511 3531 640 3573 romana
670 3515 762 3575 etiam
795 3529 864 3571 cum
894 3505 1057 3568 universali

210 3771 239 3838 1)
258 3771 288 3824 In
310 3769 352 3824 ed.
370 3770 446 3824 len:
461 3775 500 3836 et.
537 3761 540 3765 ’
