2356 4200
468 304 494 344 a.
516 287 586 346 tuto
602 289 698 345 habiti·
765 288 772 301 ⁸
986 284 1046 354 121

142 461 270 523 lrrisores
291 461 399 543 populi
420 461 542 524 luerunt
561 462 628 542 isti,
657 462 736 522 sicut
758 466 790 521 et
811 460 905 539 modo
933 460 1049 522 faciunt

141 545 250 625 plurimi
273 545 472 626 simplicibus.

209 627 433 708 Apostolorum
454 629 519 689 vita
539 629 596 690 fuit
616 629 787 691 communis
810 635 841 688 et
862 629 955 708 plena
975 648 1048 709 pau·

138 717 264 792 portate,
297 731 455 792 pressura,
486 713 585 791 fame,
621 731 711 774 cruce
732 718 763 772 et
784 712 910 791 ceteris,
942 718 974 772 et
996 713 1048 791 qui

137 796 218 855 ulitar
248 797 348 875 sapit,
383 802 492 857 contra
519 796 714 877 evangelium
750 797 845 876 sapit,
879 815 950 856 nam
976 794 1049 856 inde

136 877 205 939 fides
225 879 332 955 crevit,
354 879 437 958 quod
460 886 523 940 tam
544 878 655 941 abiecti
678 886 708 940 et
730 879 888 940 novissimi
902 880 1048 959 omnium,

135 969 162 1021 ut
181 961 344 1041 apostolus
366 964 419 1039 ait,
440 969 527 1024 tanta
544 963 692 1025 miracula
712 963 859 1041 fecerunt,
881 968 968 1023 tanta
984 982 1048 1044 my-

134 1047 222 1106 steria
242 1045 432 1124 docuerunt,
462 1047 494 1106 in
522 1065 556 1106 se
584 1045 658 1126 ipsis
688 1053 720 1106 et
745 1066 801 1128 pro
822 1065 856 1106 se
877 1047 952 1127 ipsis
973 1046 1048 1106 nihil

133 1128 277 1208 molino,
298 1128 374 1190 nihil
397 1148 544 1211 arrogans
566 1129 752 1209 habuerunt,
776 1129 831 1190 sed
853 1130 1048 1191 omniasim-

132 1212 222 1292 plicia
253 1219 286 1272 et
317 1212 454 1274 humilia.
497 1212 582 1275 Haec
611 1214 704 1294 igitur
729 1231 798 1273 cum
824 1211 1049 1295 praedicantur,

131 1295 356 1377 intelliguntur,
380 1296 452 1376 quia
473 1293 651 1375 creduntur,
674 1296 743 1375 sed,
766 1295 1050 1375 compraedicatur

132 1378 285 1456 Christus,
314 1378 576 1458 scandalizantur,
610 1380 682 1458 quia
703 1399 765 1440 non
788 1377 928 1444 creditur.
970 1380 1048 1441 Dico

130 1480 187 1543 ego
211 1461 314 1524 Adam
337 1481 407 1523 esse
427 1462 557 1523 formam
580 1461 707 1541 Christi,
730 1481 768 1524 ex
792 1463 955 1524 autoritate
976 1480 1049 1546 upo-

130 1545 209 1625 stoli,
232 1552 276 1624 ut,
299 1546 384 1606 siout
399 1544 452 1605 ille
473 1564 532 1611 nos
554 1546 620 1606 sine
642 1564 737 1626 opere
759 1551 864 1607 nostro
886 1546 959 1607 fecit
980 1565 1050 1626 peo-

129 1633 269 1706 catores,
295 1629 340 1689 sio
363 1628 501 1690 Christus
524 1648 581 1689 nos
603 1630 671 1689 sine
692 1648 787 1710 opere
807 1631 905 1690 iustos
920 1629 968 1702 ³¹).
1010 1629 1051 1689 Et
1143 1639 1147 1651 “

128 1709 247 1788 dicunt,
284 1730 360 1792 ergo
389 1711 538 1772 faciamus
563 1712 695 1791 malum,
723 1731 776 1773 cur
796 1731 859 1774 non
881 1701 974 1774 etiam
995 1712 1050 1774 tibi

129 1793 249 1866 dicum,
283 1813 359 1874 ergo
390 1796 414 1854 si
436 1794 498 1855 iam
522 1814 626 1855 sumus
648 1796 714 1856 sine
736 1816 830 1877 opere
849 1803 956 1857 nostro
980 1814 1050 1875 pec

128 1883 265 1954 catores,
303 1875 448 1956 sufficiat,
477 1877 623 1939 faciamus
646 1898 728 1939 nunc
749 1879 873 1941 honum.
919 1879 979 1939 Gur
999 1879 1051 1939 hio

128 1959 245 2021 addunt
259 1958 372 2021 malum
388 1960 481 2038 malo,
504 1967 536 2020 et
551 1980 613 2021 non
631 1962 721 2022 etiam
743 1962 785 2024 ihi
808 1961 923 2024 bonum
944 1961 1050 2023 bono?

127 2043 222 2123 Igitur
242 2043 323 2103 sicut
344 2041 445 2103 Adam
466 2043 497 2103 in
521 2045 583 2104 suis
605 2063 727 2124 semper
747 2052 840 2126 auget
861 2045 985 2122 malum,
1006 2045 1051 2104 ita

128 2125 265 2186 Christus
287 2127 318 2186 in
342 2127 549 2206 suis-aemper
569 2127 693 2188 bonum.
736 2129 830 2208 Igitur
850 2128 880 2187 hi
897 2134 968 2187 sunt
986 2125 1047 2188 duo

126 2208 267 2270 homines
288 2210 320 2269 in
343 2208 443 2288 nobis,
464 2209 565 2269 Adam
588 2217 618 2270 et
634 2209 783 2287 christoe,
805 2210 857 2271 illa
879 2217 976 2287 vetus,
998 2210 1049 2269 hic

127 2311 233 2352 novus.
277 2290 352 2352 Ideo
375 2310 439 2352 non
460 2293 613 2371 sequitur,
635 2294 780 2354 iustitiam
801 2293 950 2355 habemus
972 2292 1047 2352 nihil

127 2375 285 2454 operando
313 2375 409 2450 iuste,
438 2395 513 2456 ergo
540 2377 652 2437 iniuste
679 2396 857 2457 operemur,
890 2377 953 2438 imo
975 2381 1048 2435 tunc

126 2460 260 2519 maxime
289 2464 434 2537 peccent,
468 2460 539 2537 quia
566 2464 726 2538 peceatum
754 2459 884 2538 habent,
915 2464 950 2519 ut
971 2459 1049 2539 sicut

112 2542 316 2619 ¹portavimus
338 2542 503 2621 imaginem
527 2549 677 2620 terrenae,
698 2542 888 2622 portabimus
909 2541 960 2602 vel
976 2560 1048 2620 por-

127 2633 225 2684 temus
258 2629 290 2684 et
323 2625 489 2704 imaginem
524 2625 678 2686 coelestis.
720 2625 806 2685 Haec
838 2624 1049 2686 scandalizant

126 2706 279 2783 infirmos,
301 2707 451 2786 inquiunt,
473 2708 535 2768 imo
558 2708 734 2788 pessimum,
757 2707 840 2786 quod
863 2707 924 2768 alia
946 2706 1046 2767 nullos

127 2789 352 2866 scandalizant,
385 2809 452 2850 oum
483 2790 635 2851 Christum
662 2790 839 2851 crucifixum
868 2789 1048 2874 praedicare

125 2870 184 2933 hoc
217 2873 257 2932 sit
284 2871 462 2933 scandalum
495 2873 622 2934 ludaeis
651 2881 682 2934 et
712 2874 870 2933 stultitiam
904 2871 1047 2953 gentibus

126 2955 314 3034 praedicare.
357 2953 489 3033 Gentes,
522 2958 573 3034 qui
607 2956 664 3019 sibi
692 2957 723 3016 in
745 2954 808 3017 hoo‘
827 2956 982 3035 sapientes
1003 2955 1045 3013 vi·

125 3037 250 3110 dentur,
274 3037 357 3116 quod
379 3038 475 3098 verba
497 3040 558 3099 sint
579 3041 624 3099 sic
644 3039 838 3114 inst-ruenda,
868 3040 911 3097 sic
934 3037 1045 3098 docen-

125 3119 208 3198 dum,
230 3128 264 3179 ut
285 3119 385 3179 nullus
410 3120 591 3200 offendatur,
615 3122 670 3184 sed
693 3122 776 3183 velut
796 3129 862 3182 arte
883 3120 1044 3181 verborum

125 3210 155 3262 et
188 3202 333 3262 simulata
364 3204 494 3264 veritate
528 3204 670 3265 homines
702 3206 870 3285 capiantur.
924 3201 1046 3279 Quare?

74 3333 84 3352 .
124 3287 197 3364 quia
219 3304 289 3345 sese
311 3292 418 3365 putant
440 3306 525 3363 esse,
555 3289 607 3367 qui
636 3288 770 3348 doceant
798 3294 830 3347 et
850 3305 912 3346 non
935 3287 1044 3359 Deum,

124 3387 199 3448 ergo
233 3368 344 3429 nolunt
373 3368 544 3446 offendere,
579 3390 619 3431 ne
646 3390 709 3431 non
741 3370 884 3431 doceant.
936 3368 1046 3428 ludaei

124 3458 207 3529 sunt,
246 3452 296 3530 qui
324 3453 386 3511 suis
415 3453 558 3531 operibus
588 3460 738 3532 quaerunt
769 3451 940 3522 iustificari,
974 3450 1045 3511 ideo

124 3534 234 3595 nolunt
256 3533 380 3611 audire,
408 3535 490 3613 quod
513 3536 650 3596 Christus
673 3554 779 3596 eorum
801 3536 916 3595 institia
938 3536 992 3612 sit,
1015 3540 1047 3593 et

160 3789 193 3856 ⁸)
212 3787 308 3843 Aurea
326 3791 465 3844 confessio
486 3807 569 3844 verae
587 3791 732 3844 doctrinae
749 3790 784 3844 da
801 3790 1005 3843 iustificatione.
