2356 4200
200 1069 203 1075 .
238 983 357 1078 Duae
387 981 480 1078 Joh.
510 976 692 1078 letzelii
720 979 1039 1103 disputationes

82 1200 83 1210 ¹
122 1229 140 1262 ,
217 1179 350 1245 Lutheri
378 1179 556 1246 sententiae
584 1180 624 1244 de
646 1180 852 1267 indulgentiis
875 1157 1060 1268 oppositae.

590 1351 680 1412 1517.
801 1406 803 1411 .

216 1815 218 1818 y
258 1705 353 1796 'doh
377 1732 541 1812 Tetnelius,
565 1752 657 1814 quum
678 1735 909 1816 propositiones
930 1726 1097 1801 §hethere

174 1813 321 1881 adversus
351 1814 558 1899 indulgentias
592 1817 689 1878 editas
713 1837 813 1899 aequo
837 1818 940 1880 animo
962 1818 1100 1903 perterre

175 1908 238 1964 non
261 1907 377 1983 posset,
399 1898 446 1961 his
468 1895 544 1960 alias
568 1915 726 1981 opponere
749 1902 780 1960 in
804 1902 939 1962 animum
960 1902 1099 1984 induxit,

143 2000 144 2003 ’
174 1998 266 2129 guum
288 1998 362 2046 vero
384 1984 451 2063 ipse
472 1982 627 2044 indoctior
648 2003 705 2044 nec
727 1984 841 2044 latinae
854 1982 978 2066 linguae
991 1986 1097 2048 admo-

192 2078 246 2129 um
279 2084 391 2150 gnarus
421 2074 517 2143 esset,
552 2085 639 2126 suum
670 2067 824 2146 quondam
853 2075 1098 2148 praeceptorem,

174 2153 210 2215 D.
234 2149 408 2212 Conredum
433 2150 636 2229 Wimpinam,
673 2151 724 2228 qui
746 2151 937 2211 Francofurti
965 2151 1004 2211 sd
1026 2150 1097 2212 Via

175 2231 262 2294 tirum
285 2232 502 2294 scholasticam
526 2231 715 2312 theologiam
739 2232 880 2312 docebat,
903 2248 1034 2314 rogasse
1054 2235 1096 2296 di-

174 2318 272 2395 citur,
293 2321 331 2376 ut
349 2333 401 2375 eas
425 2313 600 2375 conticeret.
643 2313 756 2375 Earum
780 2317 872 2375 etiam
892 2317 1097 2396 opeFranc07

174 2401 244 2460 forti
266 2398 306 2459 ad
328 2395 476 2459 Vindium
499 2391 659 2458 Licentiati
694 2404 786 2477 atque
812 2397 955 2460 Doctoris
977 2396 1097 2461 theolo-

172 2484 243 2564 giae
265 2479 400 2542 honores
424 2479 479 2540 sibi
504 2498 683 2560 comparare
707 2480 857 2561 cupiebat.
901 2481 1094 2543 DuiasWim-

172 2566 245 2647 pina
276 2566 308 2624 in
337 2565 402 2623 eius
435 2564 630 2624 commodum
660 2565 834 2643 composuit
863 2561 1096 2644 disputationes,

173 2665 299 2728 quarum
323 2647 424 2726 priore
446 2642 630 2724 Tetzelium,
665 2646 714 2724 qui
744 2629 806 2706 lem
830 2644 1008 2728 theologiae
1031 2656 1097 2710 erat

172 2730 390 2792 baccalaureus
412 2729 574 2806 formatus,
596 2729 634 2789 ad
647 2727 816 2807 Licentieti,
839 2729 936 2790 altera
957 2729 996 2790 ad
1015 2730 1095 2791 Doc-

172 2815 248 2875 toris
278 2811 428 2874 honorem
451 2812 675 2892 capessendum
699 2828 785 2871 usum
809 2829 955 2874 essenon
970 2811 1096 2875 dubium

172 2903 219 2956 est
249 2897 305 2972 (cf.
329 2892 493 2956 Loescheri
523 2896 657 2955 Reform.
681 2895 748 2954 Act.
771 2895 812 2973 II,
847 2898 885 2959 10
908 2896 1004 2974 sqq.).
1047 2895 1095 2957 De

172 2978 307 3039 thesibus
339 2977 560 3057 posterioribus
590 2995 773 3056 quamquam
798 2976 847 3038 die
869 2976 992 3037 demum
1014 2979 1094 3040 vice-

171 3063 249 3122 simo
272 3060 574 3121 mensislenuariia.
600 3061 679 3125 1518
702 3059 888 3139 disputatum
911 3067 968 3139 est,
990 3068 1093 3122 tamen

170 3144 230 3204 hae
260 3144 339 3204 duae
368 3143 592 3222 disputationes
620 3144 681 3202 iam
710 3162 792 3204 anno
819 3147 897 3208 1517
920 3144 1002 3224 typis
1025 3152 1096 3204 sunt

171 3242 305 3287 excusae
324 3232 355 3286 et
375 3227 406 3285 in
430 3226 528 3286 lucem
553 3225 663 3287 editae.
676 3225 865 3306 Wimpinam
886 3227 1012 3286 istarum
1024 3246 1093 3308 pro·

169 3311 358 3391 positionum
388 3315 544 3368 asuctorem
575 3308 684 3389 fuisse,
717 3305 866 3368 Lutherus
890 3311 1009 3388 ipsein
1032 3311 1093 3390 epi-

110 3406 120 3434 *
171 3392 251 3454 stola
273 3391 311 3453 ad
333 3389 530 3472 dohangum
554 3391 625 3452 data
648 3392 694 3451 his
717 3390 818 3452 verbis
840 3390 968 3452 indicat:
992 3388 1091 3470 „Doc-

170 3481 219 3536 tor
242 3473 401 3536 Conradus
425 3474 589 3555 Vuimpina
617 3473 655 3534 ab
688 3472 829 3535 omnibus
853 3474 1001 3535 clamatur
1023 3495 1091 3537 auc-

170 3565 218 3619 tor
245 3558 363 3618 illarum
392 3558 596 3636 positionum,
625 3563 790 3617 etcertum
813 3556 913 3617 habeo
937 3559 980 3617 ita
1002 3561 1091 3618 esse“

172 3638 276 3715 (Loth.
299 3641 376 3720 hlpp.
401 3640 557 3700 eddonis.
578 3640 601 3716 l,
623 3660 652 3721 p.
676 3643 725 3705 54.
748 3639 788 3700 de
803 3640 906 3700 Wette
928 3640 950 3700 I.
974 3661 1003 3720 p.
1027 3644 1092 3718 99).

168 3723 270 3785 Etiam
292 3725 322 3784 in
345 3722 580 3786 collectionibus
593 3721 774 3784 lenensibus
789 3728 821 3784 ct
832 3723 1092 3805 Wittembergen-
