2356 4200
123 262 186 331 36⁸
271 263 381 335 onor·
397 262 432 320 o.
450 265 560 319 aarum
577 264 690 319 nurum
708 265 853 334 murras
879 298 883 305 -

124 432 270 495 exaltare.
312 433 422 514 Neque
438 434 519 495 enim
542 430 650 512 video,
681 430 840 513 quomodo
862 451 926 493 non
952 439 984 492 tu
1005 433 1045 493 sis

123 515 271 576 barbarus
282 516 441 596 Romanis,
463 515 636 587 etRomani
660 513 723 595 tibi,
747 518 771 576 si
794 516 877 577 hanc
899 515 1045 576 nescieris

124 599 348 679 eloquentiam,
381 598 499 661 etiamsi
530 599 608 665 alias
638 598 795 661 Ciceronis
836 597 1045 679 eloquentiam

124 701 159 745 su
184 701 261 743 arcs.

67 832 72 839 ¹
161 701 181 763 p
205 762 301 845 Igitur
322 784 362 827 ne
382 765 413 826 iu
432 764 610 827 alterutram
627 771 745 846 partem
769 763 817 825 vel
836 758 931 825 amici
953 762 1045 824 rrimlo

124 845 255 926 elevent,
278 847 326 909 vel
347 847 460 910 inimici
482 848 577 908 nimio
600 845 772 927 deprimant
793 865 942 927 causam,
974 844 1045 908 volo

124 931 242 1009 ipsein
271 929 426 1011 publicum
464 928 537 991 dare
565 949 603 990 ea
630 948 710 1010 quae
740 930 865 992 obiecta
893 928 985 1008 milri,
1018 936 1047 989 et

125 1031 205 1091 quae
226 1031 245 1073 a
267 1032 317 1074 me
336 1031 487 1094 responsa
508 1012 602 1089 fuere,
623 1012 712 1074 simul
726 1014 774 1073 vel
791 1013 853 1074 hoc
868 1011 1045 1075 testimonio

124 1101 232 1155 nolur'n
262 1095 414 1171 facturus,
446 1115 496 1155 me
528 1096 716 1176 praestitisse
749 1097 823 1156 satis
852 1093 983 1157 arduam
1017 1102 1046 1156 et

124 1177 247 1238 abunde
262 1177 390 1238 -fldelcm
412 1175 620 1239 obedientiam
643 1177 783 1240 Romano
805 1176 959 1259 pontifici.

207 1259 359 1339 Primum,
391 1259 475 1340 quod
495 1261 700 1342 pauperculus
721 1259 966 1340 imbecillisque,
997 1280 1045 1342 pc

126 1343 230 1403 denter
251 1351 353 1404 tamen
377 1345 467 1404 tantia
501 1344 600 1404 itineri
628 1352 659 1404 et
679 1342 865 1424 periculis¹)
893 1362 946 1405 me
967 1342 1044 1419 dedi,

118 1438 185 1486 'nac
198 1426 387 1486 iustissimas
409 1432 439 1487 et
460 1425 692 1488 honestissimas
708 1428 844 1487 omnium
856 1425 974 1487 iudicio
996 1425 1044 1489 ah·

126 1507 244 1569 seutiae
286 1526 397 1570 causas
439 1507 638 1589 apprehendi.
698 1509 817 1570 Deinde
853 1526 962 1571 coram
1004 1509 1044 1571 sn

125 1590 191 1652 sisti
222 1608 350 1671 passus,
393 1592 445 1676 qui
488 1590 526 1652 de
562 1591 697 1653 factione
726 1593 821 1672 partis
850 1591 1045 1653 adversariae

124 1673 289 1734 iustissime
310 1681 454 1754 poterant
475 1692 565 1734 nme
585 1673 679 1736 reiici.

208 1755 272 1816 Has
305 1767 407 1818 autem
441 1757 561 1836 iniquas
596 1763 628 1818 et
670 1754 807 1818 difficiles
851 1756 1044 1819 conditiones

128 1835 293 1922 (quantum
316 1859 409 1901 nasus
432 1838 572 1919 olfacit),
599 1839 670 1901 ideo
699 1839 772 1901 milri
794 1839 937 1901 videntur
957 1839 1045 1901 amici

125 1922 174 1982 isti
196 1921 375 2005 adornasse,
396 1929 428 1983 et
449 1923 553 1984 omnia
574 1923 807 2002 praestruxisse,
829 1931 864 1982 ut
884 1940 950 1984 uon
972 1923 1045 1983 veri-

11 2078 17 2086 ·
126 2006 198 2066 tatis
216 2006 456 2085 inquisitionem,
478 2005 533 2065 sed
555 2005 757 2084 perditionem
776 2024 876 2067 meam
903 2004 1044 2067 facillime

118 2095 340 2168 operarentur,
375 2107 433 2149 uec
464 2087 629 2149 adventum
663 2108 764 2149 meum
792 2075 957 2169 sperasse,
994 2086 1044 2149 sed

127 2173 351 2231 contumaciam
375 2191 475 2232 meam
499 2171 690 2232 desiderasse
712 2170 869 2250 videnlur,
892 2189 957 2251 quo
979 2170 1044 2239 latis

126 2271 203 2314 mox
236 2255 372 2315 censuris
405 2272 561 2333 causaque
595 2272 654 2314 uec
688 2254 793 2316 audita
826 2272 884 2315 nec
922 2255 1045 2337 sogolla

126 2336 355 2417 triumpharent.
384 2336 478 2399 Cuius
501 2338 544 2397 rei
566 2356 628 2402 uon
651 2336 720 2398 leve
737 2344 953 2418 argumentum
974 2336 1044 2399 milri

125 2419 196 2498 fuit,
231 2419 314 2498 quod
347 2414 418 2500 phst
445 2419 610 2480 adventum
640 2439 740 2480 meum
774 2421 874 2502 primo
902 2429 1043 2502 coeptum

126 2507 174 2562 est
195 2503 309 2581 quaeri,
331 2503 361 2562 in
385 2502 568 2582 quibusnam
596 2521 767 2565 accusarer.
816 2503 921 2583 Atque
951 2521 1044 2582 usqua

126 2584 219 2646 hodie
240 2585 361 2645 suntin
385 2585 478 2646 domo
491 2585 629 2666 Caiphae
643 2587 757 2665 scripta
778 2605 856 2664 mea,
881 2584 933 2646 ubi
957 2605 1042 2666 quae

127 2675 234 2728 runtur
254 2667 401 2728 adversus
424 2688 474 2729 me
494 2668 572 2729 falsa
594 2669 779 2747 testimonia,
801 2687 858 2729 nec
880 2667 987 2731 adhuc
1005 2670 1043 2730 io·

124 2757 219 2812 venta
245 2759 324 2812 suut.
379 2751 481 2812 Etiam
521 2753 579 2812 iste
617 2754 669 2828 (ut-
697 2751 805 2829 video)
845 2769 947 2813 novus
982 2770 1043 2813 mos

125 2851 304 2913 novumque
323 2834 371 2895 ius
392 2834 552 2895 Romanae
575 2835 677 2895 curiae
700 2835 812 2914 coepit,
835 2841 869 2893 ut
891 2833 1042 2895 Christum

125 2917 209 2996 prius
232 2918 365 2997 capiant,
387 2916 498 2978 deinde
520 2916 591 2996 quid
615 2916 760 2978 obiiciant
775 2924 942 2996 quaerant.
978 2918 1042 2982 Duo

125 3006 228 3059 tamen
251 2999 333 3078 mihi,
355 3001 417 3061 imo
440 3019 543 3076 uuum,
565 2999 648 3079 qood
670 3000 804 3080 speciem
827 2998 975 3078 haberet,
997 2999 1043 3061 ob·

124 3081 237 3142 iectunr
261 3089 321 3162 est,
352 3091 559 3144 adrumentum
581 3082 839 3165 Extravagantis,
867 3091 902 3143 nt
929 3083 1043 3146 videbis

124 3166 239 3229 statim.
780 3204 784 3215 ι

206 3247 301 3328 Igitur
322 3265 362 3308 nc
382 3253 415 3308 et
427 3246 666 3308 lllustrissimum
678 3248 850 3328 Principem
869 3246 1041 3311 Electorem

124 3329 310 3391 Fridericum
339 3330 457 3391 Ducem
487 3329 643 3392 Saxoniae
670 3339 729 3393 etc.
763 3331 877 3391 frustra
907 3351 968 3412 pro
1000 3349 1042 3393 me

123 3412 282 3474 laborasse
304 3413 511 3498 permitterem
539 3409 794 3496 (clementissime
822 3415 906 3475 enim
939 3434 992 3475 mc
1017 3419 1043 3474 et

122 3504 246 3577 sumptu
267 3503 298 3557 et
318 3496 456 3576 epistolia
485 3496 741 3559 commendatitiis
768 3493 920 3577 providit,
957 3504 1042 3577 atque

196 3745 228 3810 1)
249 3743 279 3798 lu
300 3743 343 3798 ed.
355 3744 431 3799 len:
450 3748 513 3814 tanr¹
528 3741 617 3815 longo
636 3743 727 3809 itineri
747 3741 886 3810 lautisque
906 3739 1040 3810 periculis.
