2356 4200
155 265 222 334 Μ
406 267 604 325 motiones
621 267 732 338 Dispnt.
750 268 828 322 tntis.

439 455 652 519 Conolusio
675 453 803 545 xxix.

181 658 184 665 Ι
244 582 319 658 Quis
347 585 423 663 soit,
457 585 483 645 si
518 602 626 645 ornnes
661 583 783 645 animae
811 582 908 644 valiat
935 584 1091 653 redimis

99 731 101 737 ,
159 668 348 748 purgatorio,
369 669 449 731 siout
468 666 507 727 de
519 673 626 728 saneto
642 663 672 749 ¹)
688 665 837 729 severino
849 672 888 726 et
899 665 1088 747 Pasohali²)

164 748 278 810 foetum
299 757 448 812 narratur.

243 832 314 897 Non
345 831 468 912 quidem
497 831 557 894 fide
579 832 706 912 dignam
735 832 917 911 scripturam
939 831 981 893 ds
1001 834 1043 897 iis
1056 834 1086 906 ³)

161 914 280 979 duobus
303 916 376 997 legi,
398 917 513 976 narrari
536 922 638 977 tamen
661 912 783 993 audivi,
805 913 888 993 quod
909 917 1090 995 potuissent

162 999 224 1073 suia
246 1000 361 1059 meritis
384 998 523 1075 liberari,
546 999 694 1059 siminus
717 997 889 1059 voluissent
907 997 1090 1078 gloriamsi,

159 1078 231 1143 ideo
259 1082 360 1160 potius
398 1081 607 1148 sustinuerunt
642 1100 732 1160 quam
767 1080 942 1141 minuerent
951 1077 987 1164 ⁴)
1023 1081 1090 1163 glo·

160 1164 236 1223 riam
259 1165 396 1225 visionis.
450 1163 510 1224 Sed
539 1165 570 1224 in
592 1164 669 1240 iis⁵)
701 1162 807 1224 eredat
845 1163 977 1251 quisque
1006 1165 1089 1245 qnod

162 1245 251 1319 velit,
286 1266 356 1309 mea
390 1246 465 1306 nihil
497 1247 600 1308 refert.
647 1246 719 1308 Non
746 1246 828 1308 enirn
851 1246 981 1328 negavi,
1017 1248 1088 1328 quin

160 1336 192 1391 et
232 1327 308 1389 alias
353 1332 471 1409 poenas
514 1329 600 1390 luant
651 1330 773 1391 animae
821 1329 853 1389 in
895 1332 1089 1411 purgatorio,

160 1429 251 1491 quarn
274 1411 467 1493 supradixi,
499 1413 554 1474 sed
582 1411 681 1490 volni,
711 1417 750 1493 nt
772 1413 865 1473 etiam
893 1411 958 1493 iliis·
982 1414 1089 1479 remis·

161 1493 203 1565 sis
240 1512 303 1554 non
338 1495 514 1574 evolarent,
551 1496 609 1555 nisi
642 1502 675 1558 at
705 1501 887 1557 sanarentur
924 1495 960 1557 in
989 1497 1090 1577 grafia

160 1575 305 1656 perfecte.
349 1577 500 1651 Possem
526 1586 629 1639 tamen
651 1576 734 1651 fieri,
767 1586 800 1638 ut
821 1577 1091 1669 aliqnaeonolient

161 1657 279 1733 redimi,
303 1679 343 1721 ex
362 1661 457 1721 nimia
473 1661 530 1721 Dei
552 1662 688 1723 aariute.
721 1661 770 1721 lix
793 1679 831 1722 eo
853 1658 887 1721 tt
909 1662 1088 1742 verisimile,

162 1742 244 1822 quod
267 1741 377 1804 Paulus
411 1750 444 1804 et
464 1743 567 1805 Moses
599 1751 768 1824 potuerunt
797 1741 882 1804 nelle
913 1762 986 1805 esse
1018 1762 1089 1809 um·

161 1823 265 1889 thema
286 1832 318 1886 et
349 1825 619 1906 separationemii
643 1847 664 1887 a
684 1827 754 1888 Deo
786 1827 816 1889 in
840 1834 1029 1895 aeternum..
1057 1826 1090 1893 si

161 1906 223 1969 tals
250 1909 280 1969 in
303 1909 367 1969 vita
387 1909 490 1970 faeere
512 1911 561 1970 isti
589 1911 723 1990 prompti
754 1914 857 1987 erant,
883 1927 948 1971 non
971 1909 1092 1979 sidetes

161 1990 337 2072 negandum
357 1999 391 2052 et
421 1991 614 2055 adefirnatis
637 1991 719 2053 idem
732 1991 808 2053 -fleri
830 2010 941 2072 posse,
963 1990 1006 2053 de
1030 2011 1090 2073 quo

161 2074 335 2154 exemplum
360 2074 398 2135 de
421 2074 552 2155 quadam
575 2076 703 2156 Virgine
724 2074 795 2136 vide
817 2076 848 2135 in
870 2073 937 2137 Ser.
955 2072 1091 2154 Taulori,

161 2174 240 2235 quse
262 2159 307 2217 sio
326 2157 408 2218 feeit
546 2167 556 2184 ‘

451 2353 672 2415 Conclusio
694 2351 801 2415 XXX.

245 2486 353 2549 Nullus
376 2507 502 2549 securus
518 2496 566 2549 est
586 2488 625 2549 de
646 2489 776 2549 veritate
791 2507 864 2548 snae
883 2490 1089 2565 contritionis,

82 2568 85 2573 ’
162 2570 260 2631 multo
283 2572 381 2631 minus
403 2571 442 2632 de
464 2573 686 2633 oonseoutione
708 2571 865 2651 plenariae
887 2563 1091 2635 remissionis.

244 2653 329 2715 Haeo
351 2653 421 2715 dieo
444 2673 549 2715 eorum
579 2655 749 2731 sententia,
773 2655 825 2733 qui
846 2652 957 2715 volunt
979 2658 1091 2719 oontri·

161 2737 278 2801 tionem
301 2756 370 2798 esse
392 2740 597 2798 neeessariam
620 2737 661 2797 ad
676 2737 888 2798 remissionem
907 2755 1091 2816 poenarum,

161 2826 192 2878 et
213 2838 275 2880 non
305 2819 425 2898 vident,
458 2839 548 2900 quam
582 2819 780 2881 vehementer
808 2820 926 2879 ineerta
957 2820 1091 2885 reddant

161 2902 274 2962 omnia.
331 2903 373 2963 Et
404 2904 478 2963 satis
511 2909 598 2983 patet
631 2902 799 2964 oonolusio.
842 2901 920 2962 Nam
957 2905 1089 2983 primani

161 2990 281 3062 partem
302 3004 410 3047 omnes
433 2993 592 3064 asserunt,
626 2984 763 3046 secunda
784 2989 887 3045 autern
909 2989 1088 3049 necessario

160 3067 309 3146 sequitur,
341 3087 412 3131 meo
443 3075 546 3131 autern
576 3067 689 3128 iudidio
720 3074 823 3148 potest
844 3066 913 3128 tieri
937 3077 1027 3133 certa
1046 3089 1089 3133 rs

159 3151 264 3210 missio
286 3169 470 3230 poenarum„
488 3152 606 3215 seilicet
627 3151 863 3228 eanoniosrurn,
892 3151 1017 3213 etiamsi
1039 3153 1089 3215 illa

159 3230 269 3314 dignus
303 3252 366 3295 non
395 3234 485 3296 fuerit
517 3252 576 3295 neo
604 3234 763 3294 contritus.
811 3232 882 3293 Non
910 3234 996 3296 enim
1020 3254 1089 3298 aon·

158 3317 259 3394 tritio,
293 3317 405 3379 nedum
444 3317 594 3381 certitudo
617 3317 831 3394 contritionis‚·
862 3318 1030 3395 requiritur
1050 3318 1087 3381 ad

158 3473 364 3487 *un-

230 3550 260 3618 1)
281 3551 312 3604 In
332 3553 374 3606 ed.
393 3553 454 3605 Jen.
481 3554 574 3606 deest:
601 3561 709 3607 sancto.
748 3556 777 3616 2)
794 3552 866 3607 ibid.
893 3555 1012 3624 legitur:
1043 3559 1087 3611 Ps-

158 3621 260 3675 schale
299 3623 331 3690 3)
354 3625 437 3679 ibid:
455 3625 505 3676 his.
544 3625 576 3693 4)
596 3625 683 3680 ibid:
703 3629 896 3679 sustinuerunt
906 3626 1014 3682 differri
1031 3630 1088 3700 glo·

158 3695 228 3744 riam
248 3695 371 3748 visionis.
409 3697 438 3760 5)
459 3696 542 3750 ibid:
561 3697 612 3749 his.
652 3697 685 3763 6)
704 3697 786 3753 ibid:
807 3713 897 3768 posse.
936 3700 971 3768 7)
991 3701 1025 3754 ln
1045 3702 1085 3756 ed.

156 3765 256 3833 prino:
276 3769 425 3834 massaio.
