2356 4200
177 276 241 342 468
464 275 593 345 Epistola
611 275 689 329 liert.
712 272 824 328 [antheri

264 446 394 507 Primum
430 463 545 524 quaero
580 443 619 503 ah
654 443 766 521 insigni
799 448 908 502 vestra
935 438 1103 522 prudentis,

144 578 155 593 .
181 527 292 608 quibus
314 529 353 588 sit
375 527 567 608 evangelium
591 526 714 601 datum,
747 522 902 605 lapidibus
931 520 1103 603 salignis?

181 611 213 673 st
236 610 428 687 hominihus,
451 629 504 670 cur
527 628 601 689 ergo
624 627 686 669 non
710 615 852 669 tenentur
873 606 1105 687 praeceptsbei

183 704 297 772 tenere,
321 694 446 773 quando
468 692 605 754 Christus
628 691 717 769 dicit,
749 690 796 751 Ne
818 710 912 750 unum
935 691 1003 750 iota
1024 706 1105 769 prae

181 776 362 838 teriturumi
397 775 499 836 Doleo
536 778 611 835 miro
646 774 740 836 niodo
773 771 1105 840 voslnconsutilistus

182 870 212 919 et
232 859 432 920 Tunicastros
456 861 500 920 s'ic
524 858 674 937 desipere,
697 864 730 917 ut
751 857 870 936 negetis
883 856 1104 916 hominesesse

183 941 337 1004 debitores
359 941 532 1002 servandae
553 942 719 1002 voluntatis
742 947 773 1000 et
789 947 1029 1019 praeceptorum
1040 937 1105 998 Dei.

182 1025 222 1085 Et
243 1042 325 1084 nunc
347 1023 469 1084 demum
486 1024 684 1084 dubitandum
708 1040 746 1082 ao
759 1021 979 1102 disputandum
1001 1022 1051 1099 sit,
1069 1039 1105 1080 au

184 1107 311 1168 obedire
333 1117 476 1187 oporteat
498 1108 699 1187 praecipienti
720 1104 809 1166 Deo?
835 1103 863 1166 0
888 1105 983 1165 furor.
1016 1103 1107 1184 igitur

183 1208 290 1250 omnes
314 1189 461 1250 debemus
485 1197 582 1249 totum
605 1188 797 1268 evangelium
826 1195 856 1247 et
889 1189 996 1248 omnia
1024 1205 1106 1268 prae

184 1281 284 1354 cepta,
306 1271 361 1332 sed
383 1275 538 1351 quianon
561 1290 743 1352 possumus,
777 1270 847 1332 ideo
869 1290 977 1331 sumus
999 1287 1105 1350 pecco·

183 1365 280 1432 tores,
315 1360 345 1414 st
381 1356 529 1414 currimus
559 1355 598 1416 ad
622 1354 762 1415 thronum
786 1353 1019 1414 misericordias
1041 1352 1105 1414 Dei.

183 1437 269 1499 Haeo
290 1446 337 1498 est
349 1437 382 1499 Β.
397 1439 562 1517 Augustini
584 1440 737 1497 sententia
753 1438 783 1496 in
807 1445 873 1498 tota
884 1444 974 1517 parte
987 1444 1105 1497 octava

183 1519 248 1581 Vos
272 1530 373 1581 nutem
395 1519 536 1580 homines
559 1539 577 1579 e
600 1520 810 1580 misericordia
831 1520 950 1581 trahitis
974 1518 1014 1580 nd
1035 1517 1108 1580 iudi·

176 1604 275 1678 oium,
297 1601 369 1662 dum
391 1622 453 1663 non
476 1603 573 1663 sinitis
591 1622 646 1663 eos
658 1621 727 1663 sese
741 1621 912 1682 agnoscens
925 1609 1107 1682 peccatores

183 1692 214 1746 st
234 1692 470 1767 praeceptorum
493 1686 551 1746 Dei
573 1685 739 1747 debitores.

266 1766 384 1846 Tertio,
412 1768 495 1848 quod
522 1768 608 1828 nulla
636 1777 708 1829 sunt
734 1768 887 1846 Oonsihs,
917 1767 975 1842 sed
1004 1769 1107 1828 omnis

186 1851 343 1932 evangelii
364 1858 436 1912 sunt
456 1861 632 1995 praccepta.
674 1851 760 1912 Haeo
779 1850 896 1911 invidia
916 1857 950 1910 et
970 1852 1106 1930 nequitis

187 1944 289 1995 vestra
317 1936 444 1995 mentita
466 1944 522 1998 est.
578 1935 610 1995 lli
639 1935 720 1995 enim
751 1935 795 1995 sic
824 1933 985 1995 dixerunt:
1020 1933 1107 1995 Prae

184 2025 276 2097 cepta
297 2023 368 2077 sunt
389 2017 469 2078 ultra
491 2017 643 2095 Consilia,
674 2025 720 2078 et:
757 2017 926 2098 Praecepta
948 2024 1021 2077 sunt
1043 2016 1107 2097 plus

185 2118 277 2179 quam
300 2100 445 2178 consilia,
475 2101 546 2178 quia
574 2100 703 2160 consilia
731 2107 803 2160 sunt
823 2099 976 2179 quaedam
999 2098 1107 2178 medis,

186 2181 293 2261 quibus
325 2182 444 2242 facilius
477 2182 643 2262 implentur
680 2191 859 2264 praecepta,
893 2189 925 2243 ut
956 2184 1045 2263 virgo
1080 2191 1109 2245 et

185 2264 277 2325 vidua
299 2271 352 2324 sut
373 2265 496 2326 caelebs
516 2266 633 2326 facilius
661 2275 763 2327 servat
790 2272 1006 2346 praeceptum:
1039 2265 1106 2327 Non

82 2376 87 2383 ·
185 2349 402 2426 concupisces,
425 2368 515 2426 quarn
540 2351 737 2429 coniugatus,
764 2351 815 2429 qui
837 2350 1107 2429 concupiscentiae

187 2428 290 2509 aliquo
311 2429 403 2490 modo
427 2431 517 2492 cedit.
1088 2466 1091 2471 -

269 2511 394 2589 Quarto,
416 2513 499 2592 quod
524 2513 668 2576 Oanones
691 2515 805 2575 docent
825 2515 988 2594 luxuriam,
1012 2518 1107 2576 avari·

187 2598 269 2675 tiam,
293 2596 477 2676 superbiam,
501 2604 532 2656 et
554 2596 637 2675 quod
660 2606 731 2658 sunt
751 2599 924 2660 contrariae
941 2597 1107 2678 Scripturis

186 2681 289 2741 sacris.
333 2679 373 2739 Et
394 2679 635 2740 hcheviathan
656 2690 759 2742 vester
780 2683 824 2742 sic
845 2679 965 2741 addidit
986 2689 1020 2742 et
1042 2701 1107 2761 per-

186 2765 285 2824 vertit.
334 2762 416 2822 Nihil
442 2765 522 2822 enim
561 2770 646 2823 recte
680 2764 791 2843 accipit
818 2781 953 2841 unquam
980 2764 1107 2826 invidia.

185 2845 232 2904 llli
261 2845 417 2925 dixerunt,
453 2844 536 2924 qnod
570 2845 712 2907 Oenones
747 2853 777 2909 et
805 2832 983 2906 Decretales
1023 2848 1108 2909 olent

187 2944 242 2985 seu
263 2928 386 3004 sapiunt
408 2928 573 3007 aliquando
596 2929 771 3008 superbiam
793 2935 824 2989 et
845 2930 1027 3008 avaritiam,
1049 2931 1108 2993 hoc

187 3013 242 3083 est,
266 3008 350 3086 quod
371 3011 402 3088 ii,
426 3013 476 3089 qui
500 3018 687 3089 statuerunt,
711 3010 876 3090 aliquando
900 3014 1108 3091 quaesierunt,

188 3107 267 3167 quae
289 3109 347 3151 sus
368 3100 456 3168 sunt,
479 3093 546 3172 plus
570 3113 660 3172 quam
684 3097 852 3154 caritatem.
894 3093 964 3155 Hoc
985 3084 1045 3156 vob
1067 3095 1108 3156 di-

186 3173 252 3232 citis
287 3172 400 3234 docere
437 3175 621 3254 snperbiam.
662 3177 753 3258 Rogo
788 3195 861 3238 vos:
897 3176 968 3237 Non
1004 3185 1109 3258 potest

185 3255 333 3334 superbus
362 3264 393 3317 et
414 3276 523 3318 avarus
545 3259 723 3337 praedicare
744 3261 920 3337 veritatem,
949 3267 1108 3323 ettamen

187 3337 231 3396 sic
253 3337 460 3417 praedicando
483 3341 577 3419 olere,
599 3361 747 3421 quaerere
768 3342 907 3403 lucrum?
941 3342 1029 3405 Sicut
1053 3364 1108 3406 vos

185 3420 217 3478 in
238 3417 297 3479 hac
319 3420 475 3499 schedula,
498 3425 618 3484 etiamsi
639 3445 713 3486 vera
735 3424 899 3502 dixissetis,
921 3433 1029 3487 tamen
1052 3428 1108 3488 irs·

186 3510 303 3562 ternsm
325 3503 468 3564 invidiam
492 3513 524 3566 et
537 3508 687 3568 asininam
702 3509 854 3568 inscitiam
870 3508 991 3570 olerent
1004 3520 1109 3572 vestre

189 3584 291 3647 verba.
334 3586 456 3648 Deinde
476 3587 537 3651 hcc
558 3608 663 3651 verum
688 3602 743 3668 est,
766 3590 850 3670 quod
872 3590 1020 3653 Oenones
1043 3612 1108 3655 sae·

183 3665 310 3743 pissime
331 3668 496 3731 abutuntur
517 3671 695 3752 scripturis,
725 3681 756 3734 et
783 3679 864 3734 torte
891 3684 1058 3756 exponunt
1078 3678 1109 3737 in

179 3745 275 3808 alium
300 3768 424 3812 sensum
447 3770 539 3832 quam
561 3774 617 3816 suo
640 3755 711 3817 loco
733 3755 859 3818 habent.
