2356 4200
129 260 194 335 ’426
406 271 533 342 aaran
550 271 636 327 scau.
655 270 783 328 wesema.

132 437 195 503 taur
211 434 325 504 ¹uersuta
347 460 441 502 causa
463 460 512 501 ure
532 442 596 522 pati
627 440 753 521 dignum
775 439 973 520 indicaverit,
1005 443 1051 522 qui

134 531 298 586 conservet
338 524 572 586 illustrissimam
602 524 853 585 Dominaticnam
899 532 983 585 tuam
1024 528 1051 585 ic

135 615 304 688 nimbum,
327 609 435 669 Amen.

333 690 412 751 XIX.
436 689 586 751 Novemb.
610 689 857 770 Vuitambcrgae‚

422 774 514 834 Anno
536 773 575 833 u.
598 774 636 833 Ι).
658 773 768 835 XVIII.

216 854 444 919 Illuslrissimae
466 856 691 918 Dcmiuationis
713 862 785 916 tuae

440 948 584 1020 precator
604 939 748 1019 imIIgnna

410 1023 441 1082 F.
464 1021 613 1085 Martinus
632 1022 781 1107 liutherus
802 1021 1053 1102 Augustiniaans.

354 1282 555 1405 EpIstcla
582 1281 838 1395 Academiae
864 1380 866 1384 ,
888 1394 891 1401 ,
995 1232 998 1237 ’

133 1446 419 1528 Vultembergenais
450 1447 490 1531 ad
522 1447 560 1510 D.
588 1446 772 1508 liridericnm
804 1445 966 1508 Saxoniae
987 1446 1054 1507 Du·

361 1549 427 1591 cem
450 1536 508 1591 etc.
531 1532 563 1590 in
585 1550 680 1591 cauea
702 1529 831 1592 Lutberi

442 1774 746 1873 illustrissimo

135 1937 270 2020 Principi
303 1945 334 1999 et
355 1938 506 2012 Domino,
538 1938 576 2000 D.
595 1932 765 2016 Friderico,
799 1937 870 1997 duci
891 1936 1056 2006 &renisa

7 2084 10 2095 ,
135 2022 215 2083 sacri
248 2021 380 2082 Romani
412 2020 533 2101 Imperii
561 2010 841 2095 'Arabimarecallm
873 2027 904 2080 et
927 2020 1055 2101 Principi

135 2104 286 2180 lllectmi,
329 2104 523 2184 landgravio
564 2104 768 2184 ThuringIae,
817 2110 850 2162 et
888 2103 1055 2164 blarcbicni

134 2187 276 2264 Hisnae,
308 2188 442 2248 Domino
465 2192 572 2248 nostre
593 2188 832 2267 gratiosissimo,
866 2184 1005 2247 Gratiam
1029 2193 1056 2246 et

173 2288 284 2350 pacem
306 2290 325 2330 a
345 2270 480 2330 Domino
503 2278 609 2331 nostro
628 2269 703 2330 Iesu
726 2269 857 2347 Christo,
881 2287 952 2329 cnm
975 2270 1020 2329 sui

146 2354 151 2375 ²
458 2352 736 2413 commendatione.

220 2517 335 2578 Retulit
367 2517 473 2596 nobis,
499 2518 714 2579 illustrissime
752 2524 783 2578 et
820 2517 1057 2578 clementissime

137 2599 300 2682 Princeps,
333 2601 515 2661 venerabilis
542 2603 588 2662 vir
608 2602 712 2662 Frater
734 2601 880 2660 Martinus
900 2600 1058 2677 Luthe'rus,

118 2684 248 2744 artium
271 2691 302 2743 et
322 2684 513 2763 Theologiae
536 2686 695 2764 Magister,
725 2690 848 2744 nostrae
870 2682 1058 2744 Academiae

137 2765 241 2827 nobile
264 2773 296 2826 et
312 2765 542 2827 celeberrimum
566 2767 751 2844 membrum,
788 2766 948 2845 quomodo
977 2784 1058 2827 reve·

136 2847 265 2909 randiss.
287 2848 438 2910 Dominus
452 2849 584 2930 Legatus
597 2851 684 2912 Sedis
698 2849 900 2930 Apostolicae
913 2849 1059 2928 Thomas,

136 2929 228 2990 Tituli
271 2930 302 2992 S.
335 2932 412 2993 sixti
455 2933 619 3014 Presbyter
662 2931 853 3011 Oardinalis,
895 2932 1057 2992 illustriori.

136 3015 210 3072 tuae
223 3012 401 3074 celsitudini
428 3016 583 3096 scripserit
604 3024 634 3076 et
656 3015 852 3092 consuluerit,
876 3022 909 3074 ut
928 3015 1058 3075 eundem

137 3093 236 3174 ipsum
260 3097 422 3158 Martinam
452 3099 500 3159 vel
533 3100 571 3160 ad
593 3098 705 3160 Urbem
735 3099 867 3158 mitteret
894 3097 946 3157 vel
974 3105 1060 3158 extra

137 3182 250 3238 terram
278 3179 462 3260 expelleret,
496 3188 623 3263 propter
650 3180 800 3259 quasdam
829 3181 1059 3261 propositiones

137 3276 158 3319 a
179 3278 215 3321 se
236 3260 422 3341 disputatas,
451 3281 489 3324 ac
509 3266 570 3325 iam
593 3264 643 3324 diu
671 3281 793 3324 summu
814 3262 957 3323 Pontifici
979 3262 1061 3323 obla-

138 3348 195 3404 tas.
232 3343 420 3424 addiditque
441 3347 524 3428 quod
546 3356 577 3408 et
597 3346 637 3408 ad
658 3345 813 3427 publicam
835 3363 905 3405 sese
928 3345 1060 3425 disputa·

136 3425 252 3486 tionem
275 3426 447 3506 obtulisset,
469 3430 518 3490 vel
539 3430 578 3490 ad
590 3430 741 3511 privatam
755 3429 784 3488 in
802 3427 923 3508 scriptis
936 3447 1061 3507 respon-

138 3509 278 3588 sionem,
308 3510 507 3592 petiisselque
539 3520 573 3573 ut
606 3531 725 3572 errores
763 3512 810 3570 sui
838 3512 869 3570 in
892 3512 1017 3592 scriptia
1038 3510 1063 3570 ei

137 3590 347 3672 signarentur,
391 3594 519 3655 adiectis
560 3594 731 3657 rationibus
773 3600 807 3654 et
842 3593 1062 3654 autoritatibus

138 3671 313 3755 Scripturas
335 3681 366 3735 et
387 3676 570 3740 Sanctorum
591 3677 732 3754 Petrum,
762 3675 872 3756 quibus
894 3676 1062 3738 illustratus

25 3804 34 3817 .
136 3754 242 3820 videre
272 3762 302 3818 et
333 3777 503 3843 agnoscere
533 3766 640 3843 posset
670 3778 789 3822 errores
816 3777 909 3839 suos,
948 3761 1062 3822 nullum
