2356 4200
128 265 192 337 140
328 327 330 331 ,
451 275 599 329 Sermones
618 273 728 328 Lutheri

127 441 286 521 sipientio,
315 448 431 503 tentum
461 442 500 502 nd
532 462 643 521 onero,
675 462 737 504 non
765 448 868 505 nutem
891 442 930 504 od
953 463 1051 525 regno

128 526 201 602 noti,
223 525 359 604 alioquin
383 533 414 586 et
435 527 505 588 iusti
528 527 770 608 nusiamento,
793 526 847 591 sed
870 527 928 590 Dei
951 533 982 591 et
1004 548 1050 590 so

99 682 102 687 ι
127 608 254 687 pientia.

460 883 488 977 S
519 909 541 978 o
569 910 595 978 r
623 909 665 977 m
694 909 717 976 o

293 1082 324 1141 in
346 1082 435 1142 Feria
457 1084 486 1145 S.
507 1083 644 1162 Martini,
665 1082 703 1144 A.
730 1085 809 1148 1516
828 1084 876 1163 ¹²).

193 1252 347 1322 'Lucerna
369 1265 506 1343 eorporis
529 1266 571 1324 tui
595 1264 702 1332 ooulus
725 1271 793 1324 tuus
816 1270 877 1342 est,
900 1263 972 1323 Luo.
999 1265 1049 1326 ll.

127 1342 318 1423 Quamquam
350 1346 427 1406 haee
456 1348 649 1428 tropologice
681 1347 719 1406 de
747 1346 838 1408 oeulo
867 1346 1049 1406 intentionis

126 1428 345 1508 intelliguntur,
369 1436 470 1489 temen
494 1430 533 1490 ad
553 1431 746 1510 propositum
766 1430 858 1508 Festi,
880 1431 943 1489 imo
963 1428 1049 1489 Chri·

126 1511 180 1587 sti,
214 1511 253 1570 de
284 1513 375 1573 oculo
408 1514 542 1594 regentis
577 1514 655 1573 nlios
692 1513 883 1592 intelligitur.
927 1511 1049 1590 Ubique

125 1593 206 1653 enirn
238 1595 268 1653 in
302 1597 456 1675 seripturis
479 1616 535 1658 nos
557 1597 660 1676 potins
684 1614 796 1656 ooeoos
825 1614 894 1655 esse
920 1601 953 1655 et
975 1613 1048 1654 esse

126 1675 239 1736 debere
273 1676 360 1754 dieit,
396 1685 426 1738 et
458 1681 488 1739 in
518 1679 641 1740 ooulurn
662 1685 802 1739 nostrum
825 1696 950 1757 prorsus
973 1676 1049 1737 nihil

126 1758 296 1819 oonlidere:
332 1761 447 1823 ideireo
470 1762 577 1822 oculus
600 1769 648 1823 est
669 1761 793 1829 alterius
815 1762 980 1840 magister,
1017 1765 1051 1819 ut

126 1842 196 1902 lob.
219 1842 332 1903 XXXI:
363 1845 417 1904 Fui
450 1865 504 1924 pes
539 1844 649 1905 olondo
679 1851 711 1904 et
737 1844 843 1904 oonlus
875 1862 987 1921 oaeeo,
1017 1849 1050 1903 et

126 1925 290 1986 Dominus:
324 1927 350 1985 si
379 1927 485 1988 ooulus
508 1935 576 1988 tuus
599 1927 787 1988 scandalizet
809 1933 859 2005 te,
883 1945 956 1986 erue
977 1944 1048 1986 eum

128 2014 159 2067 et
180 2009 297 2086 proiice
318 2009 374 2070 obs
397 2017 441 2089 te,
464 2018 495 2071 et
514 2011 608 2072 Zaoh.
630 2011 672 2070 ll:
695 2010 845 2069 Doininus
868 2015 916 2069 est
939 2009 1047 2069 oculus

126 2091 258 2151 hominis
281 2097 312 2151 et
333 2095 469 2153 omnium
492 2093 621 2154 tribuum
643 2093 746 2153 Israel
791 2091 866 2152 Vult
886 2110 961 2171 ergo
986 2091 1047 2151 Do-

128 2175 227 2233 minus
250 2194 307 2234 nos
329 2176 506 2237 abstrahere
528 2197 548 2236 a
568 2177 652 2236 falsis
675 2175 869 2253 doctoribuS‚
893 2193 931 2241 ne
954 2174 1048 2234 simus

128 2257 234 2316 faciles
257 2257 489 2338 deceptionibus
512 2260 689 2337 credentes,
713 2279 753 2318 ne
775 2257 845 2333 liet,
880 2263 913 2316 ut
934 2276 1048 2317 coenus

128 2359 253 2399 oeeourn
268 2339 369 2403 duent.
398 2341 433 2401 ln
447 2362 508 2421 quo
526 2362 559 2402 se
576 2344 675 2422 ipsum
693 2340 900 2418 commendet,
923 2339 1047 2418 quondo

127 2422 216 2500 didit,
239 2442 298 2502 ego
321 2443 387 2482 surn
410 2425 463 2483 lux
485 2424 599 2502 mnndi,
622 2443 681 2504 ego
705 2444 771 2483 snrn
794 2424 952 2484 hominurn
975 2441 1046 2482 oon-

127 2505 190 2581 lus,
214 2505 268 2564 lux
289 2526 377 2584 vera,
400 2527 478 2586 quse
500 2508 652 2569 illuminet
673 2526 794 2567 ornnem
818 2507 975 2566 hominem
997 2525 1048 2569 ve·

127 2589 262 2647 nientem
291 2591 321 2648 in
355 2590 436 2649 huno
469 2590 645 2650 mundum
672 2590 747 2651 Ideo
776 2590 836 2650 isto
865 2587 956 2649 oculo
983 2607 1048 2648 non

126 2678 292 2751 praesente
314 2679 429 2732 eertum
453 2682 515 2751 est,
544 2673 626 2753 quod
649 2674 767 2748 lumen,
800 2672 882 2751 quod
904 2673 934 2730 in
959 2671 1048 2732 nobis

128 2761 184 2831 est,
208 2754 353 2815 tenebrae
374 2765 453 2834 sunt,
477 2764 507 2817 et
523 2764 619 2816 toturn
642 2775 754 2836 corpus
776 2754 973 2815 tenebrosum
990 2761 1049 2831 est,

127 2836 235 2915 idest,
259 2844 354 2898 totum
376 2838 460 2917 quod
483 2859 596 2914 sumus,
618 2841 747 2919 agimus,
770 2839 908 2913 vivimus,
931 2843 962 2896 et
984 2856 1047 2898 om·

127 2939 192 2998 nes,
213 2922 263 2998 qui
280 2929 426 3001 reguntur
442 2922 494 2982 tali
512 2923 616 3000 ooulo,
634 2921 789 2982 tenebrosi
807 2926 886 2995 sunt,
901 2919 973 2979 lieet
990 2919 1049 2981 sibi

127 3003 374 3064 illuminatissimi
413 3005 591 3084 videantur,
637 3003 828 3064 confidentes
866 3004 896 3062 in
934 3001 1047 3062 bonnm

127 3104 213 3145 suum
236 3088 454 3165 intentionem,
476 3087 506 3147 id
529 3095 592 3167 est,
613 3090 644 3147 in
668 3087 790 3147 ooulurn
811 3086 977 3166 proprium.

210 3167 412 3229 Corollarium
435 3172 579 3250 sequitur.
615 3169 729 3230 Ooulns
752 3175 859 3230 noster
880 3174 968 3228 extra
989 3187 1047 3228 nos

127 3257 175 3310 est
196 3258 227 3311 et
248 3271 310 3312 non
333 3254 364 3311 in
387 3253 475 3314 nobis
499 3253 705 3332 quaerendus,
729 3259 760 3312 et
781 3259 883 3312 tomen
905 3253 935 3310 in
956 3250 1048 3310 nobis

128 3341 175 3394 est
196 3342 228 3393 et
247 3335 277 3393 in
300 3335 388 3395 nobis
411 3336 624 3397 inveniendus.
668 3334 758 3409 Quod
781 3336 826 3394 sio
851 3333 1047 3413 intelligitur:

127 3417 208 3494 quod
244 3417 349 3477 ooulus
379 3427 484 3479 noster
518 3439 579 3479 non
609 3425 655 3478 est
683 3425 790 3478 nostre
817 3437 871 3477 seu
894 3416 978 3493 solo,
1015 3417 1046 3475 in

126 3519 187 3578 quo
209 3500 425 3561 confidendum
440 3503 488 3578 sit,
509 3521 567 3562 neo
585 3500 793 3581 cogitandum,
816 3499 974 3578 quomodo
989 3517 1048 3559 nos

131 3638 256 3646 ——.—-
478 3641 548 3647 —--·—

164 3705 194 3771 *)
215 3706 265 3758 Hic
284 3721 375 3760 sermo
396 3707 519 3760 redditur
538 3726 555 3761 a
569 3707 723 3761 Loeschsro
743 3707 763 3773 l,
784 3706 835 3764 756
851 3722 901 3774 sq.,
922 3722 1047 3773 german.
1101 3771 1108 3783 „

117 3792 136 3825 a
161 3778 283 3830 erehr'o
300 3778 366 3844 XII,
389 3779 460 3836 2274
478 3795 540 3850 sqq.
