2356 4200
128 271 188 344 188
450 283 598 343 Sermones
617 281 728 335 liuthari
822 316 825 324 ·

126 455 271 531 tanquam
286 451 391 514 habito
415 452 535 531 effectu,
556 454 671 515 iustitia
691 453 818 530 scilicet,
839 453 904 514 iam·
922 472 984 515 non
1007 454 1048 514 sit

127 536 300 597 necessaria
327 555 428 597 causa.
471 537 556 597 Haec
591 557 664 618 ergo
694 543 742 597 est
762 537 947 617 perversitas
969 543 1044 615 tota,

126 636 194 679 cum
218 619 311 690 etiam
338 619 507 680 secundum
527 619 725 681 Aristotelem
757 619 846 695 (licet
872 621 938 699 ipse
957 622 1044 701 justi·

125 701 199 762 bam
220 701 416 783 exoperibus
437 702 502 764 fieri
525 702 617 781 dicat,
638 702 755 764 actibus
777 703 1044 782 scilicetfrequen·

126 785 215 860 tatis]
240 792 342 845 tamen
366 786 459 845 etiam
481 785 623 864 docetur,
646 785 739 865 quod,
768 806 837 847 cum
866 787 936 846 iusti
957 787 1045 847 fueri·

125 886 208 945 mus,
241 875 305 928 turn
327 869 461 930 maxime
483 888 648 949 possumus
676 871 756 930 iusta
790 870 918 949 operari.
968 869 1044 944 Quis

127 951 209 1012 enim
231 951 322 1012 discit
343 958 476 1031 cantare,
499 960 541 1030 ut,
564 971 632 1012 cum
655 953 770 1030 scierit,
798 971 951 1031 nunquam
975 971 1044 1012 can·

126 1040 179 1111 tet,
201 1054 237 1094 ac
257 1055 321 1096 non
343 1036 445 1114 potius
467 1040 501 1095 ut
522 1054 616 1115 saepe
638 1035 763 1096 cantet?
806 1035 865 1096 Ita
885 1037 1045 1096 iustitia

125 1116 226 1179 sidei
248 1119 334 1178 sine
355 1117 504 1198 quidem
526 1117 705 1179 omuibus
730 1118 856 1190 datum
873 1118 1053 1180 sedtamen'

124 1200 164 1261 ad
186 1220 281 1281 opera
303 1208 334 1261 et
354 1207 479 1281 propter
503 1220 598 1281 opera
619 1201 716 1279 datur,
739 1203 869 1261 comsit
890 1220 940 1262 res
953 1220 1043 1281 quae·

125 1283 196 1343 dam
224 1285 295 1343 viva
324 1303 383 1344 nec
404 1285 503 1364 possit
525 1303 593 1344 esse
627 1285 735 1347 otiosa.
779 1283 831 1346 Sic
852 1285 1043 1346 circumcisio

123 1366 268 1427 Abrahae
287 1368 344 1428 luit
365 1386 444 1447 opus
465 1366 536 1427 tidei
559 1386 613 1427 seu
634 1368 785 1445 iustitiae,
813 1373 844 1427 et
865 1387 927 1429 non
950 1386 1044 1428 causa

124 1451 268 1527 iustitiae,
301 1451 423 1530 accepit
445 1451 526 1510 enirn
555 1469 623 1510 eam
646 1469 703 1529 pro
727 1451 886 1529 signaculo
910 1451 1044 1511 iustitiae

123 1531 210 1609 fidei,
241 1533 330 1595 Rom.
360 1534 389 1596 4.
411 1532 459 1593 Ac
491 1534 536 1592 sic
558 1552 666 1593 omnes
703 1531 808 1594 Sancti
840 1534 957 1614 antiqui
989 1533 1043 1593 ali·

125 1615 207 1694 quod
238 1617 358 1696 signum
390 1616 463 1676 foris
485 1617 660 1683 necessario
682 1617 713 1675 in
744 1635 839 1696 opere
860 1616 1042 1693 habuerunt,

124 1719 186 1778 quo
209 1698 282 1758 tidei
302 1699 448 1758 iustitiam
471 1699 553 1759 intus
575 1704 762 1761 testarentur
782 1699 866 1759 foris.
890 1698 941 1761 Sic
962 1697 1043 1760 Abel

124 1801 198 1842 suae
219 1780 291 1842 lidei
314 1782 506 1863 signaculum
526 1780 633 1843 habuit
655 1780 847 1858 sacrificium,
872 1787 903 1842 et
934 1801 1042 1842 conse-

124 1871 253 1944 quenter
282 1872 410 1944 postea
429 1884 537 1925 omnes
573 1864 604 1925 S.
636 1865 752 1925 Patres.
797 1864 926 1940 Quare
952 1872 1046 1926 aut-e

125 1967 237 2008 omne
260 1966 355 2027 opus
378 1953 536 2027 oportet
555 1948 680 2027 ipsam
704 1966 915 2028 personam
932 1949 1045 2028 grati·

124 2030 242 2091 ficari
264 2049 334 2110 per
363 2031 531 2110 gratiam
552 2030 855 2092 iustificantem
888 2049 935 2089 ex
955 2030 1045 2092 fide.

124 2113 210 2174 Tunc
220 2112 255 2172 tit
266 2112 453 2189 mirabiliter,
475 2119 508 2172 ut
517 2114 595 2173 sicut
611 2112 747 2174 Christus
760 2132 824 2174 non
837 2113 1046 2174 tenebaturad

124 2197 405 2274 circumcisionem,
438 2202 540 2256 tamen
571 2197 638 2257 Deo
668 2196 749 2256 Patri
785 2197 993 2276 gratissimum
1013 2197 1045 2257 in

126 2279 186 2340 lroc
213 2279 286 2338 lecit
307 2297 395 2360 opus,
427 2280 472 2339 sic
499 2279 627 2357 quilibet
647 2280 743 2338 iustus
766 2279 804 2339 ad
827 2279 945 2339 nullum
968 2299 1046 2358 opus

126 2362 204 2442 legis
226 2368 363 2439 tenetur,
399 2368 553 2422 ettamen
577 2361 685 2423 eadem
706 2362 780 2422 facit
800 2369 832 2421 et
854 2361 946 2423 debet
966 2362 1046 2439 Deo,

125 2451 244 2504 tanturn
267 2444 384 2504 scilicet
404 2445 581 2523 requiritur,
612 2452 728 2505 utnon
751 2446 936 2505 necessitate
957 2445 1046 2525 legis,

124 2526 178 2586 sed
201 2526 360 2586 voluntate
382 2526 483 2587 cordis
515 2527 620 2605 faciat;
661 2547 733 2587 narn
769 2529 941 2588 necessitas
973 2527 1047 2587 facit
1071 2550 1075 2557 ’

124 2628 257 2685 servum,
270 2609 619 2687 voluutasliberum,illa
630 2610 885 2691 peccatum‚haec
894 2611 1046 2670 meritum.

210 2692 352 2753 Secundo
383 2692 516 2752 dimissis
537 2693 584 2752 his
616 2693 776 2754 subtilibus
808 2694 958 2754 rationem
991 2694 1046 2753 cir-

127 2775 324 2837 cumcisionis
347 2774 458 2836 Christi
479 2776 627 2836 moralem
652 2775 704 2835 dat
725 2775 934 2853 Bernhardus,
963 2775 1046 2854 quod

127 2858 246 2918 scilicet
269 2858 410 2919 Christus.
429 2878 486 2937 pro
509 2858 598 2920 nobis
617 2860 716 2920 voluit
737 2861 871 2938 reputari
887 2865 1046 2938 peccator,

126 2941 208 3020 quod
232 2959 294 3001 non
317 2948 398 3019 erat,
433 2947 464 3000 et
495 2941 686 3020 circumcidi,
718 2940 800 3021 quod
830 2961 891 3003 nou
917 2960 994 3020 opus
1013 2943 1046 3002 ei

126 3030 207 3102 erat,
240 3030 274 3083 ut
302 3043 360 3084 nos
388 3023 570 3084 desistamus
604 3024 684 3085 velle
710 3025 844 3104 reputari
872 3023 954 3102 quod
983 3042 1046 3084 non

128 3126 242 3183 sumus,
266 3112 297 3166 et
318 3106 409 3182 velle,
432 3106 514 3184 quod
538 3127 601 3167 non
624 3114 674 3168 est
693 3125 788 3186 opus3
810 3113 848 3169 atv
862 3114 895 3166 ut
916 3107 1046 3167 velimus

124 3190 258 3270 reputari
273 3189 355 3269 quod
371 3208 485 3266 sumus,
506 3196 537 3249 et
558 3189 648 3269 velle,
672 3189 755 3269 quod
777 3189 866 3250 nobis
889 3207 971 3268 opus
989 3197 1044 3251 est.

125 3272 202 3332 Nam
225 3272 297 3331 huic
323 3273 505 3353 gravissimo
536 3278 567 3333 et
588 3273 784 3333 tenacissimo
807 3271 916 3333 morbo
944 3272 1046 3332 mede·

126 3361 173 3415 tur
194 3355 244 3414 hic
266 3354 412 3418 Christus.
435 3354 537 3416 Homo
560 3355 718 3435 superbus,
740 3374 808 3415 oum
831 3355 870 3414 sit
891 3362 1047 3433 peccator,

125 3437 191 3497 vult
220 3444 322 3497 tamen
352 3439 463 3514 iustus,
493 3457 556 3499 uon
584 3444 730 3517 peccator
756 3438 872 3519 putari,
906 3444 938 3497 et
958 3439 1047 3517 ponit

125 3520 230 3581 nidum
253 3539 340 3580 suum
370 3522 450 3581 inter
478 3520 580 3582 sidera
611 3541 648 3582 ao
674 3521 884 3581 babitaculum
905 3540 992 3580 suum
1014 3522 1045 3580 in

126 3603 267 3664 scissuris
288 3609 444 3683 petrarum
467 3603 566 3682 abdit,
600 3604 662 3665 hoc
684 3611 740 3681 est,
762 3605 842 3665 inter
863 3603 960 3663 iustos
983 3603 1049 3663 vult

126 3687 296 3765 numerari,
335 3705 403 3746 cum
438 3687 518 3747 inter
550 3692 731 3768 peccatores
763 3687 803 3748 sit
830 3685 1051 3747 numerandus

129 3769 210 3830 Vide
234 3788 319 3851 ergo,
341 3775 373 3829 tu
391 3770 472 3831 inter
492 3769 624 3840 Sanctae
646 3770 692 3830 vis
714 3769 832 3852 fulgere
854 3777 886 3831 et
906 3787 969 3830 non
993 3769 1048 3830 cir·
