2356 4200
523 291 656 346 hstarisci

440 503 491 596 'X.
514 504 725 588 Obeliscus.*)

209 624 264 685 Ec.
286 623 388 684 lllatio
404 625 624 702 propositionis
639 629 686 684 est
701 623 795 701 nulla,
812 621 1048 683 illatum-tamen

128 727 191 768 non
213 706 417 784 admittimus,
451 724 520 765 aum
550 702 731 766 riciarium
754 705 895 765 datarum
916 722 1048 784 poanmn

126 790 262 850 remittat
295 787 457 866 sacerdos,
489 790 582 849 etiarn
609 790 677 849 Deo
700 788 851 866 debitam,
885 790 929 847 ne'
947 787 1049 848 nobile

126 873 205 952 logis
228 871 427 951 evangelicae
450 879 676 932 sacramentum
699 873 739 930 sit
758 871 798 930 de
820 877 927 931 ventm
1000 894 1004 913 ¹

131 973 137 984 ¹
213 953 300 1014 Luth.
322 953 519 1014 Antecedcus
542 956 667 1034 negavit
689 972 747 1013 neo
762 953 959 1039 improbavit,
981 951 1049 1025 ideo

130 1037 240 1098 eadem
264 1036 425 1115 prudentia
453 1043 484 1096 et
511 1037 764 1115 consequentiam
791 1047 911 1117 regau.
932 1042 1047 1096 tautum

128 1126 176 1181 est
198 1121 370 1180 autoritatis
392 1118 482 1179 huius
504 1120 707 1180 scholasticas
729 1119 867 1198 tripodis.
905 1119 1048 1208 «Negant,

127 1202 302 1283 negandum
316 1200 543 1280 estallirmant,
559 1201 770 1262 affirmandum
793 1208 849 1279 est,
871 1201 955 1269 idam
978 1208 1049 1280 qno'·

128 1304 187 1363 que
208 1303 311 1344 rursus
334 1285 359 1343 si
390 1295 523 1364 negant,
557 1284 730 1366 negandum
752 1295 808 1347 est.
851 1284 924 1344 Non
948 1293 1047 1345 tamen

126 1367 198 1427 ideo
230 1366 353 1444 credas,
383 1367 496 1446 lector,
530 1388 585 1428 eos
613 1387 682 1428 esse
708 1366 869 1427 Guatoues
898 1365 1047 1446 quosdam

126 1449 339 1525 Terentianos,
362 1449 500 1529 theologi
523 1458 602 1528 suut,
624 1451 655 1510 id
679 1457 735 1524 est,
758 1450 855 1515 Deum
875 1449 1046 1529 loquentes

127 1552 196 1593 eum
219 1532 345 1606 scilicet,
368 1534 419 1611 qui
442 1553 586 1612 maguum
608 1535 737 1612 inspirat
759 1532 880 1593 vatibus
902 1534 1046 1610 hrotam,

128 1622 161 1674 ut
181 1615 265 1679 nosti
285 1634 324 1674 ex
346 1615 485 1694 Virgilio.

209 1697 278 1777 Age
306 1717 395 1770 vero,
424 1697 504 1756 hanc
533 1717 633 1758 meam
661 1699 892 1759 conclusionem
929 1696 1046 1759 illata·
1078 1718 1082 1725 ¹

127 1780 199 1841 idco
228 1798 289 1839 non
319 1779 452 1840 admittit
480 1782 641 1860 speciosus
667 1781 718 1841 hic
739 1781 907 1853 obeliscus,
941 1799 990 1840 ns:
1009 1782 1046 1841 sit

128 1868 351 1923 sacramentum
376 1862 415 1922 de
436 1871 539 1924 vento.
584 1863 705 1924 Gratias
727 1865 856 1941 agimus.
895 1862 975 1923 'I'um
991 1863 1045 1926 soi-

127 1945 202 2006 licet
223 1965 286 2005 non
308 1953 356 2005 est
376 1945 415 2005 de
433 1954 537 2023 vento,
559 1953 622 2005 turn
637 1956 684 2006 est
696 1946 801 2008 nobile
812 1944 1045 2022 sacramentum}

127 2029 219 2108 plane
229 2026 257 2110 ¹)
273 2025 495 2108 evangelicum,
507 2028 629 2108 quando
644 2029 1045 2109 nouaculpamatconscicn·

128 2112 217 2188 tiam,
246 2110 300 2170 sed
327 2130 477 2190 poenam,
506 2111 620 2190 idest,
647 2111 826 2171 vilissimam
849 2117 882 2171 et
903 2111 1046 2173 omnibus

128 2193 307 2253 Christianis
335 2193 597 2273 contemptibilem
625 2214 704 2273 rem,
734 2195 870 2254 remittit.
913 2192 1045 2256 Othoc-

127 2276 227 2356 logm,
250 2277 300 2354 qui
321 2278 365 2336 ita
387 2276 584 2356 magnificant
604 2295 739 2356 poenas,
763 2284 796 2336 ut
816 2276 970 2351 lacient²)
994 2296 1045 2357 pu-

128 2359 295 2418 sillanimes
318 2358 516 2438 Christianos,
538 2359 689 2420 feliciores
711 2361 820 2440 gentis,
843 2361 894 2438 qui
915 2378 990 2421 suos
1007 2358 1045 2420 ad

129 2447 258 2500 mortem
280 2441 423 2503 solebant
442 2444 588 2504 animare.
628 2443 693 2502 Nos
714 2462 769 2522 per
792 2442 951 2503 horrorem
973 2461 1045 2522 poe-

127 2542 233 2583 narum
262 2530 384 2584 nostros
414 2543 510 2602 usque
531 2524 571 2585 ad
591 2525 739 2604 puerilem
761 2524 955 2585 formidinem
979 2544 1044 2606 per·

128 2606 276 2666 ducimus.
320 2606 379 2667 Sed
402 2626 494 2687 supra
515 2609 589 2667 satis
611 2608 727 2669 dictum
750 2615 805 2686 est,
829 2627 891 2668 non
914 2627 1045 2668 assera·

127 2708 202 2767 rum,
225 2690 337 2749 remitti
358 2708 490 2768 posnam
514 2689 647 2750 debitam
663 2691 730 2750 Deo
743 2698 1042 2769 persacramentum.

209 2771 308 2831 Doleo
330 2779 432 2832 autem
447 2772 646 2833 Sacramenta
659 2772 849 2853 novaelegis
863 2775 1044 2847 soscrisse,

36 2861 40 2881 ¹
126 2861 160 2914 ut
181 2856 243 2915 sint
265 2856 430 2915 ministeria
452 2875 550 2914 rerum
573 2856 803 2935 temporalium,
832 2856 953 2916 scilicet
972 2875 1042 2936 poe·

77 2944 80 2949 “
128 2957 245 3016 narum,
268 2956 336 2998 cum
361 2940 421 2998 sint
441 2937 514 2998 data
535 2940 565 2996 in
586 2940 818 3017 acquisitionem
832 2958 932 2998 rerum
949 2947 1045 3000 astar·

127 3040 243 3082 narum.
297 3020 357 3080 Sed
387 3023 465 3080 sicut
490 3021 627 3101 theologi
655 3040 718 3082 non
741 3029 811 3081 sunt
832 3023 890 3080 nisi
913 3023 1044 3099 ventosi,

127 3112 158 3164 et
180 3105 277 3164 ventis
300 3106 478 3183 opinionum
501 3105 580 3163 sicut
593 3105 697 3165 vesica
719 3104 808 3164 suilla
824 3103 960 3167 distenti.
1000 3105 1045 3165 lta

126 3206 188 3247 nou
216 3186 255 3246 de
285 3193 376 3246 vento
407 3185 461 3246 scd
491 3186 521 3244 in
554 3194 678 3247 ventum
708 3194 914 3247 transmutant
941 3186 1044 3248 nobile

126 3277 349 3329 sacramentum
381 3269 544 3348 evangelii.
594 3268 751 3348 Siquidem
782 3270 918 3329 omnium
953 3271 1044 3331 stiam

125 3351 401 3432 ipsorumiudicio
428 3359 620 3412 sacramenta
646 3358 796 3413 vocantur
820 3370 896 3412 vasa
916 3354 1044 3433 gratim,

126 3443 256 3515 excepto
280 3454 341 3495 uno
363 3435 474 3514 Esaia,
502 3436 553 3513 qui
579 3443 672 3496 vocat
693 3453 768 3496 vasa
788 3453 959 3514 poenarum
981 3453 1045 3499 uon

133 3597 259 3604 -.--

179 3656 208 3720 ⁸)
228 3656 368 3710 Adversus
390 3657 433 3711 20.
454 3657 575 3709 conclus.
595 3649 714 3708 Lntheri.

120 3729 262 3857 fadqgtln
281 3730 323 3783 ed.
344 3730 417 3781 Witt
437 3736 464 3780 et
484 3728 556 3796 apud
576 3726 702 3782 Loeschi:
725 3725 885 3839 tumplaue.
910 3726 945 3796 2)
958 3725 1043 3782 Istus·
