2356 4200
423 282 449 345 a,
468 266 539 325 1517
557 265 654 351 sauia.
942 262 1005 331 173

165 416 225 495 Qui
248 438 323 502 ergo
345 438 418 480 vere
440 427 512 483 sunt
533 421 691 502 sapientes
715 420 735 480 i.
759 438 785 479 e.
809 418 1000 499 insipientes,
1014 418 1033 446 ⁰

59 502 111 582 ‚hi
136 520 261 584 semper
282 503 402 563 dicunt:
445 502 568 586 Dirige,
589 502 742 583 Domine,
770 502 801 561 in
835 508 1005 644 conspectu

81 593 133 646 tuo
168 586 253 646 riam
282 593 383 646 meam
413 591 445 646 et
472 604 596 671 gressus
624 604 712 647 meos
745 583 854 665 duige.
939 586 1004 664 tqui

81 669 126 728 sic
147 674 232 749 orat,
254 669 360 748 utique
383 684 508 729 caecum
531 676 563 731 et
582 668 778 750 insipientem
812 684 882 727 sese
911 664 1005 728 conil-

80 757 178 830 tetur,
200 758 235 812 ut
255 757 352 894 patet.
399 750 470 811 Non
499 758 603 813 autem
623 751 745 813 ridetur
766 749 823 811 sibi
844 749 1003 831 insipiens,

81 834 168 914 quasi
189 833 255 895 nihi
269 830 390 895 ominus
413 834 454 894 eit
474 835 608 916 sapiens.
642 833 805 915 sepientes
817 837 929 913 autem,
940 833 962 894 i.
975 850 1003 897 θ.

80 917 175 996 stulti,
209 914 334 979 dicunt:
378 915 453 992 Quis
483 916 627 979 ostendet
663 914 753 977 nobis
783 914 885 976 bone?
937 914 1003 978 Nos

79 1018 183 1060 sumus
204 998 287 1079 quod
310 1018 431 1077 sumus,
463 1002 533 1081 piae
561 1000 740 1061 intentionis
763 1004 794 1058 et
814 1004 918 1058 rectae
940 997 1002 1058 dic·

80 1091 184 1143 tamen
207 1084 335 1144 rationis
358 1084 529 1164 sequimur,
558 1084 638 1144 sicut
665 1081 773 1143 Cicero
808 1079 847 1142 de
881 1079 1003 1143 Senect.

79 1165 239 1246 gloriatur,
260 1163 344 1246 quod
366 1165 398 1224 in
421 1164 482 1226 hoc
504 1167 659 1246 sapientes
672 1167 742 1243 sint,
756 1162 839 1244 quod
851 1163 1003 1224 rationem

80 1252 227 1328 tanquam
257 1249 406 1329 optimum
435 1246 546 1310 ducem
576 1255 752 1329 sequuntur.
806 1245 892 1307 Haeo
928 1264 1003 1329 ergo

79 1338 164 1391 recte
184 1332 280 1411 ratio,
301 1330 365 1394 hoc
386 1328 555 1411 dictamen,
576 1331 656 1393 haec
677 1329 843 1411 prudentia
863 1334 1002 1410 naturae,

81 1432 161 1494 quae
181 1432 266 1474 nunc
286 1431 353 1494 per·
365 1415 470 1475 omnia
491 1415 610 1497 pulpita
630 1423 778 1475 resonant
799 1420 830 1473 et
839 1413 1002 1491 iactantur,

80 1499 148 1577 ipsa
169 1503 218 1558 est
240 1497 392 1577 sepientis
414 1503 446 1558 et
466 1497 638 1578 prudentia,
660 1496 708 1557 cui
731 1493 894 1557 abscondit
914 1501 1004 1576 pater

79 1598 219 1659 eaquae
241 1585 405 1659 suasunt,
432 1583 468 1642 ut
494 1600 562 1641 eam
591 1580 715 1641 stultam
742 1585 774 1639 et
793 1597 879 1639 ream
900 1578 1002 1657 iaciat,
1059 1620 1068 1641 ,

79 1670 110 1723 e't
137 1664 267 1743 gretiam
297 1661 479 1745 dirigentem
507 1680 655 1744 quaerere
686 1668 788 1743 cogat
837 1660 932 1722 Porro
956 1680 1002 1724 se»

81 1747 170 1826 piens
192 1751 224 1806 et
244 1745 421 1826 intelligens
444 1755 575 1826 possunt
596 1747 640 1807 ita
661 1744 822 1827 distingui,
849 1742 933 1823 quod
954 1762 1001 1804 aa·

80 1829 168 1908 piens
191 1835 248 1908 est,
270 1828 322 1908 qui
344 1829 487 1889 iuvenum
510 1839 558 1890 est
576 1836 607 1890 et
624 1827 753 1889 oliorum
770 1827 925 1909 magister,
947 1845 1002 1907 po-

79 1922 148 1972 tens
170 1910 249 1973 alios
271 1912 394 1990 docere,
415 1912 610 1994 intelligens,
638 1912 690 1991 qui
712 1929 812 1991 capax
833 1910 873 1970 sit
894 1928 1002 1991 eprurn

80 2013 160 2074 quae
177 1995 347 2073 traduntur,
368 1995 488 2075 utrique
505 1996 586 2056 enim
607 1994 691 2055 stulti
711 1999 782 2054 sunt
797 1990 879 2073 a'pnd
892 1992 1002 2053 Deum.

162 2076 212 2137 Ad
235 2075 403 2138 secuudum
418 2076 632 2158 respondetur,
655 2075 737 2159 quod
748 2077 809 2137 ista
820 2073 1003 2159 abscondita

79 2160 141 2219 sint
162 2161 231 2239 ipse
253 2159 389 2220 Christus
419 2167 451 2221 et
472 2160 557 2222 Deus
584 2160 689 2239 Pater,
721 2158 775 2219 sed
804 2158 906 2219 statim
935 2158 1003 2239 ipse

80 2240 220 2302 resolvet
241 2241 359 2303 dicens:
392 2242 505 2305 Omnia
532 2243 605 2304 mihi
633 2242 744 2304 tradita
774 2248 844 2302 sunt
870 2259 889 2300 a
915 2249 1003 2322 patre

82 2343 165 2403 meo,
190 2331 221 2385 et
243 2342 335 2386 nemo
358 2327 445 2386 novit
465 2325 561 2386 filium
584 2327 642 2387 nisi
664 2333 752 2407 pater
773 2331 1004 2406 nequepatrem

81 2408 150 2487 quis
173 2409 262 2469 novit
282 2409 342 2469 nisi
363 2407 453 2490 filius,
478 2419 509 2470 et
530 2411 579 2471 cui
601 2409 680 2469 lilius
703 2408 835 2469 voluerit
854 2406 1003 2469 revelare.

79 2490 176 2571 Igitur
197 2491 334 2571 cognitio
355 2492 414 2552 Dei
436 2498 468 2553 et
490 2492 615 2573 Christi,
643 2491 741 2553 Patris
763 2498 795 2552 et
815 2490 897 2570 Filii,
924 2489 1003 2551 haec

79 2581 150 2634 sunt
171 2573 363 2654 abscondite,
385 2575 416 2635 in
439 2594 518 2656 quae
537 2576 712 2719 impingunt
732 2576 866 2637 maxime
884 2575 1002 2655 sopien-

80 2666 125 2717 tes
148 2663 181 2717 et
202 2658 310 2720 sancti.
345 2656 431 2720 Sicut
450 2658 524 2719 dicit
538 2659 576 2719 Jo
600 2677 714 2719 annes:
745 2656 786 2718 Et
798 2656 876 2718 haec
889 2656 1003 2718 facient
1083 2714 1086 2718 ,

79 2739 169 2800 vobis
196 2738 385 2814 (occidendo
410 2741 581 2803 arbitraturi
598 2761 631 2802 se
652 2741 832 2820 obsequium
845 2747 1003 2822 praestare

78 2822 178 2905 Deo,)
204 2823 360 2902 quianon
383 2831 535 2885 noverunt
557 2825 688 2902 Patrem,
709 2843 810 2903 neque
832 2842 890 2884 me.
925 2821 999 2883 ideo

79 2906 162 2965 euim
175 2905 359 2967 arbitrantur
366 2926 400 2967 se
407 2907 588 2987 obsequium
597 2913 754 2988 praestare
762 2906 840 2985 Deo,
854 2906 1003 2985 quiesunt

79 2989 235 3069 sapientes
258 2996 289 3049 et
309 2990 528 3071 intelligentes,
550 3010 613 3051 non
635 2989 769 3071 parvuli:
797 2988 868 3049 ideo
896 2993 1000 3048 autem
1118 3046 1123 3051 .

79 3072 251 3152 sapientes,
280 3073 352 3151 quia
373 3072 451 3133 haec
472 3072 671 3152 abscondita,
704 3091 762 3132 nec
794 3071 915 3132 Patrem
943 3089 1001 3130 nec

79 3154 203 3233 lilium,
231 3162 434 3236 cognoscunt.
485 3154 573 3229 Quae
600 3164 647 3217 est
678 3174 753 3235 ergo
783 3155 920 3236 cognitio
942 3153 1000 3214 Dei

79 3258 97 3296 a
127 3235 250 3297 Christo
280 3236 411 3298 tradito?
454 3236 536 3320 Ergo
571 3239 675 3299 omnia
704 3237 793 3298 nobis
827 3236 931 3298 ablata
971 3243 1003 3298 et

79 3321 154 3381 nihil
196 3320 287 3382 nobis
326 3321 487 3381 relictum?
543 3321 602 3382 Ubi
635 3332 709 3403 ergo
744 3329 792 3381 est
828 3319 1001 3402 sapientia?

79 3402 138 3464 Ubi
165 3403 302 3463 iustitia?
346 3403 404 3465 Ubi
432 3404 569 3465 veritas?
618 3403 677 3466 Ubi
704 3403 821 3464 virtus?
868 3402 938 3464 Non
968 3405 1000 3464 in

80 3485 169 3547 nobis
192 3485 246 3546 sed
269 3487 300 3546 in
323 3485 461 3566 Christo,
484 3495 571 3547 extra
592 3506 651 3548 nos
672 3489 703 3547 in
727 3486 803 3547 Deo.
846 3485 930 3568 Ergo
955 3487 1001 3546 sic

79 3569 209 3648 parvuli,
232 3568 325 3648 stulti,
347 3576 539 3650 peccatores,
562 3569 743 3649 mendaces,
766 3568 894 3651 iniirmi,
929 3571 1002 3629 vani

78 3652 151 3712 iacti
174 3672 289 3730 sumus,
311 3651 384 3712 dum
405 3655 510 3714 omnia
532 3652 653 3714 Christo
676 3651 795 3713 dantur.
836 3651 919 3733 Ergo
943 3671 1002 3713 nec

79 3734 202 3796 Patrem
224 3737 282 3796 nisi
303 3736 407 3816 Filius,
422 3734 486 3797 'nec
506 3734 618 3796 Filium
638 3736 697 3796 uisi
718 3736 809 3798 Pater
830 3735 1001 3817 cognoscit,
