<?xml version="1.0" encoding="UTF-8"?>
<!DOCTYPE html PUBLIC "-//W3C//DTD XHTML 1.0 Transitional//EN"
    "http://www.w3.org/TR/xhtml1/DTD/xhtml1-transitional.dtd">
<html xmlns="http://www.w3.org/1999/xhtml" xml:lang="en" lang="en">
 <head>
  <title>
</title>
<meta http-equiv="Content-Type" content="text/html;charset=utf-8" />
  <meta name='ocr-system' content='tesseract 3.04.00' />
  <meta name='ocr-capabilities' content='ocr_page ocr_carea ocr_par ocr_line ocrx_word'/>
</head>
<body>
  <div class='ocr_page' id='page_1' title='image "./dmartinilutheri01luthgoog_0052.png"; bbox 0 0 2356 4200; ppageno 0'>
   <div class='ocr_carea' id='block_1_1' title="bbox 462 296 1056 363">
    <p class='ocr_par' dir='ltr' id='par_1_1' title="bbox 462 296 1056 363">
     <span class='ocr_line' id='line_1_1' title="bbox 462 296 1056 363; baseline 0.02 -12"><span class='ocrx_word' id='word_1_1' title='bbox 462 316 493 355; x_wconf 64' lang='lat' dir='ltr'>a</span> <span class='ocrx_word' id='word_1_2' title='bbox 512 300 703 358; x_wconf 67' lang='lat' dir='ltr'>teloneum</span> <span class='ocrx_word' id='word_1_3' title='bbox 1011 296 1056 363; x_wconf 64' lang='grc'>47·</span> 
     </span>
    </p>
   </div>
   <div class='ocr_carea' id='block_1_2' title="bbox 119 466 1056 2052">
    <p class='ocr_par' dir='ltr' id='par_1_2' title="bbox 119 466 1056 2052">
     <span class='ocr_line' id='line_1_2' title="bbox 138 466 1053 552; baseline 0.001 -22"><span class='ocrx_word' id='word_1_4' title='bbox 138 470 162 530; x_wconf 84' lang='lat' dir='ltr'>ri</span> <span class='ocrx_word' id='word_1_5' title='bbox 179 470 261 531; x_wconf 81' lang='lat' dir='ltr'>anim</span> <span class='ocrx_word' id='word_1_6' title='bbox 283 488 351 532; x_wconf 90' lang='lat' dir='ltr'>non</span> <span class='ocrx_word' id='word_1_7' title='bbox 372 475 458 531; x_wconf 87' lang='lat' dir='ltr'>asset</span> <span class='ocrx_word' id='word_1_8' title='bbox 477 470 571 551; x_wconf 88' lang='lat' dir='ltr'>Deus,</span> <span class='ocrx_word' id='word_1_9' title='bbox 594 477 703 552; x_wconf 83' lang='lat' dir='ltr'>posset</span> <span class='ocrx_word' id='word_1_10' title='bbox 721 470 805 532; x_wconf 86' lang='lat' dir='ltr'>foras</span> <span class='ocrx_word' id='word_1_11' title='bbox 828 466 943 529; x_wconf 81' lang='lat' dir='ltr'>effundi</span> <span class='ocrx_word' id='word_1_12' title='bbox 964 473 1053 531; x_wconf 75' lang='lat' dir='ltr'>atse-</span> 
     </span>
     <span class='ocr_line' id='line_1_3' title="bbox 134 552 1056 633; baseline -0.002 -19"><span class='ocrx_word' id='word_1_13' title='bbox 134 554 246 633; x_wconf 80' lang='lat' dir='ltr'>psruri,</span> <span class='ocrx_word' id='word_1_14' title='bbox 268 572 308 614; x_wconf 86' lang='lat' dir='ltr'>ac</span> <span class='ocrx_word' id='word_1_15' title='bbox 329 553 398 615; x_wconf 89' lang='lat' dir='ltr'>aliis</span> <span class='ocrx_word' id='word_1_16' title='bbox 419 555 557 633; x_wconf 70' lang='lat' dir='ltr'>misceri,</span> <span class='ocrx_word' id='word_1_17' title='bbox 584 554 639 616; x_wconf 85' lang='lat' dir='ltr'>sed</span> <span class='ocrx_word' id='word_1_18' title='bbox 659 555 722 617; x_wconf 90' lang='lat' dir='ltr'>hoc</span> <span class='ocrx_word' id='word_1_19' title='bbox 741 573 805 614; x_wconf 92' lang='lat' dir='ltr'>non</span> <span class='ocrx_word' id='word_1_20' title='bbox 828 558 946 633; x_wconf 85' lang='lat' dir='ltr'>potest,</span> <span class='ocrx_word' id='word_1_21' title='bbox 975 552 1056 613; x_wconf 89' lang='lat' dir='ltr'>sicut</span> 
     </span>
     <span class='ocr_line' id='line_1_4' title="bbox 132 634 1049 719; baseline 0.001 -23"><span class='ocrx_word' id='word_1_22' title='bbox 132 655 186 697; x_wconf 78' lang='lat' dir='ltr'>rec</span> <span class='ocrx_word' id='word_1_23' title='bbox 194 635 334 698; x_wconf 86' lang='lat' dir='ltr'>hominis</span> <span class='ocrx_word' id='word_1_24' title='bbox 355 636 679 719; x_wconf 86' lang='lat' dir='ltr'>verbumhocpotest.</span> <span class='ocrx_word' id='word_1_25' title='bbox 722 637 837 716; x_wconf 85' lang='lat' dir='ltr'>Tertio,</span> <span class='ocrx_word' id='word_1_26' title='bbox 860 634 944 715; x_wconf 90' lang='lat' dir='ltr'>quod</span> <span class='ocrx_word' id='word_1_27' title='bbox 957 654 1049 697; x_wconf 88' lang='lat' dir='ltr'>nemo</span> 
     </span>
     <span class='ocr_line' id='line_1_5' title="bbox 128 717 1052 802; baseline -0.001 -23"><span class='ocrx_word' id='word_1_28' title='bbox 128 719 227 800; x_wconf 84' lang='lat' dir='ltr'>ipsam</span> <span class='ocrx_word' id='word_1_29' title='bbox 247 721 348 800; x_wconf 83' lang='lat' dir='ltr'>novit,</span> <span class='ocrx_word' id='word_1_30' title='bbox 369 721 428 781; x_wconf 87' lang='lat' dir='ltr'>nisi</span> <span class='ocrx_word' id='word_1_31' title='bbox 448 722 517 800; x_wconf 87' lang='lat' dir='ltr'>ipse</span> <span class='ocrx_word' id='word_1_32' title='bbox 537 719 643 802; x_wconf 87' lang='lat' dir='ltr'>Peter,</span> <span class='ocrx_word' id='word_1_33' title='bbox 666 722 746 782; x_wconf 82' lang='lat' dir='ltr'>siout</span> <span class='ocrx_word' id='word_1_34' title='bbox 766 720 798 780; x_wconf 91' lang='lat' dir='ltr'>iu</span> <span class='ocrx_word' id='word_1_35' title='bbox 822 719 986 800; x_wconf 80' lang='lat' dir='ltr'>evengelio</span> <span class='ocrx_word' id='word_1_36' title='bbox 1009 717 1052 778; x_wconf 88' lang='lat' dir='ltr'>di·</span> 
     </span>
     <span class='ocr_line' id='line_1_6' title="bbox 131 800 1053 884; baseline -0.003 -20"><span class='ocrx_word' id='word_1_37' title='bbox 131 804 214 881; x_wconf 86' lang='lat' dir='ltr'>citur,</span> <span class='ocrx_word' id='word_1_38' title='bbox 237 823 334 865; x_wconf 88' lang='lat' dir='ltr'>nemo</span> <span class='ocrx_word' id='word_1_39' title='bbox 347 804 435 865; x_wconf 88' lang='lat' dir='ltr'>novit</span> <span class='ocrx_word' id='word_1_40' title='bbox 444 802 548 884; x_wconf 77' lang='lat' dir='ltr'>filium,</span> <span class='ocrx_word' id='word_1_41' title='bbox 565 807 624 867; x_wconf 89' lang='lat' dir='ltr'>nisi</span> <span class='ocrx_word' id='word_1_42' title='bbox 636 810 734 884; x_wconf 82' lang='lat' dir='ltr'>peter.</span> <span class='ocrx_word' id='word_1_43' title='bbox 757 802 885 882; x_wconf 79' lang='lat' dir='ltr'>Quarto,</span> <span class='ocrx_word' id='word_1_44' title='bbox 898 800 981 882; x_wconf 89' lang='lat' dir='ltr'>quod</span> <span class='ocrx_word' id='word_1_45' title='bbox 992 800 1053 864; x_wconf 91' lang='lat' dir='ltr'>hcc</span> 
     </span>
     <span class='ocr_line' id='line_1_7' title="bbox 130 885 1053 969; baseline -0.001 -22"><span class='ocrx_word' id='word_1_46' title='bbox 130 886 254 948; x_wconf 83' lang='lat' dir='ltr'>verbum</span> <span class='ocrx_word' id='word_1_47' title='bbox 276 893 325 947; x_wconf 86' lang='lat' dir='ltr'>est</span> <span class='ocrx_word' id='word_1_48' title='bbox 346 887 525 965; x_wconf 86' lang='lat' dir='ltr'>consilium,</span> <span class='ocrx_word' id='word_1_49' title='bbox 547 889 714 969; x_wconf 83' lang='lat' dir='ltr'>sepientis,</span> <span class='ocrx_word' id='word_1_50' title='bbox 742 888 870 967; x_wconf 83' lang='lat' dir='ltr'>veritas,</span> <span class='ocrx_word' id='word_1_51' title='bbox 898 885 1053 966; x_wconf 88' lang='lat' dir='ltr'>iudicium,</span> 
     </span>
     <span class='ocr_line' id='line_1_8' title="bbox 129 969 1054 1051; baseline -0.001 -20"><span class='ocrx_word' id='word_1_52' title='bbox 129 971 277 1051; x_wconf 80' lang='lat' dir='ltr'>cogitatio</span> <span class='ocrx_word' id='word_1_53' title='bbox 299 971 373 1049; x_wconf 85' lang='lat' dir='ltr'>Dei,</span> <span class='ocrx_word' id='word_1_54' title='bbox 406 970 487 1030; x_wconf 88' lang='lat' dir='ltr'>unde</span> <span class='ocrx_word' id='word_1_55' title='bbox 514 971 653 1033; x_wconf 80' lang='lat' dir='ltr'>Christus</span> <span class='ocrx_word' id='word_1_56' title='bbox 685 977 814 1032; x_wconf 88' lang='lat' dir='ltr'>vocetur</span> <span class='ocrx_word' id='word_1_57' title='bbox 842 969 995 1049; x_wconf 87' lang='lat' dir='ltr'>sapientia</span> <span class='ocrx_word' id='word_1_58' title='bbox 1021 973 1054 1030; x_wconf 88' lang='lat' dir='ltr'>at</span> 
     </span>
     <span class='ocr_line' id='line_1_9' title="bbox 129 1052 1056 1135; baseline -0.002 -21"><span class='ocrx_word' id='word_1_59' title='bbox 129 1055 243 1114; x_wconf 81' lang='lat' dir='ltr'>veritas</span> <span class='ocrx_word' id='word_1_60' title='bbox 263 1053 335 1114; x_wconf 87' lang='lat' dir='ltr'>Dei.</span> <span class='ocrx_word' id='word_1_61' title='bbox 378 1052 511 1132; x_wconf 80' lang='lat' dir='ltr'>Quinto,</span> <span class='ocrx_word' id='word_1_62' title='bbox 533 1056 615 1135; x_wconf 91' lang='lat' dir='ltr'>quod</span> <span class='ocrx_word' id='word_1_63' title='bbox 639 1055 701 1116; x_wconf 88' lang='lat' dir='ltr'>hoc</span> <span class='ocrx_word' id='word_1_64' title='bbox 725 1054 850 1116; x_wconf 83' lang='lat' dir='ltr'>verbum</span> <span class='ocrx_word' id='word_1_65' title='bbox 877 1072 941 1114; x_wconf 89' lang='lat' dir='ltr'>non</span> <span class='ocrx_word' id='word_1_66' title='bbox 967 1052 1056 1114; x_wconf 81' lang='lat' dir='ltr'>aliter</span> 
     </span>
     <span class='ocr_line' id='line_1_10' title="bbox 119 1136 1054 1227; baseline -0.002 -27"><span class='ocrx_word' id='word_1_67' title='bbox 119 1137 257 1201; x_wconf 52' lang='lat' dir='ltr'>emittitur</span> <span class='ocrx_word' id='word_1_68' title='bbox 284 1136 384 1220; x_wconf 81' lang='lat' dir='ltr'>foras,</span> <span class='ocrx_word' id='word_1_69' title='bbox 416 1138 475 1197; x_wconf 91' lang='lat' dir='ltr'>nisi</span> <span class='ocrx_word' id='word_1_70' title='bbox 503 1140 620 1199; x_wconf 86' lang='lat' dir='ltr'>unitum</span> <span class='ocrx_word' id='word_1_71' title='bbox 650 1139 751 1218; x_wconf 86' lang='lat' dir='ltr'>carni,</span> <span class='ocrx_word' id='word_1_72' title='bbox 786 1156 841 1198; x_wconf 87' lang='lat' dir='ltr'>seu</span> <span class='ocrx_word' id='word_1_73' title='bbox 862 1136 1054 1227; x_wconf 65' lang='lat' dir='ltr'>humanitati,</span> 
     </span>
     <span class='ocr_line' id='line_1_11' title="bbox 129 1220 1054 1301; baseline -0.003 -20"><span class='ocrx_word' id='word_1_74' title='bbox 129 1238 208 1299; x_wconf 86' lang='lat' dir='ltr'>qnae</span> <span class='ocrx_word' id='word_1_75' title='bbox 229 1225 281 1281; x_wconf 85' lang='lat' dir='ltr'>est</span> <span class='ocrx_word' id='word_1_76' title='bbox 307 1220 393 1281; x_wconf 85' lang='lat' dir='ltr'>velut</span> <span class='ocrx_word' id='word_1_77' title='bbox 420 1220 548 1282; x_wconf 89' lang='lat' dir='ltr'>verbum</span> <span class='ocrx_word' id='word_1_78' title='bbox 577 1221 713 1301; x_wconf 80' lang='lat' dir='ltr'>visibile,</span> <span class='ocrx_word' id='word_1_79' title='bbox 744 1221 794 1281; x_wconf 90' lang='lat' dir='ltr'>vel</span> <span class='ocrx_word' id='word_1_80' title='bbox 817 1240 895 1301; x_wconf 89' lang='lat' dir='ltr'>opus</span> <span class='ocrx_word' id='word_1_81' title='bbox 916 1220 990 1299; x_wconf 88' lang='lat' dir='ltr'>Dei,</span> <span class='ocrx_word' id='word_1_82' title='bbox 1022 1221 1054 1279; x_wconf 89' lang='lat' dir='ltr'>iu</span> 
     </span>
     <span class='ocr_line' id='line_1_12' title="bbox 127 1302 1055 1384; baseline 0 -21"><span class='ocrx_word' id='word_1_83' title='bbox 127 1321 187 1384; x_wconf 87' lang='lat' dir='ltr'>qno</span> <span class='ocrx_word' id='word_1_84' title='bbox 209 1303 350 1365; x_wconf 85' lang='lat' dir='ltr'>ostendit</span> <span class='ocrx_word' id='word_1_85' title='bbox 371 1304 471 1384; x_wconf 79' lang='lat' dir='ltr'>Deus,</span> <span class='ocrx_word' id='word_1_86' title='bbox 487 1304 560 1384; x_wconf 88' lang='lat' dir='ltr'>quid</span> <span class='ocrx_word' id='word_1_87' title='bbox 583 1304 723 1366; x_wconf 82' lang='lat' dir='ltr'>Christus</span> <span class='ocrx_word' id='word_1_88' title='bbox 753 1306 868 1366; x_wconf 84' lang='lat' dir='ltr'>sentiet</span> <span class='ocrx_word' id='word_1_89' title='bbox 886 1309 920 1366; x_wconf 85' lang='lat' dir='ltr'>et</span> <span class='ocrx_word' id='word_1_90' title='bbox 929 1302 1055 1384; x_wconf 83' lang='lat' dir='ltr'>cogitet,</span> 
     </span>
     <span class='ocr_line' id='line_1_13' title="bbox 127 1386 1056 1469; baseline 0.001 -23"><span class='ocrx_word' id='word_1_91' title='bbox 127 1386 209 1448; x_wconf 86' lang='lat' dir='ltr'>unde</span> <span class='ocrx_word' id='word_1_92' title='bbox 232 1393 265 1447; x_wconf 89' lang='lat' dir='ltr'>et</span> <span class='ocrx_word' id='word_1_93' title='bbox 284 1387 456 1448; x_wconf 72' lang='lat' dir='ltr'>incarnatio</span> <span class='ocrx_word' id='word_1_94' title='bbox 479 1387 591 1449; x_wconf 78' lang='lat' dir='ltr'>Christi</span> <span class='ocrx_word' id='word_1_95' title='bbox 612 1389 806 1469; x_wconf 76' lang='lat' dir='ltr'>singulariter</span> <span class='ocrx_word' id='word_1_96' title='bbox 826 1395 955 1448; x_wconf 87' lang='lat' dir='ltr'>vocetur</span> <span class='ocrx_word' id='word_1_97' title='bbox 971 1405 1056 1468; x_wconf 87' lang='lat' dir='ltr'>opus</span> 
     </span>
     <span class='ocr_line' id='line_1_14' title="bbox 127 1469 1054 1551; baseline 0.002 -20"><span class='ocrx_word' id='word_1_98' title='bbox 127 1470 182 1531; x_wconf 78' lang='lat' dir='ltr'>uei</span> <span class='ocrx_word' id='word_1_99' title='bbox 216 1469 337 1532; x_wconf 85' lang='lat' dir='ltr'>Habec.</span> <span class='ocrx_word' id='word_1_100' title='bbox 359 1473 396 1549; x_wconf 84' lang='lat'>3,</span> <span class='ocrx_word' id='word_1_101' title='bbox 422 1470 573 1551; x_wconf 84' lang='lat' dir='ltr'>Domine,</span> <span class='ocrx_word' id='word_1_102' title='bbox 611 1491 690 1551; x_wconf 86' lang='lat' dir='ltr'>opus</span> <span class='ocrx_word' id='word_1_103' title='bbox 711 1482 796 1532; x_wconf 87' lang='lat' dir='ltr'>tuum</span> <span class='ocrx_word' id='word_1_104' title='bbox 817 1472 849 1531; x_wconf 95' lang='lat' dir='ltr'>in</span> <span class='ocrx_word' id='word_1_105' title='bbox 871 1472 972 1533; x_wconf 88' lang='lat' dir='ltr'>medio</span> <span class='ocrx_word' id='word_1_106' title='bbox 995 1469 1054 1532; x_wconf 81' lang='lat' dir='ltr'>ari-</span> 
     </span>
     <span class='ocr_line' id='line_1_15' title="bbox 127 1553 1050 1632; baseline 0.002 -19"><span class='ocrx_word' id='word_1_107' title='bbox 127 1572 236 1614; x_wconf 89' lang='lat' dir='ltr'>norum</span> <span class='ocrx_word' id='word_1_108' title='bbox 269 1562 317 1614; x_wconf 86' lang='lat' dir='ltr'>est</span> <span class='ocrx_word' id='word_1_109' title='bbox 340 1553 466 1615; x_wconf 89' lang='lat' dir='ltr'>verbum</span> <span class='ocrx_word' id='word_1_110' title='bbox 488 1554 697 1616; x_wconf 87' lang='lat' dir='ltr'>abbreviatum</span> <span class='ocrx_word' id='word_1_111' title='bbox 732 1561 763 1616; x_wconf 88' lang='lat' dir='ltr'>et</span> <span class='ocrx_word' id='word_1_112' title='bbox 788 1563 1050 1632; x_wconf 81' lang='lat' dir='ltr'>consummatum3</span> 
     </span>
     <span class='ocr_line' id='line_1_16' title="bbox 127 1635 1050 1718; baseline 0 -22"><span class='ocrx_word' id='word_1_113' title='bbox 127 1635 178 1697; x_wconf 79' lang='lat' dir='ltr'>lis.</span> <span class='ocrx_word' id='word_1_114' title='bbox 214 1639 264 1702; x_wconf 90' lang='grc'>10.</span> <span class='ocrx_word' id='word_1_115' title='bbox 300 1636 466 1717; x_wconf 77' lang='lat' dir='ltr'>Speremus</span> <span class='ocrx_word' id='word_1_116' title='bbox 499 1645 603 1698; x_wconf 82' lang='lat' dir='ltr'>autem</span> <span class='ocrx_word' id='word_1_117' title='bbox 634 1639 666 1698; x_wconf 89' lang='lat' dir='ltr'>in</span> <span class='ocrx_word' id='word_1_118' title='bbox 701 1639 801 1699; x_wconf 87' lang='lat' dir='ltr'>futuro</span> <span class='ocrx_word' id='word_1_119' title='bbox 833 1640 986 1718; x_wconf 71' lang='lat' dir='ltr'>inspicere</span> <span class='ocrx_word' id='word_1_120' title='bbox 1018 1638 1050 1697; x_wconf 91' lang='lat' dir='ltr'>in</span> 
     </span>
     <span class='ocr_line' id='line_1_17' title="bbox 126 1718 1049 1802; baseline 0.001 -22"><span class='ocrx_word' id='word_1_121' title='bbox 126 1718 207 1780; x_wconf 85' lang='lat' dir='ltr'>istud</span> <span class='ocrx_word' id='word_1_122' title='bbox 230 1720 376 1798; x_wconf 85' lang='lat' dir='ltr'>verbum,</span> <span class='ocrx_word' id='word_1_123' title='bbox 398 1739 466 1780; x_wconf 89' lang='lat' dir='ltr'>sum</span> <span class='ocrx_word' id='word_1_124' title='bbox 489 1721 573 1782; x_wconf 88' lang='lat' dir='ltr'>Deus</span> <span class='ocrx_word' id='word_1_125' title='bbox 596 1739 650 1782; x_wconf 90' lang='lat' dir='ltr'>cor</span> <span class='ocrx_word' id='word_1_126' title='bbox 674 1740 762 1782; x_wconf 87' lang='lat' dir='ltr'>snum</span> <span class='ocrx_word' id='word_1_127' title='bbox 785 1723 955 1802; x_wconf 86' lang='lat' dir='ltr'>aperuerit,</span> <span class='ocrx_word' id='word_1_128' title='bbox 986 1721 1049 1782; x_wconf 87' lang='lat' dir='ltr'>imo</span> 
     </span>
     <span class='ocr_line' id='line_1_18' title="bbox 127 1802 1050 1883; baseline 0.002 -21"><span class='ocrx_word' id='word_1_129' title='bbox 127 1821 196 1862; x_wconf 86' lang='lat' dir='ltr'>cum</span> <span class='ocrx_word' id='word_1_130' title='bbox 218 1821 284 1864; x_wconf 90' lang='lat' dir='ltr'>non</span> <span class='ocrx_word' id='word_1_131' title='bbox 311 1802 453 1864; x_wconf 82' lang='lat' dir='ltr'>effuderit</span> <span class='ocrx_word' id='word_1_132' title='bbox 480 1804 622 1883; x_wconf 89' lang='lat' dir='ltr'>verbum,</span> <span class='ocrx_word' id='word_1_133' title='bbox 653 1804 708 1866; x_wconf 87' lang='lat' dir='ltr'>sed</span> <span class='ocrx_word' id='word_1_134' title='bbox 736 1824 795 1866; x_wconf 84' lang='lat' dir='ltr'>nos</span> <span class='ocrx_word' id='word_1_135' title='bbox 817 1805 993 1866; x_wconf 86' lang='lat' dir='ltr'>introducet</span> <span class='ocrx_word' id='word_1_136' title='bbox 1019 1805 1050 1864; x_wconf 92' lang='lat' dir='ltr'>in</span> 
     </span>
     <span class='ocr_line' id='line_1_19' title="bbox 127 1886 1054 1965; baseline -0.001 -16"><span class='ocrx_word' id='word_1_137' title='bbox 127 1904 180 1949; x_wconf 86' lang='lat' dir='ltr'>cor</span> <span class='ocrx_word' id='word_1_138' title='bbox 199 1905 302 1965; x_wconf 86' lang='lat' dir='ltr'>snum,</span> <span class='ocrx_word' id='word_1_139' title='bbox 324 1893 359 1946; x_wconf 91' lang='lat' dir='ltr'>ut</span> <span class='ocrx_word' id='word_1_140' title='bbox 373 1886 531 1948; x_wconf 85' lang='lat' dir='ltr'>videamus</span> <span class='ocrx_word' id='word_1_141' title='bbox 553 1889 638 1949; x_wconf 88' lang='lat' dir='ltr'>bona</span> <span class='ocrx_word' id='word_1_142' title='bbox 649 1888 773 1949; x_wconf 86' lang='lat' dir='ltr'>Domini</span> <span class='ocrx_word' id='word_1_143' title='bbox 793 1890 824 1948; x_wconf 92' lang='lat' dir='ltr'>in</span> <span class='ocrx_word' id='word_1_144' title='bbox 848 1895 928 1949; x_wconf 84' lang='lat' dir='ltr'>terra</span> <span class='ocrx_word' id='word_1_145' title='bbox 954 1889 1054 1949; x_wconf 89' lang='lat' dir='ltr'>viven-</span> 
     </span>
     <span class='ocr_line' id='line_1_20' title="bbox 126 1971 1053 2052; baseline 0 -21"><span class='ocrx_word' id='word_1_146' title='bbox 126 1971 215 2049; x_wconf 85' lang='lat' dir='ltr'>tium,</span> <span class='ocrx_word' id='word_1_147' title='bbox 248 1989 319 2029; x_wconf 92' lang='lat' dir='ltr'>cum</span> <span class='ocrx_word' id='word_1_148' title='bbox 343 1989 450 2050; x_wconf 86' lang='lat' dir='ltr'>puram</span> <span class='ocrx_word' id='word_1_149' title='bbox 473 1973 632 2032; x_wconf 82' lang='lat' dir='ltr'>veritatem</span> <span class='ocrx_word' id='word_1_150' title='bbox 661 1979 694 2032; x_wconf 89' lang='lat' dir='ltr'>et</span> <span class='ocrx_word' id='word_1_151' title='bbox 722 1971 904 2052; x_wconf 82' lang='lat' dir='ltr'>sapientiam</span> <span class='ocrx_word' id='word_1_152' title='bbox 937 1971 1053 2033; x_wconf 84' lang='lat' dir='ltr'>videbi-</span> 
     </span>
    </p>
   </div>
   <div class='ocr_carea' id='block_1_3' title="bbox 127 2053 1156 2135">
    <p class='ocr_par' dir='ltr' id='par_1_3' title="bbox 127 2053 1156 2135">
     <span class='ocr_line' id='line_1_21' title="bbox 127 2053 1156 2135; baseline 0.002 -22"><span class='ocrx_word' id='word_1_153' title='bbox 127 2072 208 2114; x_wconf 86' lang='lat' dir='ltr'>mus:</span> <span class='ocrx_word' id='word_1_154' title='bbox 232 2053 355 2114; x_wconf 82' lang='lat' dir='ltr'>interim</span> <span class='ocrx_word' id='word_1_155' title='bbox 378 2055 460 2115; x_wconf 87' lang='lat' dir='ltr'>enim</span> <span class='ocrx_word' id='word_1_156' title='bbox 483 2074 591 2115; x_wconf 87' lang='lat' dir='ltr'>manus</span> <span class='ocrx_word' id='word_1_157' title='bbox 614 2061 647 2116; x_wconf 89' lang='lat' dir='ltr'>et</span> <span class='ocrx_word' id='word_1_158' title='bbox 667 2054 773 2135; x_wconf 84' lang='lat' dir='ltr'>pedes,</span> <span class='ocrx_word' id='word_1_159' title='bbox 797 2055 905 2116; x_wconf 90' lang='lat' dir='ltr'>oculos</span> <span class='ocrx_word' id='word_1_160' title='bbox 927 2073 1052 2135; x_wconf 89' lang='lat' dir='ltr'>quoque</span> <span class='ocrx_word' id='word_1_161' title='bbox 1148 2061 1156 2075; x_wconf 90' lang='lat'><em>&#39;</em></span> 
     </span>
    </p>
   </div>
   <div class='ocr_carea' id='block_1_4' title="bbox 126 2137 1051 2553">
    <p class='ocr_par' dir='ltr' id='par_1_4' title="bbox 126 2137 1051 2553">
     <span class='ocr_line' id='line_1_22' title="bbox 126 2137 1051 2218; baseline 0.002 -22"><span class='ocrx_word' id='word_1_162' title='bbox 126 2144 156 2197; x_wconf 86' lang='lat' dir='ltr'>et</span> <span class='ocrx_word' id='word_1_163' title='bbox 176 2137 436 2198; x_wconf 82' lang='lat' dir='ltr'>aures-ostendit</span> <span class='ocrx_word' id='word_1_164' title='bbox 465 2145 497 2198; x_wconf 88' lang='lat' dir='ltr'>et</span> <span class='ocrx_word' id='word_1_165' title='bbox 526 2138 617 2199; x_wconf 77' lang='lat' dir='ltr'>latua.</span> <span class='ocrx_word' id='word_1_166' title='bbox 660 2139 720 2199; x_wconf 80' lang='lat' dir='ltr'>Sed</span> <span class='ocrx_word' id='word_1_167' title='bbox 750 2145 823 2198; x_wconf 90' lang='lat' dir='ltr'>tunc</span> <span class='ocrx_word' id='word_1_168' title='bbox 855 2157 910 2200; x_wconf 92' lang='lat' dir='ltr'>cor</span> <span class='ocrx_word' id='word_1_169' title='bbox 928 2157 1051 2218; x_wconf 90' lang='lat' dir='ltr'>quoque</span> 
     </span>
     <span class='ocr_line' id='line_1_23' title="bbox 127 2220 1049 2299; baseline 0.002 -20"><span class='ocrx_word' id='word_1_170' title='bbox 127 2220 377 2299; x_wconf 81' lang='lat' dir='ltr'>intr-aspiciemus</span> <span class='ocrx_word' id='word_1_171' title='bbox 391 2240 460 2281; x_wconf 86' lang='lat' dir='ltr'>cum</span> <span class='ocrx_word' id='word_1_172' title='bbox 473 2222 614 2282; x_wconf 86' lang='lat' dir='ltr'>omnibus</span> <span class='ocrx_word' id='word_1_173' title='bbox 631 2220 740 2283; x_wconf 86' lang='lat' dir='ltr'>beatis.</span> <span class='ocrx_word' id='word_1_174' title='bbox 783 2221 852 2282; x_wconf 91' lang='lat' dir='ltr'>Non</span> <span class='ocrx_word' id='word_1_175' title='bbox 876 2223 1049 2283; x_wconf 76' lang='lat' dir='ltr'>enitentem</span> 
     </span>
     <span class='ocr_line' id='line_1_24' title="bbox 127 2304 1050 2385; baseline 0.001 -21"><span class='ocrx_word' id='word_1_176' title='bbox 127 2312 291 2385; x_wconf 85' lang='lat' dir='ltr'>angustum</span> <span class='ocrx_word' id='word_1_177' title='bbox 313 2304 374 2365; x_wconf 89' lang='lat' dir='ltr'>hoc</span> <span class='ocrx_word' id='word_1_178' title='bbox 395 2304 539 2384; x_wconf 87' lang='lat' dir='ltr'>verbum,</span> <span class='ocrx_word' id='word_1_179' title='bbox 568 2307 646 2364; x_wconf 85' lang='lat' dir='ltr'>sieut</span> <span class='ocrx_word' id='word_1_180' title='bbox 665 2305 761 2365; x_wconf 85' lang='lat' dir='ltr'>nostri</span> <span class='ocrx_word' id='word_1_181' title='bbox 783 2305 902 2385; x_wconf 84' lang='lat' dir='ltr'>cordis,</span> <span class='ocrx_word' id='word_1_182' title='bbox 929 2305 985 2366; x_wconf 85' lang='lat' dir='ltr'>sad</span> <span class='ocrx_word' id='word_1_183' title='bbox 1006 2307 1050 2366; x_wconf 91' lang='lat' dir='ltr'>in-</span> 
     </span>
     <span class='ocr_line' id='line_1_25' title="bbox 127 2386 1050 2469; baseline 0.004 -22"><span class='ocrx_word' id='word_1_184' title='bbox 127 2386 246 2448; x_wconf 85' lang='lat' dir='ltr'>linitum</span> <span class='ocrx_word' id='word_1_185' title='bbox 270 2393 302 2447; x_wconf 86' lang='lat' dir='ltr'>et</span> <span class='ocrx_word' id='word_1_186' title='bbox 321 2395 491 2466; x_wconf 85' lang='lat' dir='ltr'>aeternum,</span> <span class='ocrx_word' id='word_1_187' title='bbox 513 2388 715 2449; x_wconf 87' lang='lat' dir='ltr'>laetissimum</span> <span class='ocrx_word' id='word_1_188' title='bbox 732 2387 884 2469; x_wconf 87' lang='lat' dir='ltr'>praebens</span> <span class='ocrx_word' id='word_1_189' title='bbox 908 2389 1050 2451; x_wconf 85' lang='lat' dir='ltr'>omuibus</span> 
     </span>
     <span class='ocr_line' id='line_1_26' title="bbox 128 2470 569 2553; baseline 0.005 -23"><span class='ocrx_word' id='word_1_190' title='bbox 128 2470 339 2550; x_wconf 72' lang='lat' dir='ltr'>spectaculum</span> <span class='ocrx_word' id='word_1_191' title='bbox 363 2478 394 2532; x_wconf 87' lang='lat' dir='ltr'>et</span> <span class='ocrx_word' id='word_1_192' title='bbox 414 2473 569 2553; x_wconf 83' lang='lat' dir='ltr'>gaudium.</span> 
     </span>
    </p>
   </div>
   <div class='ocr_carea' id='block_1_5' title="bbox 436 2660 761 2723">
    <p class='ocr_par' dir='ltr' id='par_1_5' title="bbox 436 2660 761 2723">
     <span class='ocr_line' id='line_1_27' title="bbox 436 2660 761 2723; baseline 0 0"><span class='ocrx_word' id='word_1_193' title='bbox 436 2660 698 2723; x_wconf 79' lang='lat' dir='ltr'>Corollarium</span> <span class='ocrx_word' id='word_1_194' title='bbox 722 2660 761 2723; x_wconf 79' lang='lat'>1.&#39;</span> 
     </span>
    </p>
   </div>
   <div class='ocr_carea' id='block_1_6' title="bbox 127 2799 1055 3886">
    <p class='ocr_par' dir='ltr' id='par_1_6' title="bbox 127 2799 1055 3886">
     <span class='ocr_line' id='line_1_28' title="bbox 211 2799 1050 2884; baseline 0.005 -23"><span class='ocrx_word' id='word_1_195' title='bbox 211 2799 362 2863; x_wconf 90' lang='lat' dir='ltr'>Diabolus</span> <span class='ocrx_word' id='word_1_196' title='bbox 384 2804 437 2864; x_wconf 88' lang='lat' dir='ltr'>vel</span> <span class='ocrx_word' id='word_1_197' title='bbox 457 2804 587 2884; x_wconf 84' lang='lat' dir='ltr'>angelus</span> <span class='ocrx_word' id='word_1_198' title='bbox 608 2809 713 2884; x_wconf 86' lang='lat' dir='ltr'>potest</span> <span class='ocrx_word' id='word_1_199' title='bbox 734 2803 860 2864; x_wconf 86' lang='lat' dir='ltr'>verbum</span> <span class='ocrx_word' id='word_1_200' title='bbox 875 2822 962 2865; x_wconf 86' lang='lat' dir='ltr'>suum</span> <span class='ocrx_word' id='word_1_201' title='bbox 986 2805 1050 2865; x_wconf 91' lang='lat' dir='ltr'>mit-</span> 
     </span>
     <span class='ocr_line' id='line_1_29' title="bbox 127 2886 1051 2966; baseline 0.004 -23"><span class='ocrx_word' id='word_1_202' title='bbox 127 2889 192 2944; x_wconf 91' lang='lat' dir='ltr'>tere</span> <span class='ocrx_word' id='word_1_203' title='bbox 214 2886 379 2966; x_wconf 89' lang='lat' dir='ltr'>internum,</span> <span class='ocrx_word' id='word_1_204' title='bbox 402 2891 434 2948; x_wconf 90' lang='lat' dir='ltr'>et</span> <span class='ocrx_word' id='word_1_205' title='bbox 454 2887 528 2948; x_wconf 90' lang='lat' dir='ltr'>illud</span> <span class='ocrx_word' id='word_1_206' title='bbox 550 2887 820 2948; x_wconf 72' lang='lat' dir='ltr'>vehementismme</span> <span class='ocrx_word' id='word_1_207' title='bbox 844 2907 978 2965; x_wconf 89' lang='lat' dir='ltr'>movere,</span> <span class='ocrx_word' id='word_1_208' title='bbox 1001 2888 1051 2947; x_wconf 89' lang='lat' dir='ltr'>vel</span> 
     </span>
     <span class='ocr_line' id='line_1_30' title="bbox 128 2968 1051 3050; baseline 0.005 -24"><span class='ocrx_word' id='word_1_209' title='bbox 128 2968 243 3028; x_wconf 80' lang='lat' dir='ltr'>saltem</span> <span class='ocrx_word' id='word_1_210' title='bbox 264 2976 370 3050; x_wconf 77' lang='lat' dir='ltr'>potest</span> <span class='ocrx_word' id='word_1_211' title='bbox 381 2971 497 3047; x_wconf 89' lang='lat' dir='ltr'>aliquid</span> <span class='ocrx_word' id='word_1_212' title='bbox 518 2972 635 3048; x_wconf 79' lang='lat' dir='ltr'>lortius,</span> <span class='ocrx_word' id='word_1_213' title='bbox 658 2989 748 3049; x_wconf 90' lang='lat' dir='ltr'>quem</span> <span class='ocrx_word' id='word_1_214' title='bbox 766 2977 904 3031; x_wconf 85' lang='lat' dir='ltr'>nostrum</span> <span class='ocrx_word' id='word_1_215' title='bbox 926 2970 1051 3031; x_wconf 86' lang='lat' dir='ltr'>interius</span> 
     </span>
     <span class='ocr_line' id='line_1_31' title="bbox 130 3051 1052 3133; baseline 0.005 -24"><span class='ocrx_word' id='word_1_216' title='bbox 130 3051 259 3113; x_wconf 87' lang='lat' dir='ltr'>verbum</span> <span class='ocrx_word' id='word_1_217' title='bbox 282 3059 346 3133; x_wconf 85' lang='lat' dir='ltr'>est,</span> <span class='ocrx_word' id='word_1_218' title='bbox 378 3054 556 3133; x_wconf 87' lang='lat' dir='ltr'>immittere,</span> <span class='ocrx_word' id='word_1_219' title='bbox 579 3055 651 3132; x_wconf 84' lang='lat' dir='ltr'>quie</span> <span class='ocrx_word' id='word_1_220' title='bbox 672 3073 730 3114; x_wconf 88' lang='lat' dir='ltr'>nos</span> <span class='ocrx_word' id='word_1_221' title='bbox 750 3055 845 3113; x_wconf 92' lang='lat' dir='ltr'>multo</span> <span class='ocrx_word' id='word_1_222' title='bbox 867 3055 966 3133; x_wconf 80' lang='lat' dir='ltr'>magis</span> <span class='ocrx_word' id='word_1_223' title='bbox 989 3072 1052 3114; x_wconf 92' lang='lat' dir='ltr'>mo·</span> 
     </span>
     <span class='ocr_line' id='line_1_32' title="bbox 129 3136 1053 3215; baseline 0.003 -22"><span class='ocrx_word' id='word_1_224' title='bbox 129 3139 195 3213; x_wconf 85' lang='lat' dir='ltr'>vet,</span> <span class='ocrx_word' id='word_1_225' title='bbox 228 3153 321 3213; x_wconf 89' lang='lat' dir='ltr'>quem</span> <span class='ocrx_word' id='word_1_226' title='bbox 352 3155 410 3197; x_wconf 83' lang='lat' dir='ltr'>nos</span> <span class='ocrx_word' id='word_1_227' title='bbox 437 3137 532 3198; x_wconf 88' lang='lat' dir='ltr'>verbo</span> <span class='ocrx_word' id='word_1_228' title='bbox 562 3139 624 3198; x_wconf 82' lang='lat' dir='ltr'>orie</span> <span class='ocrx_word' id='word_1_229' title='bbox 657 3137 825 3197; x_wconf 90' lang='lat' dir='ltr'>hominem.</span> <span class='ocrx_word' id='word_1_230' title='bbox 868 3136 1053 3215; x_wconf 79' lang='lat' dir='ltr'>Experimur</span> 
     </span>
     <span class='ocr_line' id='line_1_33' title="bbox 129 3218 1051 3298; baseline 0.003 -22"><span class='ocrx_word' id='word_1_231' title='bbox 129 3219 227 3296; x_wconf 89' lang='lat' dir='ltr'>enim,</span> <span class='ocrx_word' id='word_1_232' title='bbox 256 3237 348 3298; x_wconf 85' lang='lat' dir='ltr'>quem</span> <span class='ocrx_word' id='word_1_233' title='bbox 370 3221 491 3280; x_wconf 83' lang='lat' dir='ltr'>fortiter</span> <span class='ocrx_word' id='word_1_234' title='bbox 512 3239 705 3296; x_wconf 88' lang='lat' dir='ltr'>moveamur,</span> <span class='ocrx_word' id='word_1_235' title='bbox 738 3220 788 3280; x_wconf 90' lang='lat' dir='ltr'>vel</span> <span class='ocrx_word' id='word_1_236' title='bbox 821 3218 861 3278; x_wconf 89' lang='lat' dir='ltr'>ed</span> <span class='ocrx_word' id='word_1_237' title='bbox 893 3219 1051 3297; x_wconf 85' lang='lat' dir='ltr'>invidiam,</span> 
     </span>
     <span class='ocr_line' id='line_1_34' title="bbox 129 3299 1053 3383; baseline 0.002 -23"><span class='ocrx_word' id='word_1_238' title='bbox 129 3299 291 3380; x_wconf 83' lang='lat' dir='ltr'>luxuriam,</span> <span class='ocrx_word' id='word_1_239' title='bbox 313 3303 579 3383; x_wconf 86' lang='lat' dir='ltr'>desperationem:</span> <span class='ocrx_word' id='word_1_240' title='bbox 602 3305 675 3382; x_wconf 89' lang='lat' dir='ltr'>quin</span> <span class='ocrx_word' id='word_1_241' title='bbox 696 3304 843 3364; x_wconf 71' lang='lat' dir='ltr'>etiem‘si</span> <span class='ocrx_word' id='word_1_242' title='bbox 864 3305 1053 3383; x_wconf 87' lang='lat' dir='ltr'>permittere-</span> 
     </span>
     <span class='ocr_line' id='line_1_35' title="bbox 129 3387 1054 3468; baseline -0.001 -23"><span class='ocrx_word' id='word_1_243' title='bbox 129 3390 187 3463; x_wconf 86' lang='lat' dir='ltr'>tur,</span> <span class='ocrx_word' id='word_1_244' title='bbox 210 3393 296 3446; x_wconf 85' lang='lat' dir='ltr'>certe</span> <span class='ocrx_word' id='word_1_245' title='bbox 318 3394 532 3466; x_wconf 87' lang='lat' dir='ltr'>permoveret,</span> <span class='ocrx_word' id='word_1_246' title='bbox 554 3388 618 3446; x_wconf 91' lang='lat' dir='ltr'>imo</span> <span class='ocrx_word' id='word_1_247' title='bbox 639 3387 783 3466; x_wconf 84' lang='lat' dir='ltr'>perderet</span> <span class='ocrx_word' id='word_1_248' title='bbox 804 3387 943 3468; x_wconf 88' lang='lat' dir='ltr'>quosvis.</span> <span class='ocrx_word' id='word_1_249' title='bbox 986 3387 1054 3447; x_wconf 93' lang='lat' dir='ltr'>Hoc</span> 
     </span>
     <span class='ocr_line' id='line_1_36' title="bbox 129 3469 1053 3550; baseline 0.001 -22"><span class='ocrx_word' id='word_1_250' title='bbox 129 3475 178 3528; x_wconf 83' lang='lat' dir='ltr'>est</span> <span class='ocrx_word' id='word_1_251' title='bbox 208 3488 267 3530; x_wconf 87' lang='lat' dir='ltr'>sua</span> <span class='ocrx_word' id='word_1_252' title='bbox 299 3472 447 3550; x_wconf 79' lang='lat' dir='ltr'>cogitatio</span> <span class='ocrx_word' id='word_1_253' title='bbox 479 3471 694 3533; x_wconf 83' lang='lat' dir='ltr'>robustissime</span> <span class='ocrx_word' id='word_1_254' title='bbox 719 3470 769 3529; x_wconf 89' lang='lat' dir='ltr'>vel</span> <span class='ocrx_word' id='word_1_255' title='bbox 792 3470 913 3548; x_wconf 80' lang='lat' dir='ltr'>species</span> <span class='ocrx_word' id='word_1_256' title='bbox 941 3469 1053 3548; x_wconf 86' lang='lat' dir='ltr'>aliqua,</span> 
     </span>
     <span class='ocr_line' id='line_1_37' title="bbox 130 3553 1053 3635; baseline 0 -24"><span class='ocrx_word' id='word_1_257' title='bbox 130 3570 222 3631; x_wconf 83' lang='lat' dir='ltr'>quem</span> <span class='ocrx_word' id='word_1_258' title='bbox 244 3564 417 3635; x_wconf 85' lang='lat' dir='ltr'>movetper</span> <span class='ocrx_word' id='word_1_259' title='bbox 438 3553 532 3615; x_wconf 87' lang='lat' dir='ltr'>telem</span> <span class='ocrx_word' id='word_1_260' title='bbox 555 3572 643 3614; x_wconf 84' lang='lat' dir='ltr'>suam</span> <span class='ocrx_word' id='word_1_261' title='bbox 665 3553 886 3632; x_wconf 81' lang='lat' dir='ltr'>cogitationem</span> <span class='ocrx_word' id='word_1_262' title='bbox 907 3553 1053 3612; x_wconf 83' lang='lat' dir='ltr'>robustis·</span> 
     </span>
     <span class='ocr_line' id='line_1_38' title="bbox 130 3630 1054 3716; baseline -0.001 -21"><span class='ocrx_word' id='word_1_263' title='bbox 130 3630 252 3713; x_wconf 68' lang='lat' dir='ltr'>simam,</span> <span class='ocrx_word' id='word_1_264' title='bbox 271 3643 306 3697; x_wconf 87' lang='lat' dir='ltr'>nt</span> <span class='ocrx_word' id='word_1_265' title='bbox 324 3637 486 3716; x_wconf 89' lang='lat' dir='ltr'>psalmista</span> <span class='ocrx_word' id='word_1_266' title='bbox 507 3639 655 3716; x_wconf 83' lang='lat' dir='ltr'>queritur:</span> <span class='ocrx_word' id='word_1_267' title='bbox 678 3643 709 3696; x_wconf 89' lang='lat' dir='ltr'>et</span> <span class='ocrx_word' id='word_1_268' title='bbox 729 3636 824 3696; x_wconf 87' lang='lat' dir='ltr'>fortes</span> <span class='ocrx_word' id='word_1_269' title='bbox 838 3636 1054 3714; x_wconf 86' lang='lat' dir='ltr'>quaesiverunt</span> 
     </span>
     <span class='ocr_line' id='line_1_39' title="bbox 129 3720 1053 3800; baseline -0.002 -22"><span class='ocrx_word' id='word_1_270' title='bbox 129 3721 263 3780; x_wconf 88' lang='lat' dir='ltr'>animam</span> <span class='ocrx_word' id='word_1_271' title='bbox 286 3739 403 3780; x_wconf 87' lang='lat' dir='ltr'>meam:</span> <span class='ocrx_word' id='word_1_272' title='bbox 427 3722 507 3781; x_wconf 85' lang='lat' dir='ltr'>sicut</span> <span class='ocrx_word' id='word_1_273' title='bbox 527 3721 621 3781; x_wconf 91' lang='lat' dir='ltr'>homo</span> <span class='ocrx_word' id='word_1_274' title='bbox 643 3738 699 3800; x_wconf 90' lang='lat' dir='ltr'>per</span> <span class='ocrx_word' id='word_1_275' title='bbox 712 3720 919 3779; x_wconf 84' lang='lat' dir='ltr'>clemorosem</span> <span class='ocrx_word' id='word_1_276' title='bbox 942 3737 1053 3781; x_wconf 87' lang='lat' dir='ltr'>vocem</span> 
     </span>
     <span class='ocr_line' id='line_1_40' title="bbox 129 3801 1055 3886; baseline 0.003 -25"><span class='ocrx_word' id='word_1_277' title='bbox 129 3801 238 3865; x_wconf 79' lang='lat' dir='ltr'>lortius</span> <span class='ocrx_word' id='word_1_278' title='bbox 257 3805 408 3885; x_wconf 87' lang='lat' dir='ltr'>imprimit</span> <span class='ocrx_word' id='word_1_279' title='bbox 427 3823 517 3866; x_wconf 83' lang='lat' dir='ltr'>sunm</span> <span class='ocrx_word' id='word_1_280' title='bbox 544 3804 673 3867; x_wconf 86' lang='lat' dir='ltr'>verbum</span> <span class='ocrx_word' id='word_1_281' title='bbox 693 3804 863 3886; x_wconf 84' lang='lat' dir='ltr'>internum,</span> <span class='ocrx_word' id='word_1_282' title='bbox 890 3801 975 3886; x_wconf 86' lang='lat' dir='ltr'>quod</span> <span class='ocrx_word' id='word_1_283' title='bbox 999 3802 1055 3864; x_wconf 88' lang='lat' dir='ltr'>im·</span> 
     </span>
    </p>
   </div>
   <div class='ocr_carea' id='block_1_7' title="bbox 0 0 1182 4200">
    <p class='ocr_par' dir='ltr' id='par_1_7' title="bbox 0 0 1182 4200">
     <span class='ocr_line' id='line_1_41' title="bbox 0 0 1182 4200; baseline 0 0"><span class='ocrx_word' id='word_1_284' title='bbox 0 0 1182 4200; x_wconf 95' lang='lat' dir='ltr'> </span> 
     </span>
    </p>
   </div>
   <div class='ocr_carea' id='block_1_8' title="bbox 835 4100 853 4133">
    <p class='ocr_par' dir='ltr' id='par_1_8' title="bbox 835 4100 853 4133">
     <span class='ocr_line' id='line_1_42' title="bbox 835 4100 853 4133; baseline 0 0"><span class='ocrx_word' id='word_1_285' title='bbox 835 4100 853 4133; x_wconf 59' lang='grc' dir='ltr'>ἱ</span> 
     </span>
    </p>
   </div>
  </div>
 </body>
</html>
