2356 4200
131 305 182 375 ἕ,ἳο
255 271 261 290 '
290 305 800 401 a-.-·’,mp1sar.„snv.nmasss
830 328 835 335 -
870 348 873 353 .
900 323 903 327 ·

143 476 225 548 urhis
248 482 280 539 et
302 477 384 539 orbis
407 477 525 539 domini
545 478 643 538 nostri
663 481 838 555 spontaneo
867 490 994 537 munere
1011 476 1065 549 sip-

142 560 286 640 quisitor,
316 579 354 620 ao
375 560 503 640 perinde
531 562 596 620 sive
626 559 794 638 ordinarie,
826 560 892 621 sive
918 558 1065 640 delegato

139 645 208 713 ¹inne
227 644 261 703 in
278 643 487 722 spectantibus
511 643 548 704 ad
563 643 654 703 fidem
676 643 778 720 iudex,
800 641 838 703 ad
861 650 892 702 to
913 661 1066 723 responw

140 726 233 803 dedi,
268 745 329 788 non
353 733 531 807 propterte
553 733 685 803 tautum,
715 727 786 804 quin
812 727 915 806 potius
937 732 1067 807 propter

142 809 239 886 alios,
271 809 321 871 vel
344 812 478 870 maxime
492 809 654 888 rudiores,
686 810 717 869 in
740 809 848 888 quibus
871 816 939 869 tuus
961 811 1065 869 sermo

144 894 269 968 sensim,
291 898 324 953 ut
341 912 465 970 cancer,
488 892 645 972 serpebat,
667 913 730 953 nun
752 911 855 971 secus,
877 911 970 971 quam
992 910 1066 953 con-

142 975 374 1054 urbanarum,
396 982 449 1037 aut
471 977 630 1051 Faustum,
652 981 705 1034 aut
725 974 931 1047 Manicheum,
973 973 1064 1039 Adeo

142 1065 194 1118 tua
216 1057 310 1118 verba
331 1059 502 1120 Romanam
524 1059 706 1135 ecclesiam,
735 1059 808 1117 item
838 1063 870 1117 et
888 1057 1063 1127 Romanum

132 1140 319 1222 ,pontificem
342 1143 499 1221 inprimis
523 1143 657 1203 omnium
681 1140 795 1202 iudicio
813 1141 948 1220 graviter
968 1142 1063 1221 impe·

142 1225 258 1298 tabani,
281 1227 365 1285 acsi
388 1225 461 1285 talia
483 1226 514 1284 in
537 1225 636 1294 lucem
660 1224 808 1302 dedisses,
830 1225 918 1302 quasi
936 1222 1064 1285 moxcd

143 1306 299 1369 bohemos
321 1309 593 1387 commigraturus,
625 1312 678 1367 aut
708 1326 855 1387 magnum
877 1306 1005 1386 aliquod
1025 1324 1062 1369 ac

131 1390 242 1453 latens
264 1389 365 1451 adimo
380 1391 527 1451 :schisrna'
542 1391 766 1474 propalaturus.
798 1389 845 1449 lla
866 1395 994 1470 propter
1014 1390 1062 1455 au·-

142 1473 243 1540 nulos
260 1491 304 1533 ac
324 1474 441 1535 clavos
458 1481 528 1535 tuos
550 1474 733 1552 simplicium
756 1474 855 1552 gratia
876 1479 908 1533 et
930 1473 1062 1545 universi

141 1555 252 1634 populi
269 1555 456 1631 Christiani,
485 1576 548 1629 pon
577 1564 678 1642 autem
704 1563 734 1616 te
755 1565 882 1636 propter
902 1556 1063 1619 retunden-

130 1637 198 1709 dos
221 1639 467 1711 existimaverim.
501 1639 543 1701 Et
562 1639 638 1700 nihil
659 1658 698 1700 eo
720 1640 820 1698 minus
843 1657 912 1700 cum
935 1657 1005 1700 nou.
1021 1659 1059 1700 sn

139 1720 247 1783 biliet
268 1722 412 1783 sirmiense
433 1722 554 1787 fervore
577 1720 631 1805 (ut
644 1719 799 1803 astruis),
832 1721 888 1782 sed
909 1721 969 1783 Dei
991 1721 1057 1785 nolo

128 1805 174 1875 ,iu
195 1805 314 1883 primis,
350 1812 382 1865 et
409 1804 548 1865 tuendae
570 1806 707 1866 veritatis
730 1805 845 1884 gratia,
874 1823 912 1864 oo
940 1805 1059 1865 demum

141 1888 315 1960 interuentu
337 1887 509 1965 fidelitatis,
522 1942 525 1947 .
540 1907 630 1970 quam
663 1888 804 1948 Romano
824 1885 965 1966 pontifici
983 1889 1060 1953 iure·

141 1970 269 2041 iurando
290 1971 357 2048 iuli,
380 1971 417 2031 ad
441 1978 472 2031 te
490 1972 700 2033 breuissimum
715 1969 871 2050 dialogum
887 1968 1059 2047 edidissem,

140 2054 278 2132 inprimis
301 2074 370 2114 eum
393 2053 616 2114 discutiendum
640 2073 694 2132 per
708 2072 773 2130 eos,
795 2052 834 2112 ad
851 2071 928 2131 quos
944 2055 1059 2125 attinet,

143 2137 255 2213 omani,
278 2156 317 2197 no
339 2137 417 2197 forte
438 2138 577 2216 gravius,
600 2155 692 2215 quam
712 2155 769 2216 par
791 2143 871 2215 erat,
894 2143 924 2196 te
943 2136 1058 2217 impoli·

141 2237 282 2288 nissam:¹
350 2268 353 2275 .

225 2299 330 2375 Adde,
359 2301 441 2380 quod
469 2304 511 2363 tui
542 2302 656 2362 ordinis
681 2319 812 2378 nomen,
846 2302 896 2360 cui
919 2301 1009 2380 <meo
1030 2307 1059 2361 ot

130 2385 281 2449 amoma
302 2383 433 2460 iudicio)
458 2386 621 2464 plurimum
644 2384 803 2447 dedecoris
827 2403 895 2443 eras
915 2384 1057 2445 allaturus

143 2467 280 2540 (utinam
309 2474 409 2533 antem
439 2469 516 2529 iaxit
536 2469 636 2546 Deus,
664 2466 787 2544 fallar),
811 2465 957 2545 subticui,
981 2466 1057 2548 quod

145 2550 250 2628 utique
273 2551 299 2608 si
322 2550 478 2613 cholerico
496 2550 625 2612 humore
639 2550 846 2611 efferbuissem
873 2558 925 2619 (ut
935 2551 1056 2629 scribis)

143 2651 207 2693 uon
231 2629 426 2710 effecissent,
440 2633 587 2712 denique,
609 2633 658 2693 uhi
681 2652 735 2712 per
757 2634 839 2692 viros
861 2652 974 2712 graves
995 2652 1057 2714 pru·

141 2715 214 2776 haia
237 2721 308 2775 suni
330 2736 415 2792 mea,
443 2718 474 2775 in
503 2717 601 2777 lucem
637 2716 717 2777 dedi.
762 2715 840 2789 Quid
873 2734 947 2799 ergo
971 2716 1056 2779 male·

133 2797 306 2874 ,volentiam
329 2799 388 2875 vol,
410 2806 443 2859 ut
459 2801 501 2860 ita
513 2800 623 2875 dicam,
648 2799 901 2860 excandescentis
917 2800 1055 2862 cholerae

143 2882 234 2941 toties
256 2900 304 2941 me
327 2883 438 2961 arguis,
460 2883 511 2961 qui
533 2883 609 2942 nihii
631 2901 694 2942 non
711 2882 891 2959 discussum,
913 2903 978 2945 uon
994 2901 1055 2964 pro·

141 2963 257 3036 haurn,
278 2983 340 3029 uon
363 2965 517 3024 laudatum
541 2967 623 3045 prius
647 2966 817 3025 extulerim.

142 3080 166 3094 2
225 3046 271 3106 Tu
291 3064 381 3124 varo,
412 3049 461 3126 qui
485 3050 547 3125 vis,
575 3056 608 3108 ut
629 3047 782 3109 Christum
809 3048 839 3108 in
861 3053 892 3108 te
914 3048 1055 3111 demum·

139 3136 203 3189 iem
226 3129 395 3205 audiamus,
417 3130 497 3207 vide,
515 3149 604 3210 quam
619 3131 768 3207 modeste,
791 3150 882 3208 quam
899 3130 1054 3203 humiliter,

143 3230 232 3290 quam
265 3213 436 3290 caritativa,
470 3233 563 3292 quam
595 3221 771 3274 reverenter
801 3213 950 3293 Magistro
983 3213 1054 3277 sacri

143 3295 250 3354 Palatii
274 3296 445 3375 scripseris,
479 3298 529 3376 qui
557 3296 596 3356 ad
629 3316 678 3357 me
706 3296 988 3374 dehonestandum,
1019 3315 1053 3357 ex

143 3379 295 3439 sententia
316 3389 347 3438 et
369 3397 407 3437 ex
430 3382 674 3458 comparatione,
698 3387 813 3459 quanta
834 3381 964 3459 potuisti
986 3387 1053 3443 arte.

142 3460 323 3538 calliditate,
357 3462 517 3523 mendacio
540 3483 627 3541 usus,
658 3463 782 3523 tandem
813 3481 882 3522 cum
910 3462 986 3522 nihil
1007 3461 1052 3523 tibi

142 3542 221 3607 ultra
242 3543 445 3605 evomendum
469 3553 656 3625 superasset,
678 3547 880 3609 comminatus
902 3563 952 3623 cs,
977 3541 1052 3625 quod

142 3644 193 3687 mc
212 3628 244 3687 in
266 3635 422 3706 postorum
454 3636 538 3691 aura
568 3628 720 3691 modestia
752 3648 816 3691 non
843 3629 979 3708 excipies
1011 3627 1052 3708 (te

128 3709 224 3775 enim
245 3710 292 3777 ais
313 3710 512 3791 cohibuisti),
543 3713 601 3775 nisi
630 3713 775 3775 armatior
804 3730 855 3773 mo
877 3711 912 3771 in
933 3729 1051 3775 arenam

123 3791 312 3893 ‚complura
338 3793 526 3876 diensium
547 3795 678 3876 interim,
701 3795 774 3874 quia
793 3794 834 3892 da
851 3794 944 3867 armis
958 3811 1050 3863 sermo

282 3925 302 3974 ὀ
