2356 4200
358 317 361 321 .
405 267 468 326 fan
486 267 520 322 u.
536 267 607 322 arro.
627 268 713 322 ursa.
732 268 799 326 sna
1018 263 1081 332 ιιι
1147 350 1150 357 Δ

162 438 386 519 illustrissimae
408 439 638 500 Dominabonia
660 445 730 502 tuae
753 439 825 501 mihi
847 429 1080 504 donsulautiuru.

113 548 142 585 ι,
164 520 268 583 Obtuli
288 523 392 602 itaque
408 540 457 582 me
479 529 665 603 prostratum
687 523 872 604 antepedes
893 522 1081 584 reverendis·

163 605 232 665 simi
255 605 379 666 Domini
400 605 524 687 Legati,
552 607 697 674 etomni
717 607 890 668 reverentia
911 609 943 668 et
963 606 1081 669 humili

163 694 228 749 tate
250 689 324 769 petii
347 690 491 766 reniam,
513 690 538 749 ei
561 688 634 768 quid
654 695 770 750 temere
790 688 840 752 vel
863 689 1010 751 dixissem
1030 690 1081 751 rel

163 771 317 868 egissem,
349 790 479 852 esseque
501 791 551 833 me
572 773 796 871 paratissimum
820 771 923 834 doceri
944 780 979 834 et
1011 772 1080 834 duci

165 855 263 928 (siout
283 861 315 915 et
333 854 427 915 hodie
447 856 602 934 sentio)
594 875 625 915 m
648 857 802 917 seniorem
825 857 1018 918 sententiam.
1065 922 1069 927 ,

244 937 302 998 Ηιο
314 956 362 998 me
372 937 645 999 reverendissimus
653 938 802 1000 Dominus
810 938 943 1020 Legatus
952 946 1080 1020 paterne

163 1025 196 1080 at
212 1010 456 1083 clementissime
477 1022 629 1102 suscepit,
659 1021 880 1083 commendans
902 1028 934 1083 ct
954 1041 1082 1104 cougre-

162 1102 264 1164 tulans
285 1103 356 1164 huic
370 1123 458 1165 meae
473 1104 645 1183 humilitati,
667 1107 769 1166 statim
781 1106 839 1166 tria
855 1106 928 1166 mibi
941 1103 1082 1166 iacienda

182 1188 323 1267 reposuit
310 1187 394 1248 tde
427 1187 572 1249 mandato
606 1150 798 1250 Stinctissimi
832 1188 956 1250 Domini
984 1189 1082 1250 nostri

160 1206 266 1350 i'npae
285 1270 397 1331 Leonis
419 1271 467 1350 X,
488 1272 567 1332 sicut
554 1271 690 1333 teiabat
720 1277 808 1348 (uam
824 1268 990 1353 exemplar
1011 1270 1082 1334 Bre-

162 1353 209 1413 vis
231 1355 347 1433 petenti
369 1352 579 1434 denegabatl:

245 1437 394 1516 Primum,
429 1443 461 1497 ut
481 1437 611 1498 redirem
625 1436 674 1498 ad
696 1455 766 1516 cor,
795 1445 825 1500 et
856 1444 973 1499 erratus
995 1455 1081 1499 uscos

160 1538 352 1596 revocarem,

178 1630 180 1635 ’
244 1566 408 1765 Βὲιιιιιιιο,
431 1610 465 1663 ut
485 1604 727 1684 promitterem'
719 1623 750 1663 ru
772 1603 904 1665 tribuum
926 1560 1081 1666 absiiuere

160 1685 200 1746 sb
224 1704 268 1746 ers
291 1706 338 1745 em

243 1767 358 1848 Tertio,
381 1777 414 1829 ut
434 1767 473 1829 ab
495 1768 637 1831 omnibus
660 1788 783 1850 quoque
796 1770 863 1831 aliis
885 1770 1080 1849 abstinerem,

158 1850 269 1961 quibus
290 1852 461 1949 perturbari
481 1853 581 1949 possit
601 1853 744 1917 ecclesia.

243 1933 290 1994 nd
312 1937 442 2015 primum
465 1935 555 2015 petii,
577 1941 611 1996 ιιι
631 1942 816 1997 monstraret
838 1935 930 2011 mibi,
952 1937 984 1995 ιιι
1005 1938 1089 2015 οοο(

158 2037 231 2077 nam
254 2037 413 2096 errassem,
437 2036 510 2078 mox
531 2017 562 2077 id
585 2017 709 2100 obiecit,
732 1983 1079 2098 quodGonclirsiouel

156 2103 238 2161 inter
258 2100 478 2162 declarandum
499 2100 646 2181 dixeram,
670 2108 813 2187 opprtere
835 2121 927 2180 eum,
956 2102 1007 2180 qui
1039 2101 1079 2162 ad

158 2182 389 2246 Sacramentum
407 2182 535 2263 accedit,
559 2181 695 2282 credere,
717 2203 750 2245 se
767 2190 1080 2266 consecuturumgra·

157 2267 233 2327 tiam
255 2271 448 2333 sacramenti
470 2267 558 2328 Hanc
581 2269 662 2328 enim
684 2267 855 2329 doctrinam
879 2287 958 2328 cass
969 2274 1079 2331 contu
1132 2318 1136 2324 .

157 2368 277 2410 sacram
307 2351 487 2431 scripturam
522 2357 553 2411 et
579 2357 695 2412 rectam
729 2351 880 2413 ecclesiae
903 2350 1076 2412 doctrinam
1128 2374 1131 2385 ¹

157 2432 265 2495 voluit
309 2433 474 2514 ligavero
498 2440 677 2495 constanter
698 2433 761 2495 dixi
782 2435 812 2495 in
835 2453 874 2496 eo
893 2441 1007 2532 puncto
1030 2454 1080 2496 me

158 2534 221 2576 nou
245 2535 313 2577 esse
337 2535 502 2596 cessurum,
524 2518 603 2577 sicut
624 2517 786 2580 necbodie
808 2536 908 2598 neque
930 2518 961 2578 ιιι
982 2525 1088 2582 aeter.

150 2618 231 2661 ‚num
254 2619 321 2659 sum
345 2619 494 2662 cessurus.
517 2599 632 2661 Tunc
624 2619 705 2682 rpse.
730 2601 831 2680 Velis,
860 2600 957 2680 nolis,
985 2600 1082 2662 hodie
1125 2660 1132 2669 ,

158 2681 317 2762 oportebit
338 2690 368 2743 te
390 2701 537 2745 revocare
545 2684 691 2765 ,alioqui
714 2684 764 2746 vel
784 2690 911 2766 propter
932 2683 1013 2744 hunc
1034 2683 1079 2745 lo·
1120 2696 1123 2701 ’

156 2784 226 2824 cum
250 2767 354 2826 omnia
376 2770 428 2825 tua
449 2766 531 2827 diets
552 2767 716 2830 damnabo.

228 2847 268 2908 Et
279 2858 453 2929 quanquam
470 2848 592 2910 dicebat
604 2869 743 2911 essenon
762 2849 1078 2930 opinionibusDoclc·

156 2951 234 3007 rum,
254 2931 308 2992 sed
328 2932 489 3012 Scripturis
504 2934 618 2994 sanctis
633 2939 665 2993 et
676 2931 845 2994 canonibus
859 2950 979 2993 mecum
997 2938 1079 2994 actu-

157 3014 1079 3097 rum,uecayllabamtamenScripturaecontrameproduxit,

157 3116 227 3158 cum
239 3117 299 3179 ego
312 3104 419 3159 contre
431 3099 543 3159 multas
555 3098 726 3179 Scripturas
739 3117 796 3180 pro
812 3118 861 3159 me
882 3098 1077 3180 adducerem,

157 3188 191 3240 ut
212 3179 307 3242 videri
330 3183 461 3263 potest
453 3201 483 3241 ιιι
507 3180 655 3244 schedula
669 3182 879 3263 responsionis
892 3200 990 3244 meae.
1011 3181 1078 3244 Nisi

108 3283 112 3288 ¹
157 3262 245 3345 quod
265 3263 304 3324 de
337 3264 478 3327 efficacia
500 3272 760 3327 sacramentorum
782 3264 858 3326 mibi
881 3264 1013 3327 concilia
1033 3284 1087 3326 re·-

107 3352 127 3368 ”
157 3345 286 3425 citabat,
315 3366 394 3427 quae
416 3369 478 3410 non
501 3350 633 3430 negavi,
656 3367 757 3429 neque
778 3353 887 3410 contre
908 3367 958 3410 me
979 3355 1075 3411 erant

155 3429 329 3491 Labebatur
350 3437 453 3493 tamen
475 3434 555 3493 inter
576 3431 739 3493 dicendum
762 3450 885 3512 semper
904 3432 936 3491 in
959 3432 1078 3512 opinio·

157 3531 213 3574 nes
235 3513 413 3576 Doctorum.
436 3515 475 3576 nt
494 3524 653 3613 exspecto,
674 3522 729 3597 pet
730 3534 759 3596 o,
781 3533 858 3596 rogo
874 3533 971 3594 usque
985 3512 1079 3576 bodie

157 3600 248 3658 unam
262 3595 435 3677 Scripturas
456 3600 661 3679 autoritatem,
683 3599 733 3660 vel
755 3606 932 3660 sanctorum
944 3597 1091 3717 Petrum,

157 3697 237 3759 quse
259 3681 300 3742 sit
320 3686 428 3742 cantra
449 3701 550 3744 meam
571 3682 652 3743 bano
674 3683 867 3745 sententiam.

241 3761 282 3824 Et
298 3770 332 3825 ut
346 3764 410 3845 tibi,
431 3764 634 3827 illustrissime
655 3766 817 3847 Princeps,
846 3772 887 3826 ex
916 3761 1011 3826 corde
1031 3763 1078 3826 lc·
