2356 4200
127 239 189 308 368
439 270 442 277 ·
492 243 653 315 auratoque
751 247 756 257 '

125 413 244 493 geticus
273 412 311 474 iu·
331 416 381 476 21.
404 413 505 475 distin.
528 415 555 475 4.
579 431 746 493 quaerens,
774 411 822 472 An
851 426 955 492 poena
983 429 1049 489 pur-

126 497 244 577 gatorii
266 497 305 556 sit
326 496 513 575 voluntarie,
542 503 580 585 et¹
593 497 801 577 multipliciter
822 496 861 556 do
883 513 988 575 poene
1009 493 1050 553 di·

125 580 304 660 elinguens,
336 581 380 640 sic
402 580 575 641 concludit:
602 580 753 641 Absolute
774 579 860 639 nulla
878 596 984 658 poene
1005 583 1052 639 eet

124 663 315 745 voluntaria,
331 665 408 742 quia
429 684 468 724 ex
489 664 550 724 hoc
573 671 621 723 est
640 664 718 724 ratio
740 681 871 743 poenae,
893 661 977 740 quod
1001 679 1050 720 vo-

123 746 234 807 luntati
246 748 458 824 amatura
473 746 532 807 sed.
541 747 761 824 conditionate,
777 747 843 822 site
856 765 895 805 ex
911 744 1051 824 supposi-

6 835 16 844 '
124 828 363 890 ticueralicuiue
385 829 454 889 finis
475 850 579 910 poena
602 838 649 890 est
668 830 857 906 voluntaria,
887 829 966 888 sicut
987 827 1051 887 vult

124 912 468 991 quisquc-ustionem,
495 923 528 973 ut
556 921 688 973 sanetur.
738 913 779 971 Et
807 912 868 972 hoc
889 911 1051 992 dupliciter

124 995 284 1075 confingit.
319 1020 325 1055 ›
732 1033 736 1043 ·

209 1078 387 1156 Aliquando
418 1080 500 1138 cuim
528 1098 584 1158 per
610 1092 743 1158 poenern
777 1077 905 1157 aliquod
935 1076 1051 1137 bonurn

124 1161 376 1240 acquirimuequut
397 1170 483 1242 patet
504 1164 536 1221 in
557 1165 692 1239 ustione,
714 1169 747 1222 et
767 1163 811 1221 sic
825 1163 894 1241 ipsa
907 1160 1050 1221 voluutas

124 1245 253 1305 aetuffit
273 1260 418 1324 poenam,
440 1248 525 1305 utin
548 1246 759 1305 satisfactione
781 1242 875 1324 patet,
900 1262 982 1322 quse
995 1243 1051 1303 sci·

127 1327 199 1386 licet
220 1327 250 1385 in
274 1326 333 1386 hac
353 1330 416 1388 vita
440 1337 487 1388 est
511 1330 674 1388 meritoria.
708 1327 886 1406 Aliquando
908 1345 1052 1405 veroper

125 1409 399 1488 poenamnulium
422 1412 537 1472 bouum
560 1412 833 1489 nobisaccrescit,
856 1417 963 1470 tamen
986 1410 1051 1469 sine

125 1510 246 1571 poenal
263 1493 315 1552 ad·
335 1493 450 1554 bonurn
480 1497 733 1574 pervenirenou
762 1512 944 1574 possumus,
973 1492 1053 1553 sicut

127 1573 277 1654 putet-de
298 1584 395 1637 morte
418 1578 558 1656 naturali,
581 1580 730 1656 sineque
752 1577 871 1637 scilieet
891 1576 1051 1637 nonvcni-¹

127 1657 235 1719 tuaac
258 1678 397 1740 regnum,
420 1669 453 1720 et
472 1669 545 1720 tunc
565 1660 710 1722 voluntas
732 1680 863 1739 poenam
889 1678 950 1720 non
967 1678 1051 1718 assu

127 1741 196 1818 mit,
218 1740 272 1800 sed
288 1743 423 1822 tolerat,
446 1754 478 1803 et
494 1751 646 1822 quantum
670 1744 710 1803 ad
731 1743 792 1805 hoc
812 1743 991 1804 voluntaria
1008 1741 1051 1801 di-

127 1824 219 1900 ettae
236 1827 332 1885 etsie
344 1846 467 1904 poena,
491 1828 598 1905 iuquit
620 1828 790 1907 purgatorii
802 1833 849 1886 est
864 1826 1050 1886 voluntaria.

173 1938 189 1967 ι,
209 1905 257 1969 Eu
279 1907 387 1986 quibus
411 1910 512 1970 verbis
535 1910 596 1970 divi
620 1910 759 1971 Thomna
781 1916 876 1990 patet,
899 1907 983 1987 quod
1001 1907 1051 1987 qui

126 1990 157 2049 in
181 1992 358 2070 purgatorio
382 2001 468 2069 sunt,
490 1992 574 2052 illam
595 2013 730 2072 poenam
752 2013 816 2053 uon
839 1989 1050 2072 eligunt,'eed

126 2073 243 2133 illatam
264 2076 419 2152 patienter
433 2076 583 2154 tolerant,
606 2083 637 2136 et
658 2075 777 2136 vellent
799 2075 931 2135 libenter
952 2093 1050 2135 eece·

127 2169 204 2232 rere,
225 2157 252 2216 si
275 2166 412 2236 possent.
455 2159 555 2237 Adde,
577 2160 660 2238 quod
683 2161 786 2221 anime
803 2164 947 2238 separata
964 2163 1051 2237 gratu

128 2239 196 2300 Deo
220 2239 454 2302 nullust-liubai
475 2243 573 2302 maius
596 2242 791 2320 desiderium,
813 2260 904 2320 quam
927 2239 1051 2300 videndi

125 2321 326 2398 Duum‚..ourn
349 2324 388 2382 ad
410 2325 471 2385 hoc
493 2345 585 2386 omne
608 2345 694 2384 suum
718 2325 798 2385 veile
816 2322 1049 2384 eieutadfineru

65 2419 67 2426 ’
126 2403 295 2484 ordinetur,
314 2406 387 2466 licet
409 2427 464 2487 pro
488 2409 545 2468 Dei
566 2409 727 2468 voluntate
749 2409 902 2487 patienter
925 2405 1051 2483 toleret;

125 2486 205 2546 unde
227 2489 251 2547 si
275 2508 343 2548 curn
363 2491 421 2550 D‘ei
439 2490 602 2551 ⁸voluntate
624 2493 724 2571 possit
746 2510 852 2551 cerere
871 2509 976 2570 poena
997 2491 1051 2549 im·

124 2570 269 2649 pediente
287 2573 455 2648 visionem,
484 2576 514 2633 iu
545 2575 606 2634 hoc
635 2576 776 2634 maxime
799 2575 947 2642 laetatur,
983 2573 1050 2651 pius

125 2673 225 2732 quauu
244 2655 389 2734 goudium
421 2657 546 2736 aliquod
569 2659 599 2717 in
623 2658 683 2717 hoc
703 2657 818 2717 mundo
842 2656 930 2717 uobis
953 2656 1052 2734 possit

125 2736 295 2816 obtingere.
337 2739 448 2800 Dicere
466 2748 573 2800 autem
604 2743 799 2820 oppositum³
828 2738 991 2798 ridiculum
1022 2747 1052 2798 et

125 2819 249 2880 stultum
272 2827 329 2881 est
372 2827 375 2831 ’

212 2905 269 2968 eor.
287 2903 375 2964 Mart.
409 2905 518 2964 Nullus
547 2926 671 2966 securus
702 2915 749 2966 eet
768 2906 807 2966 de
825 2906 954 2965 veritate
977 2923 1051 2964 suae

125 2987 327 3065 contritionis,
349 2988 442 3049 multo
465 2991 564 3049 minus
587 2989 625 3049 de
637 2990 882 3068 consequutione
893 2987 1051 3067 plenariae

124 3088 322 3142 remissionis.
1049 3104 1052 3109 -

210 3150 262 3211 Sil.
285 3152 354 3213 Hoc
377 3153 415 3213 de
438 3155 611 3215 viventibus
627 3175 733 3215 verum
753 3163 809 3231 set,
831 3155 952 3213 annuae
966 3171 1049 3228 vero,

125 3251 205 3311 quae
227 3242 405 3315 purgantur,
429 3245 532 3298 certae
553 3247 622 3298 sunt
646 3258 680 3298 se
703 3239 759 3297 Dei
782 3238 910 3317 gratiam
926 3235 1050 3312 habere,

124 3322 155 3375 et
178 3327 404 3396 consequenter
426 3339 459 3379 ee
482 3320 689 3401 indulgentias
708 3321 842 3399 assequi,
865 3321 961 3378 sitite
979 3337 1049 3379 con-

123 3399 266 3478 serentur,
291 3403 423 3461 maxime
445 3403 608 3483 menariae,
632 3405 740 3482 quibus
763 3405 866 3465 statim
888 3409 1048 3462 atorrneu·

123 3483 161 3541 tie
184 3482 224 3541 ad
245 3485 360 3563 gaudia
380 3485 585 3548 deducuntur,

207 3569 263 3644 31)
288 3568 375 3630 Mart.
399 3569 498 3644 Quam
521 3591 607 3632 rarus
631 3577 678 3631 est
700 3590 772 3630 vere
790 3569 965 3648 poenitenS,
987 3575 1048 3627 tam

125 3669 208 3745 rarus
236 3657 285 3709 est
306 3671 378 3713 vers
406 3652 615 3732 indulgentiae
645 3652 815 3732 redimens,
851 3651 881 3711 id
913 3658 974 3728 eet,
1003 3670 1045 3709 ra-

122 3752 269 3794 tissimus.
