2356 4200
135 253 198 320 144
462 251 611 315 Sermones
629 253 741 315 liutheri

140 427 285 505 scientia,
322 426 375 488 dat
407 430 589 490 sententiam
625 428 719 490 iudex
744 432 776 489 et
803 426 1060 506 excommunicat,

135 509 275 569 ultimum
308 512 440 572 minatur
460 531 595 592 poenam
618 519 776 572 externam
800 518 832 572 et
851 512 929 571 urire
950 507 1057 590 affligo

133 611 216 671 mur,
248 592 349 654 donec
377 595 521 655 cedamus
545 602 576 655 et
597 595 748 655 dicamus:
785 593 868 654 Ecce
890 594 968 653 retia
989 610 1057 653 curn

134 694 230 752 nave,
264 677 395 756 amplius
417 678 493 739 nihil
514 678 633 757 habeo,
667 678 792 738 valeant
813 677 927 736 omnia.
970 674 1057 735 Hunc

132 776 299 837 pauperem
322 766 395 820 tunc
416 762 544 842 suscipit
564 761 663 838 Deus,
693 762 765 839 quia
796 759 879 820 beati
905 776 1056 838 pauperes

133 842 257 919 spiritu,
280 844 425 920 quoniam
449 845 585 923 ipsorum
608 850 656 904 est
676 863 805 923 reguum
828 842 1002 902 coelorum:
1025 846 1056 901 et

131 924 257 1003 iterum,
291 925 395 986 salvos
421 924 524 986 iaciet'
540 926 621 988 filios
643 945 821 1006 pauperum.
864 924 953 984 Hanc
974 925 1055 1002 quie

133 1013 193 1065 tem
223 1009 372 1081 sentiunt,
404 1011 454 1087 qui
484 1008 595 1070 affectu
623 1029 723 1070 rerum
751 1008 860 1069 relicto
889 1007 951 1068 alia
972 1006 1054 1068 bona

133 1091 255 1168 sapiunt
275 1091 305 1149 in
328 1090 399 1152 fide.
442 1092 516 1152 Ideo
541 1094 597 1171 ait,
632 1092 726 1152 corde
758 1090 890 1151 creditur
911 1089 950 1149 ad
972 1091 1053 1149 iusti-

133 1173 224 1251 tiam,
254 1192 317 1232 non
353 1175 412 1253 eit,
446 1176 559 1235 divitiis
592 1194 629 1235 ac
651 1175 762 1235 debitis
785 1174 891 1234 salutis
912 1191 969 1253 per
990 1191 1054 1233 eas

134 1254 214 1314 dem.
257 1255 308 1315 Sic
330 1259 381 1335 qui
405 1275 474 1317 cum
496 1258 526 1321 S.
541 1258 667 1318 Andrea
689 1257 803 1336 dicunt,
825 1275 844 1317 o
866 1254 950 1316 bona
971 1275 1054 1334 crux,

132 1338 219 1397 salve
241 1357 315 1397 crux
336 1340 488 1419 pretiosa,
519 1359 598 1419 quae
626 1341 770 1401 decorem
803 1345 834 1399 et
859 1337 1055 1418 pulchritudi-

132 1439 202 1479 nem
225 1419 264 1480 de
294 1422 437 1483 membris
460 1424 585 1503 Domini
615 1425 751 1502 traxisti,
789 1424 912 1500 suscipe
945 1440 996 1481 me
1025 1428 1056 1480 et

132 1503 228 1563 redde
251 1523 300 1564 me
321 1507 487 1585 magistro,
516 1507 568 1585 qui
597 1526 653 1586 per
680 1513 712 1566 te
741 1524 791 1565 me
818 1503 957 1565 redemit.
1000 1503 1053 1564 Isti

132 1592 220 1665 sunt,
244 1588 294 1665 qui
317 1590 442 1667 cupiunt
462 1589 545 1649 hunc
567 1588 710 1649 affectum
733 1607 834 1648 rerum
856 1588 917 1647 cito
941 1592 972 1647 et
994 1606 1054 1647 rna

132 1669 215 1729 xime
237 1669 382 1750 crucifigi,
406 1670 467 1732 hoc
487 1674 567 1732 enim
592 1670 745 1752 significat
765 1670 877 1730 Christi
895 1669 1054 1729 nudissimi

132 1750 305 1833 crucifixio,
335 1754 386 1831 qui
408 1753 535 1834 figuram
558 1755 589 1813 in
613 1774 647 1814 se
668 1755 766 1834 gessit
785 1753 898 1813 veteris
920 1752 1054 1813 hominis

132 1841 163 1894 et
183 1835 272 1895 huius
294 1835 421 1896 affectus
443 1856 481 1897 ac
503 1838 602 1897 malae
623 1839 711 1897 navis
731 1835 963 1914 relinquendae.
995 1835 1053 1894 Re·

132 1917 299 1996 linquendo
322 1920 403 1979 enim
425 1921 586 1981 mortalem
609 1923 705 1980 vitem
729 1919 867 1999 corporis
886 1919 942 1995 sui,
963 1917 1053 1977 relin-

132 2000 285 2079 quendum
308 2000 413 2062 docuit
434 2002 577 2063 affectum
599 2023 698 2063 rerum
720 2001 951 2080 transeuntium,
969 1999 1052 2078 quod

65 2081 71 2086 ’
131 2090 162 2143 et
182 2082 350 2165 significat,
374 2091 407 2144 ut
428 2085 503 2164 dixi,
526 2087 591 2146 eius
615 2085 750 2146 nudatis.

212 2170 289 2228 Sunt
318 2174 349 2228 et
380 2169 431 2228 alii
459 2168 582 2248 quidam
610 2171 780 2249 piscatores
810 2186 910 2228 vanae
931 2166 1052 2246 gloriae

127 2256 160 2310 et
181 2251 369 2328 securitatis,
400 2271 528 2330 quorum
556 2254 635 2312 retia
660 2252 813 2330 sapientia
835 2256 865 2309 et
885 2249 999 2309 iustitie
1020 2257 1053 2309 et

128 2333 211 2393 bona
241 2352 350 2412 opera,
384 2343 415 2394 et
438 2336 525 2395 navis
547 2336 615 2415 ipsa
637 2334 759 2395 affectio
783 2333 926 2393 vanitatis
950 2332 1051 2392 huius·

127 2415 227 2476 modi:
266 2415 374 2494 quibus
409 2419 504 2478 multo
534 2417 686 2478 difficilius
720 2422 767 2477 est
798 2415 893 2475 eorde
914 2414 1051 2493 credere,

129 2501 201 2579 quia
234 2498 386 2559 difficilius
421 2507 469 2560 est
495 2501 544 2560 hic
579 2502 683 2562 omnia
704 2499 878 2578 relinquere
900 2504 932 2557 et
953 2498 1049 2558 cruci·

128 2582 189 2663 figi.
231 2582 306 2643 Ideo
320 2582 472 2644 difficilius
495 2602 617 2663 quoque
640 2590 696 2661 est,
719 2602 773 2643 eos
790 2579 956 2658 iustificari,
979 2600 1049 2641 cum

126 2667 224 2726 iustus
248 2668 387 2745 nonsit,
421 2669 478 2727 nisi
504 2667 598 2727 corde
620 2667 734 2726 credat.
777 2666 882 2724 Justus
906 2665 987 2724 euim
1009 2683 1050 2724 ex

123 2748 188 2809 fide
211 2750 300 2828 vivit,
330 2750 456 2810 credere
478 2757 580 2810 autem
603 2769 666 2810 non
688 2754 807 2829 potest,
830 2749 888 2807 nisi
910 2746 986 2806 nihil
1007 2747 1050 2806 vi·

123 2831 199 2893 deat
230 2839 284 2892 aut
311 2835 423 2893 sentiet
451 2842 505 2894 eut
534 2840 641 2913 tangat
667 2834 748 2893 intus
778 2839 810 2891 et
840 2837 938 2891 extus.
981 2829 1051 2890 Hoc

119 2908 227 2976 irritem
264 2923 311 2975 est
337 2916 482 2996 suspendi
510 2918 541 2975 in
571 2934 677 2994 cruce,
706 2915 756 2976 ubi
779 2932 929 2991 nusquam
951 2913 1051 2992 tangit

126 3005 247 3078 terram,
271 3000 302 3057 in
328 3017 388 3077 qua
408 2999 553 3077 confidat,
575 2998 652 3059 haec
675 3006 722 3058 est
743 2998 793 3058 via
813 2995 1047 3075 proficientium.

124 3081 214 3143 Unde
242 3102 305 3143 nou
335 3082 392 3162 ait,
427 3082 571 3161 operibus
594 3081 684 3144 bonis
706 3081 882 3161 pervenitur
902 3078 941 3138 ad
964 3079 1048 3138 iusti·

124 3166 197 3224 tiam
211 3167 264 3244 ³¹³),
287 3165 385 3225 multa
406 3165 550 3243 sciendo,
572 3166 728 3244 sapienter
748 3160 968 3242 intelligendo,
990 3161 1047 3221 sed

124 3248 218 3310 corde
240 3248 415 3325 eredendo,
446 3249 564 3308 scilicet
585 3249 730 3326 quoniam
752 3246 910 3306 hominum
932 3262 1048 3304 resera·

124 3338 171 3391 tur
193 3333 293 3393 omnis
321 3333 473 3412 sapientia
505 3337 536 3391 et
565 3337 703 3390 movetur
732 3331 810 3389 sicut
837 3328 947 3389 ebrius.
991 3327 1048 3388 Hic

123 3414 237 3494 dicero,
260 3435 278 3475 o
302 3414 385 3475 bona
407 3433 491 3493 cmx,
514 3433 658 3494 magnum
682 3419 738 3473 est.
780 3411 849 3470 Hoc
871 3419 973 3471 autem
994 3430 1047 3492 ge·

123 3518 180 3559 nus
210 3498 368 3557 hominum
397 3499 440 3557 ita
467 3497 543 3558 latet
564 3498 655 3557 etiarn
678 3513 823 3575 superos,
858 3502 891 3555 ut
918 3512 979 3555 non
1003 3505 1046 3555 te·

179 3752 210 3819 ⁸)
232 3751 376 3805 Confessio
396 3755 493 3804 contra
510 3751 644 3802 iustitiam
664 3765 788 3818 operum.
