2356 4200
397 259 435 313 ad
452 259 485 312 D.
504 259 682 327 rud..nlact.
702 260 777 339 Sex-¹
995 259 1055 326 421
1171 288 1174 295 ·

980 384 986 411 l

216 427 314 505 Quam
337 429 460 509 vellem,
481 430 686 493 illustrissime
708 431 867 513 Princeps,
890 432 972 497 hanc
992 436 1055 515 epi·

133 511 245 593 stolam
267 512 307 575 ab
330 512 433 593 aliquo
458 513 605 575 Silvestre
619 515 764 576 Priariete
786 515 879 576 luisse
901 519 1057 598 scriptam,

132 602 166 655 ut
176 593 318 666 libertate
331 594 425 676 plena
438 597 554 678 ingenii
569 616 637 657 eam
650 598 758 658 liceret
772 606 925 663 excutere.
949 600 1057 663 Osten-

133 677 238 755 dereru¹
260 679 418 759 profecto,
457 698 548 759 quam
570 680 695 741 difficile
716 681 776 758 sit,
798 680 910 742 melam
933 691 965 745 et
987 684 1056 746 sini·

133 765 229 837 stram
252 762 473 835 conscientiam
496 762 624 825 dextera
646 765 767 844 operire
784 766 897 844 specie.
920 765 962 826 At
975 786 1057 828 nunc

133 845 307 923 reverentia
330 845 438 926 optimi
460 852 491 907 et
510 845 719 908 humanissimi
742 847 799 909 viri
816 849 901 929 cogit
921 868 970 909 me
992 848 1055 911 bul·

131 927 234 989 lientis
263 926 364 989 cordis
400 930 460 989 mei
489 949 628 1009 premere
656 937 758 991 aestus
789 950 884 1011 usque
912 932 943 992 in
973 931 1055 993 aliud

132 1019 264 1091 tempus.

216 1093 277 1155 esd
298 1093 359 1156 hoc
381 1095 445 1174 pati
466 1114 529 1157 non
551 1115 696 1175 possum,
719 1094 801 1176 quod
825 1115 864 1157 ex
885 1096 1055 1176 prudentis-

130 1178 209 1239 simo
247 1183 280 1249 et
308 1178 448 1239 acerrimi
481 1177 585 1239 iudicii
605 1178 747 1259 Principe
778 1178 867 1240 nobis
901 1179 1053 1259 quendem

130 1260 234 1323 secere
254 1259 384 1321 Pilatum
407 1267 544 1322 conatur.
577 1260 656 1324 Num
679 1281 747 1322 curn
769 1261 879 1324 ludaei
902 1262 1054 1324 Christum

131 1362 237 1421 curem
271 1342 384 1404 Pilato*
415 1344 594 1405 statuissent
636 1349 667 1404 et
699 1345 877 1427 interrogati
915 1346 1056 1421 fuissent,

130 1445 222 1506 quam
254 1427 484 1487 accusationem
516 1425 680 1505 afferrent,
715 1436 767 1488 aut
800 1427 871 1507 quid
905 1428 977 1488 mali
1012 1429 1055 1489 fe·

131 1510 225 1570 sisset
253 1509 348 1572 homo
376 1508 451 1570 illel
487 1509 651 1570 dixerunt:
688 1509 719 1571 Si
747 1529 810 1571 non
849 1517 933 1572 esset
962 1511 1053 1573 mals·

131 1584 240 1671 fallor,
261 1609 325 1653 non
348 1591 403 1653 tibi
424 1591 656 1654 tradidissemus
678 1612 758 1654 eum.
782 1596 826 1654 lta
848 1600 880 1668 et
899 1594 950 1654 hic
970 1614 1055 1656 reve·

130 1672 331 1749 rendissimus
362 1675 514 1737 Dominus
543 1675 692 1757 Legatum
725 1694 794 1736 cum
820 1676 956 1738 Fratrem
977 1677 1055 1743 Mar·

132 1759 229 1833 tinum
252 1757 386 1838 Principi
415 1758 577 1819 obtulisset
608 1757 711 1819 mullis
738 1758 854 1821 odiosis
876 1759 993 1837 verbis,
1024 1768 1055 1823 et

132 1840 280 1920 Princeps
300 1842 492 1923 interrogare
536 1849 634 1902 osset:
669 1840 749 1917 Quid
770 1841 844 1902 fecit
863 1842 1055 1905 Fraterculns

130 1922 207 2003 ille?
227 1923 427 2005 Respondet:
450 1861 564 1986 Credat
583 1923 667 2000 mihi,
688 1924 1055 2006 illustrissimePrinceps,

124 2006 310 2085 ‚Dominatio
331 2013 444 2084 vestra,
467 2008 539 2086 quia
559 2026 634 2068 vera
653 2006 764 2085 loquor
792 2025 831 2067 ex
853 2012 937 2068 certa
959 2009 1055 2071 scien·

132 2090 184 2168 tie,
205 2108 269 2151 non
292 2109 331 2151 ex
353 2090 559 2170 opinionibus.
583 2089 792 2170 Respondebo
815 2108 875 2171 ego
896 2108 953 2170 pro
972 2090 1054 2153 Prin·

131 2173 210 2253 cipe,
231 2172 303 2251 Fac,
326 2183 360 2237 ut
380 2173 473 2234 sciam
493 2172 574 2234 hanc
595 2191 665 2233 esse
678 2180 793 2233 certam
808 2173 979 2252 scientiam,
999 2193 1054 2254 po·

131 2261 221 2317 natur
256 2255 287 2316 in
310 2256 369 2317 scri
392 2256 450 2334 tis,
477 2256 624 2317 formetur
644 2255 676 2315 in
699 2255 813 2334 literas,
834 2274 897 2316 non
913 2262 1055 2319 vereatur

130 2337 288 2420 publicum
317 2344 349 2400 et
368 2275 480 2402 lbcem.
511 2337 603 2414 Quod
630 2337 680 2400 ubi
710 2338 823 2400 factum
850 2337 956 2417 fuerit,
984 2345 1058 2400 tunc

131 2420 251 2483 mittum
263 2421 401 2483 Fratrem
417 2421 581 2482 Martinam
604 2420 644 2482 ad
666 2420 790 2500 Urbem,
812 2422 875 2483 imo
897 2423 965 2501 ipse
986 2441 1055 2482 eum

131 2505 252 2585 capiam
274 2510 306 2566 et
325 2503 516 2565 interficiam.
543 2504 630 2565 Tunc
657 2504 816 2566 consulam
844 2504 956 2565 honori
986 2524 1057 2567 meo

131 2592 166 2648 et
185 2586 395 2659 conscientiae
416 2606 521 2666 meae,
551 2593 583 2648 et
611 2606 675 2648 non
702 2606 816 2667 ponam
846 2587 996 2648 maculam
1023 2588 1055 2648 in

130 2668 262 2751 gloriam
285 2689 396 2731 meam.
427 2669 537 2732 Donec
558 2674 662 2732 autem
682 2669 736 2730 illa
757 2676 842 2731 certa
863 2670 991 2730 scientia
1012 2668 1055 2730 ln-

131 2771 199 2813 cem
222 2750 307 2833 fugit,
332 2760 363 2813 et
385 2770 448 2814 non
469 2754 527 2814 nisi
548 2771 627 2815 voce
648 2759 766 2814 tautum
788 2751 906 2832 prodit,
928 2752 1002 2813 nolo
1024 2754 1055 2812 in

129 2834 273 2911 ¹tenebras
295 2835 467 2913 confidere,
496 2835 619 2916 quando
642 2855 701 2896 nec
733 2835 786 2894 lux
808 2835 883 2895 satis
910 2839 976 2896 tuta
999 2840 1054 2897 est.

130 2917 184 2981 Sic
212 2919 294 2979 anim
365 2918 642 2998 crespunderem‚
669 2918 814 2998 Princeps
842 2917 1054 2986 illustrissime,

131 3019 237 3062 varum
258 3020 318 3063 nec
361 3008 484 3079 cotors,
512 3020 570 3062 nec
598 3000 727 3064 consule
760 3005 832 3081 aget
850 3000 1056 3063 illustrissima

133 3091 186 3145 tua
203 3082 381 3147 Prudentia.
411 3082 490 3145 Nam
519 3102 641 3145 crassae
663 3085 743 3144 istae
763 3082 912 3145 ltalitates
937 3081 990 3165 (ut
1012 3083 1057 3142 sic

123 3166 279 3242 dixerim)
311 3174 342 3228 et
363 3167 575 3245 Romanitates
612 3167 672 3242 iarn
705 3166 807 3247 pueris
835 3183 959 3245 quoqne
986 3183 1057 3227 oau-

126 3254 216 3315 ,tatae
237 3256 316 3311 sunt.

137 3403 142 3409 .
215 3330 306 3393 Nunc
325 3331 441 3394 iudicet
461 3330 668 3393 illustrissima
689 3330 868 3392 Dominutio
890 3337 956 3407 tua,
983 3329 1056 3410 quid

131 3414 262 3494 amplius
284 3415 387 3477 lacere
408 3413 500 3476 debui
523 3420 576 3476 aut
598 3413 716 3493 debeo,
737 3432 794 3494 per
814 3412 951 3493 pericula
971 3419 1057 3475 tanta

132 3497 214 3559 vitae
236 3504 267 3560 et
285 3497 392 3561 salutis
414 3503 522 3559 contra
543 3498 682 3560 omnium
704 3497 872 3558 amicorum
895 3495 1055 3558 consilium

132 3580 310 3661 comparui,
345 3587 380 3641 ut
400 3586 433 3642 et
452 3579 545 3643 hodie
567 3579 688 3661 dicant,
710 3598 760 3642 me
781 3597 844 3641 non
865 3578 961 3640 fuisse
982 3575 1057 3641 obli·

132 3670 237 3742 gatum
260 3680 451 3745 comparere.
473 3663 594 3724 Deinde
607 3682 710 3725 coram
725 3661 981 3724 reverendissimo
997 3660 1058 3722 Do·

133 3746 217 3807 mino
239 3745 356 3828 Legato
387 3745 506 3807 reddidi
539 3747 690 3807 rationem
722 3745 872 3808 dictorum
905 3762 1056 3807 meorum.
