2356 4200
129 260 172 326 48
376 265 537 334 ¹Responsio
551 265 585 321 D.
605 266 684 322 Mart.
702 265 814 320 Lutheri

128 436 250 496 libellus
263 434 391 513 repudii,
414 442 446 494 et
458 454 540 495 nunc
552 437 713 516 permissio
728 436 872 499 litium
840 456 858 498 e
860 437 1045 518 tiurgiorum

127 519 305 579 sorensium.
339 518 412 578 Ideo
436 518 542 579 dolere
565 539 613 579 me
636 518 795 598 confiteor,
817 502 900 600 quod
922 520 979 580 hes
999 537 1045 579 res

129 601 213 662 loves
232 608 317 661 tanto
341 601 435 662 boatu
457 601 599 662 ardemus
623 603 716 683 vulgo
737 603 935 682 persuadere.
958 601 1046 677 Quod

128 681 198 744 cum
219 686 286 743 siue
307 685 524 744 exhortatione
545 704 677 765 pronum
690 693 737 745 est
758 686 798 746 ad
818 686 1046 766 permissiones,

128 769 254 828 summis
275 768 390 827 viribus
413 767 659 847 persuadendum
686 769 743 829 fuit
768 769 808 829 ad
831 770 984 847 meliora,
1017 766 1045 829 id

128 852 214 930 est,
207 870 305 930 ipsam
328 851 579 913 satisfactionem.
622 853 665 912 At
653 851 747 912 thoe
767 851 879 930 modo,
909 871 979 912 cum
1007 852 1045 911 vi-

127 934 221 995 deant
247 952 419 1013 praecones
443 935 600 994 veniarum
632 943 791 1013 quaestum
813 935 949 995 funditus
970 935 1059 1014 pori-2

128 1025 244 1094 turum,
280 1016 516 1096 prudentissime
546 1016 628 1076 hene
656 1017 792 1078 melioris
814 1019 1044 1098 persuasionem

126 1120 191 1162 non
213 1100 307 1160 modo
336 1101 493 1178 omittunt,
533 1099 586 1158 sed
622 1101 706 1161 omni
728 1100 828 1162 studio
850 1100 955 1162 celant
976 1118 1045 1179 quo·

147 1203 196 1244 ue.

127 1202 145 1262 q
186 1266 259 1326 Nec
275 1267 399 1325 multum
411 1266 548 1346 prodest,
570 1265 775 1344 quoddicitur
797 1267 910 1343 (eausa
931 1262 1043 1348 verbi),

126 1352 233 1410 venias
249 1348 378 1427 quidem
403 1368 465 1409 uon
489 1349 592 1408 velere
610 1348 647 1408 ad
672 1350 812 1409 meritum
827 1368 883 1409 seu
906 1348 1043 1423 salutem,

125 1433 243 1493 velerex
258 1440 360 1501 mmen
387 1431 426 1491 ad
455 1432 586 1491 celerem
617 1432 858 1493 satisfactionem
880 1440 913 1492 et
933 1449 1043 1511 poene
1084 1460 1087 1473 ·

125 1535 193 1575 rurn
225 1515 473 1574 exstinctionem.
519 1514 565 1574 Sit
586 1535 662 1575 sane
679 1516 742 1591 ite,
771 1514 825 1575 sed
848 1515 1043 1575 nihilomiuus

126 1597 214 1676 redit,
237 1597 269 1656 id
287 1597 372 1675 quod
387 1599 470 1675 prius
492 1596 606 1657 dictum
629 1605 685 1674 est,
710 1597 793 1676 quod
816 1597 917 1658 adhuc
937 1597 1043 1659 melius

127 1683 166 1741 sit
186 1683 279 1742 etiam
300 1698 418 1759 poenas
435 1688 466 1740 et
486 1681 712 1740 satisfactiones
735 1701 797 1741 nen
814 1681 972 1760 exstingui
992 1683 1043 1743 aut

125 1765 253 1841 remitti,
285 1782 354 1822 eum
381 1764 413 1822 in
434 1763 494 1823 hoc
516 1782 578 1822 nou
609 1765 667 1823 uisi
689 1765 806 1843 optime
827 1782 924 1842 opera
944 1763 1043 1824 remit-

125 1853 244 1924 tantur,
267 1847 385 1906 scilieet
406 1847 521 1921 oratio,
543 1847 704 1919 ieiunium,
727 1848 936 1926 eleemosyna.
980 1844 1042 1905 Hae

126 1932 208 1990 enim
231 1936 301 1989 suut
321 1935 424 2008 partes
436 1929 665 2007 satisfactionis,
687 1949 763 2009 quas
784 1930 897 1988 remitti
908 1931 934 1991 si
949 1927 1040 1991 audes

126 2013 240 2074 bunum
262 2031 417 2087 asserere,
442 2010 570 2071 audebis
592 2014 685 2072 etiam
709 2012 761 2091 id,
784 2011 968 2090 quodnihil
989 2016 1041 2086 eet,

127 2097 276 2175 optimum
300 2095 413 2154 dicero.

208 2180 302 2258 Igitur
322 2179 428 2237 venias
450 2184 607 2256 quaerant,
630 2179 681 2256 qui
704 2178 819 2239 volunt.
849 2177 912 2238 Sed
934 2178 1040 2239 exhor·

125 2269 227 2322 teutur
248 2262 316 2340 plus
338 2259 377 2319 ad
400 2260 549 2338 meliora,
569 2259 601 2319 id
624 2267 685 2337 est,
708 2261 746 2321 ad
769 2263 835 2340 ipsa
857 2262 975 2340 optima
996 2279 1039 2322 se-

124 2345 307 2405 tisfactiouis
319 2363 424 2422 opera.
446 2342 530 2403 Sicut
540 2344 648 2422 virgini
662 2345 988 2423 permittitApostolus
1004 2341 1037 2425 ‘J

125 2429 256 2505 nubere,
287 2427 389 2487 hortat
346 2434 425 2486 tatur
451 2431 553 2487 autem
575 2428 691 2522 megis,
724 2435 756 2486 ut
778 2429 875 2506 virgo
909 2433 1039 2488 maneat

124 2511 216 2571 Tales
239 2475 304 2570 elt
305 2529 353 2569 am
378 2510 527 2569 discretos
549 2511 705 2569 veniarum
728 2510 960 2586 buccinatores,
993 2509 1039 2588 qui

124 2601 268 2674 separent
289 2593 458 2677 pretiosum
474 2612 493 2651 a
515 2592 577 2669 vili,
600 2593 625 2651 si
647 2592 777 2672 dederis,
800 2592 874 2652 nihil
899 2600 948 2653 est
948 2609 1038 2671 ,quo

122 2678 352 2753 dissentiemus,
386 2695 502 2755 paucos
524 2682 625 2735 autem
649 2676 751 2754 dabis,
787 2682 839 2735 aut
862 2675 981 2755 aliquot
1004 2694 1040 2737 cx

123 2762 198 2840 ipsis
223 2759 381 2820 mendicos
404 2760 506 2820 socies

207 2844 256 2904 Ad
278 2843 541 2922 quadragesimam
565 2861 632 2900 cum
653 2841 928 2915 S.Thoma(1mui
951 2841 1037 2916 enim,

125 2949 164 2989 ue
186 2949 254 2989 cum
277 2928 307 2988 S
330 2925 425 2986 Paulo
449 2924 498 2985 vel
518 2924 623 3003 Augus
627 2927 709 3001 tino)
741 2924 898 2985 confutare
920 2923 1039 2984 conaris

123 3014 252 3073 alterum
275 3030 374 3070 meum
399 3008 450 3090 (ut
470 3007 588 3082 dixisti)
613 3007 721 3068 falsum
743 3020 958 3149 praeceptum,
986 3005 1040 3070 sci·

20 3109 22 3124 “
124 3096 196 3156 licet
224 3093 306 3190 quod
333 3111 407 3153 vera
433 3110 492 3151 con
496 3098 531 3149 rr
535 3091 576 3150 tie
604 3109 722 3169 poenes
745 3091 863 3169 quaerit
892 3098 923 3150 et
951 3095 1039 3149 amat.

124 3180 164 3238 Et
185 3180 253 3239 dist'
233 3179 345 3256 tinguis
369 3175 506 3254 duplices
528 3192 646 3252 poenas
679 3176 774 3248 (sicut
763 3179 836 3232 tet
857 3192 951 3252 supro
973 3172 1040 3235 leol-

124 3264 197 3341 sti),
230 3263 342 3340 primo,
374 3257 518 3337 quamdiu
541 3276 658 3336 poenas
684 3257 757 3317 dare
795 3275 851 3336 pro
872 3254 1038 3317 sceleribus

124 3353 172 3406 est
204 3345 331 3406 alicuius
356 3343 430 3404 boui
459 3341 631 3418 allativum,
666 3350 699 3400 ut
725 3341 756 3399 iu
786 3341 941 3418 praesenti
971 3339 1040 3414 vita,

122 3428 248 3508 quando
270 3427 460 3487 meritorium
482 3431 537 3499 ost,
560 3443 633 3484 veru
654 3425 796 3485 contritio
818 3429 903 3483 emat
924 3437 1039 3517 poenas

123 3511 163 3571 ad
185 3509 364 3571 merendum
384 3518 416 3568 et
436 3507 682 3602 praecavendum
703 3527 722 3566 a
738 3506 887 3587 peccatis,
909 3506 978 3566 siue
999 3510 1039 3564 te·-

125 3615 194 3654 men
219 3600 394 3724 contemptu
417 3591 584 3650 veniarum.

132 3720 236 3728 ...μ-..ῃ
260 3714 499 3724 ..Μ’-.-
503 3714 570 3722 -ι-ο-

160 3793 191 3861 ⁸)
214 3791 225 3846 l
248 3789 312 3845 Cor.
333 3790 359 3846 7.
