2356 4200
186 281 250 367 258
525 346 529 356 .
560 273 710 355 :tractatio
740 306 753 352 .;

187 455 343 533 ieschae
354 457 414 518 et
403 476 436 517 m
470 456 612 521 articulo
629 457 752 534 mortis,
781 454 981 517 eucharistiae
1006 472 1107 523 sacra

188 547 337 620 mentum,
359 542 425 601 sive
445 559 500 620 per
521 559 566 618 se,
588 541 653 600 sive
675 559 730 620 per
744 502 841 601 'alium
851 539 1024 601 ministrare
1036 559 1108 622 pns-

187 623 235 693 art
240 624 412 703 evaleat,
434 623 616 685 auctoritate
639 641 714 702 apos
717 621 826 700 tuliae,
849 641 904 702 per
925 621 1027 694 dictas
1042 623 1107 685 lite·

187 725 258 781 ras
259 725 417 767 concessa.
459 705 527 765 Ista
544 712 647 765 tamen
668 704 919 776 confasionalia
928 722 991 767 non
1011 711 1106 774 seen

188 766 317 864 tendunt
339 788 378 851 ad
400 789 655 857 commutationes
677 794 830 884 votorum,
853 787 919 848 sive
940 786 1107 858 absolutio:-

188 889 244 931 nes
267 879 475 1015 peecatorum,
499 871 680 945 emissorum
698 871 764 930 sire
781 870 1023 941 commissorum
1032 877 1105 933 ante

177 960 294 1039 .ι,ιοιιιι
293 955 398 1029 ionem
418 953 549 1048 illorum,
573 955 644 1032 quia
667 953 707 1014 de
724 956 806 1012 tuno
812 953 931 1013 emissis
943 953 1027 1021 votis
1041 954 1107 1015 sive

123 1070 126 1075 ·
226 1038 358 1113 inmissis
381 1041 490 1123 pgccat
490 1036 517 1095 is
478 1034 694 1097 tdebebunt
682 1034 837 1176 tabsplui,
860 1034 1106 1114 sivedispebsqri

133 1184 137 1191 ,
209 1117 415 1199 ¹deputatis,
435 1117 645 1199 suffragabunt
645 1138 680 1178 ur
707 1124 778 1197 post
779 1136 816 1177 ιι
843 1117 1027 1197 profuturis.
1059 1117 1105 1183 In

185 1178 271 1277 ιιιιιι
302 1208 354 1261 ιιι
355 1221 403 1263 em
425 1220 506 1281 papa
529 1200 689 1262 ordinariis
718 1207 749 1260 ιι
775 1200 843 1261 aliis
866 1199 1106 1297 quibuscunque,

144 1349 145 1352 ,
187 1283 255 1360 snb
263 1303 375 1364 poena
404 1283 732 1354 excommunicationis
764 1283 847 1343 latae
874 1284 1067 1350 sententiae
1076 1286 1108 1347 at

187 1367 423 1446 quingentorum
456 1367 652 1443 ducatorum,
690 1386 730 1426 ne
752 1373 837 1444 ¹post
869 1365 1000 1429 absolu
979 1373 1105 1444 ronam,

127 1494 129 1499 -
187 1448 449 1528 dispensationem
471 1455 503 1510 et
516 1450 749 1527 concessionem
769 1447 945 1513 huiusmodi
965 1448 1005 1509 de
1020 1468 1106 1529 prae,

186 1532 287 1609 spissis
315 1532 434 1607 casibus
470 1552 504 1593 se
536 1532 643 1612 quovis
678 1530 770 1591 modo
800 1532 1019 1609 intromittere,
1056 1532 1105 1603 uel

175 1613 265 1693 ¹tales
288 1612 516 1685 contribuentes
539 1614 714 1691 molestare,
737 1633 790 1674 seu
810 1614 988 1691 quominus
1006 1615 1106 1684 istiua-

123 1708 126 1714 '
188 1696 273 1763 modi
295 1697 489 1761 facultatibus
513 1705 544 1758 et
565 1698 669 1778 gratiis
691 1695 787 1758 libere
819 1696 1026 1775 uti.possiut,·
1051 1697 1105 1757 iru-

79 1777 83 1784 ’
186 1779 292 1860 pedire
314 1787 523 1860 praesumant,
551 1799 588 1841 eo
612 1778 695 1859 quod
716 1780 748 1838 in
769 1785 900 1857 utroque
927 1779 1012 1858 foro,
1046 1780 1105 1845 sci

184 1862 258 1942 licet
285 1864 479 1924 contentioso
503 1869 534 1924 et
556 1863 801 1939 eonscientioso,
829 1861 1005 1941 praedictae
1024 1881 1105 1921 com-

185 1947 387 2023 mutationes,
410 1944 621 2007 absolutiones
643 1952 675 2005 et
695 1944 942 2024 dispensationes
967 1945 1105 2007 valeant:

184 2047 248 2097 nun
277 2027 469 2091 obstantibus
491 2027 760 2089 constitutionibus
800 2034 830 2089 et
863 2027 1105 2089 ordinationibus

185 2111 364 2192 qpostolicis
387 2130 425 2173 ac
445 2111 540 2173 literis
557 2129 808 2190 quorsumcunque
820 2109 1105 2190 praedecessorum,

184 2194 393 2260 Βοιιιιιιοιιιιιι
436 2193 632 2274 pontificum,
673 2194 854 2272 praesertim
892 2193 977 2255 Pauli
1011 2193 1040 2255 lI
1075 2201 1107 2255 ct

184 2275 266 2354 sixti
289 2277 348 2357 IV,
383 2277 492 2356 quibus
515 2295 660 2356 expresse
683 2283 714 2336 et
735 2274 921 2337 sufficienter
943 2295 999 2356 per
1019 2295 1105 2356 prae·

185 2346 281 2437 dictas
294 2323 398 2421 lite’ras
415 2359 545 2441 derogat
545 2380 589 2438 ur,
613 2378 649 2420 ce
651 2360 783 2437 terisque
805 2359 835 2417 in
860 2360 1044 2419 contrarium
1064 2359 1104 2419 ιι

184 2428 334 2515 cientibus
358 2443 597 2522 quibuscunque.
633 2445 664 2504 tn
687 2461 815 2520 quorum
835 2440 927 2502 fidem
938 2461 998 2521 ego
1011 2442 1105 2503 frater

184 2524 322 2605 Baptista
344 2525 383 2585 de
401 2525 534 2603 Austris,
558 2524 693 2587 eiusdem
711 2524 843 2584 lubilaei
856 2525 1102 2621 Oonrmissarins,

185 2606 306 2669 Ordinis
328 2609 480 2669 Minorum
503 2607 543 2668 ιιι
557 2607 738 2669 Observant
718 2613 769 2684 tra,
793 2607 832 2668 ad
846 2609 1015 2686 praemissa
1035 2607 1103 2668 sub-

185 2689 309 2772 delegat
310 2712 345 2751 us
367 2699 397 2752 et
414 2690 600 2771 deputatus,
624 2709 714 2751 manu
737 2690 862 2769 propria
883 2690 1050 2770 subscripsi
1073 2698 1104 2751 ct

184 2773 286 2839 ιιιιιο
310 2775 476 2834 munitast
464 2773 574 2834 tradidi
597 2780 774 2853 praesentes
799 2772 910 2833 literas
941 2773 1079 2834 Datum
1072 2793 1102 2832 ιιι

183 2775 338 2938 gldium),
361 2856 410 2917 die
432 2846 481 2925 25.
504 2856 618 2917 Mensis
640 2855 841 2931 Novembris,
875 2876 956 2916 anno
979 2856 1104 2917 Domini

184 2939 346 3007 millesimo
369 2940 614 3037 quingentesimo
638 2939 727 2998 tertio
751 2938 881 2999 decimo.

183 3066 319 3128 Forma
350 3065 617 3128 absolutionis
651 3066 854 3145 plenariae
882 3066 1103 3144 praemissa

182 3151 446 3223 confessione.
489 3148 626 3208 Semel
645 3151 680 3208 in
704 3150 784 3209 vita
805 3157 841 3209 ct
862 3148 899 3208 in
921 3147 1104 3227 quolibet

181 3232 354 3314 periculo
370 3233 608 3293 etiumortis
623 3232 790 3293 articulo
810 3231 1101 3295 velvenisimili.

266 3350 445 3411 Misereatur
473 3350 515 3410 tui
550 3355 607 3409 eto.
655 3347 696 3409 Et
723 3359 794 3431 post
816 3348 909 3409 verba
930 3350 1102 3411 communis

182 3428 385 3497 absolutionis
415 3432 497 3493 dicat
520 3431 679 3494 sacerdos:
722 3433 834 3494 lterum
856 3439 947 3512 apost
935 3431 1031 3495 tolica
1050 3452 1102 3495 au-

182 3516 305 3589 toritate
335 3516 388 3577 tibi
424 3534 588 3591 concessa,
619 3521 650 3575 et
678 3515 785 3576 mihi
778 3535 807 3575 m
832 3515 889 3575 hoc
909 3523 997 3611 parte
1019 3535 1101 3576 com·

181 3599 274 3690 missa
309 3597 440 3659 absolvo
469 3597 532 3658 Te
552 3597 590 3658 ab
626 3599 768 3660 omnibus
798 3600 950 3677 peccatis,
982 3597 1102 3661 delictis

181 3687 214 3742 et
234 3681 411 3769 encessibus
435 3685 707 3778 qnantumcunque
728 3680 917 3754 enormibus
949 3680 1101 3743 hacteuus

180 3783 236 3847 par
258 3772 289 3827 ιι
311 3765 499 3863 commissis,
531 3783 568 3824 ae
589 3765 725 3825 censuris
748 3726 1011 3852 quomodolibet'
1002 3784 1101 3827 incur·
