2356 4200
471 302 498 341 ι.
516 285 589 344 1516
604 286 701 344 hubin
998 286 1060 353 117

149 461 211 517 suut
226 456 309 518 nude
328 458 472 519 iuDeum
494 457 700 539 refundenda,
718 461 789 540 quia
811 461 896 521 solus
918 461 985 541 ipse
1006 480 1060 542 po-

148 547 216 620 tens,
236 547 268 601 et
289 541 386 602 solius
407 560 520 603 nomen
544 543 610 603 eius
631 551 769 604 sanctum
793 550 849 603 est.
891 543 949 605 Hic
971 544 1060 606 abso·

145 623 230 684 lutam
253 624 377 685 leudem
398 624 457 685 Dei
479 625 661 687 brevissime
683 627 850 707 expressit,
874 628 925 705 qui
947 633 1059 707 potens

144 714 199 786 est,
231 708 304 770 ie.
335 709 387 788 qui
423 707 508 769 solus
534 708 608 769 facit
636 716 667 770 et
696 709 791 771 efficit
813 710 927 770 omniu.
969 711 1060 772 Unde

142 789 268 851 Graece:
304 791 391 852 Fecit
412 791 485 851 mihi
508 811 622 873 magna
643 793 696 853 ille
717 800 845 874 potens,
869 793 956 872 quasi
978 793 1059 855 dice-
1123 825 1137 848 0

140 879 189 952 ret,
207 874 264 935 illc
286 881 434 955 operator
455 877 603 936 omnium.
646 875 703 936 Est
724 877 804 936 cuim
829 876 889 936 hoc
912 875 982 936 loco
1005 896 1059 957 po-

134 964 200 1018 tens
226 956 365 1037 Graece,
394 957 545 1020 Hebruioe
567 957 701 1038 Gibbor,
733 959 817 1039 quod
846 978 909 1020 nou
932 977 997 1020 uno
1016 961 1058 1020 fa

136 1040 190 1101 cile
218 1042 377 1120 exprimas
406 1042 547 1121 nomine,
574 1041 728 1184 sipuificat
756 1062 841 1121 eum,
869 1042 921 1122 qui
942 1043 1007 1122 ugit
1028 1049 1060 1103 et

136 1129 242 1203 potens
276 1130 326 1184 est
352 1125 385 1184 in
406 1124 529 1205 agendo
551 1130 584 1185 et
615 1125 763 1204 aciendo,
798 1125 881 1204 quod
903 1126 1059 1187 teutonice

135 1225 188 1288 ego
222 1205 360 1268 dicerem
389 1208 489 1287 ibitig.
534 1208 608 1269 Vult
636 1227 711 1288 ergo
743 1209 826 1269 idem
849 1209 952 1268 dicere
973 1208 1057 1288 quod

134 1289 310 1369 spostolus,
345 1291 398 1370 qui
427 1297 572 1371 operatur
599 1293 705 1352 omnia
731 1293 762 1352 in
795 1291 953 1368 omuibus,
990 1293 1057 1353 siue

134 1392 189 1452 quo
213 1373 294 1433 nihil
318 1380 473 1454 operatur,
495 1393 570 1455 ergo
593 1374 645 1434 ille
668 1375 752 1435 solus
774 1381 895 1455 potens.
939 1374 1059 1436 Alludit

132 1463 233 1517 autem
254 1457 344 1538 virgo
365 1457 505 1538 gloriosa
524 1457 564 1517 ed
591 1456 667 1516 illud
696 1458 843 1536 verbum,
871 1458 944 1519 fecit
972 1457 1056 1538 mihi,

132 1541 216 1618 quasi
239 1538 375 1600 diceret:
410 1540 496 1601 Fecit
516 1540 569 1600 ille
591 1541 643 1618 qui
664 1540 754 1618 facit,
776 1561 831 1601 seu
852 1540 905 1602 ille
927 1541 1055 1618 faciens,
1125 1554 1130 1565 ·

131 1625 189 1685 ie.
212 1624 267 1702 qui
283 1624 389 1684 omnia
409 1623 492 1702 facit,
514 1623 703 1695 fecitetiam
725 1624 798 1684 mihi
820 1624 909 1702 haec,
931 1629 966 1684 ut
987 1624 1055 1686 suo

130 1705 294 1788 intelliges,
315 1724 390 1767 vere
410 1707 480 1786 ipsc
501 1715 557 1785 est,
580 1707 631 1785 qui
653 1706 728 1766 facit
743 1708 848 1768 omnia
863 1707 958 1784 solus,
981 1725 1055 1786 quo

131 1787 222 1850 modo
245 1796 322 1849 tuuc
343 1789 545 1851 olifaunt.
568 1789 721 1850 accedens
747 1796 890 1869 tentator,
911 1790 930 1850 i.
953 1808 980 1850 e.
1002 1789 1056 1850 ille

129 1873 177 1951 qui
208 1877 326 1951 tentat,
357 1871 469 1933 Graeci
502 1872 643 1933 cedendo
673 1873 788 1953 aptius,
825 1880 858 1934 ut
893 1872 1062 1954 apostolus,

132 1959 145 2018 1
166 1954 279 2016 Thess.
301 1958 332 2033 3,
364 1973 405 2016 ue
425 1955 506 2015 forte
527 1957 692 2016 tentaverit
712 1974 769 2016 vos
792 1956 843 2036 qui
864 1961 962 2016 tentat
982 1957 1001 2015 i.
1026 1974 1053 2019 e.

130 2044 275 2098 mutator.
319 2037 397 2098 (lum
428 2056 503 2118 ergo
533 2038 629 2111 solius
651 2039 709 2099 Dei
731 2039 792 2098 sint
813 2040 934 2117 omnia,
968 2038 1053 2099 solus

129 2121 233 2182 omnia
254 2120 369 2198 faciat,
392 2121 477 2182 solus
498 2126 627 2202 potens,
649 2123 668 2185 i.
692 2141 719 2182 e.
742 2141 892 2202 operosus
915 2119 1051 2200 effector,

129 2211 210 2264 carte
232 2203 319 2263 solus
341 2210 373 2264 et
392 2217 507 2264 nornen
529 2204 632 2265 habet.
675 2204 757 2266 Nam
785 2223 898 2265 nomeu
926 2203 1054 2266 debetur

128 2288 168 2365 ei,
191 2287 245 2366 qui
268 2286 356 2365 fecit,
379 2305 442 2347 uon
465 2288 504 2365 ei,
526 2289 577 2366 qui
599 2306 662 2348 nou
685 2288 766 2365 fecit,
789 2287 905 2366 alioqui
928 2294 976 2347 est
996 2306 1049 2348 no-

127 2389 196 2430 men
220 2388 346 2432 venum.
390 2369 464 2430 ldco
488 2370 596 2431 dicitur
618 2377 650 2431 et
676 2378 814 2431 sanctum
836 2390 950 2431 nomen
973 2371 1049 2448 eius,

126 2453 275 2533 polluitur
295 2470 411 2513 nomen
436 2454 518 2529 eius,
542 2454 567 2513 si
589 2453 683 2514 homo
707 2454 763 2514 sibi
788 2454 944 2533 quippiam
966 2472 1048 2514 arro-

126 2542 177 2616 gat
199 2535 239 2595 dc
263 2553 359 2615 opere
379 2537 447 2597 Dei,
491 2535 582 2596 Solus
604 2543 722 2616 potest,
751 2537 836 2597 solus
860 2544 891 2597 et
912 2537 1048 2597 nomine·

126 2626 180 2678 tur.
225 2618 319 2698 Apud
341 2618 496 2679 seculares
518 2619 669 2697 laudatur,
691 2621 742 2698 qui
764 2620 861 2680 multa
881 2620 970 2697 fecit,
993 2618 1048 2679 sed

125 2700 207 2782 apud
229 2702 349 2780 Deum,
374 2703 426 2782 qui
448 2701 545 2762 multa
565 2704 737 2783 acceperit,
758 2704 821 2763 imo
845 2704 870 2763 si
891 2701 973 2782 apud
994 2701 1048 2763 ho-

125 2786 222 2845 miues
245 2784 300 2845 ille
321 2784 477 2861 laudatur,
509 2786 560 2864 qui
581 2786 669 2862 feeit,
700 2805 762 2846 uon
784 2792 886 2846 autem
908 2785 977 2860 ille,
1000 2786 1048 2845 cui

125 2867 238 2928 factum
262 2874 325 2945 est,
349 2887 429 2946 quae
451 2875 499 2928 est
520 2869 698 2948 insipientia
720 2876 826 2929 nostra
847 2876 909 2928 tam
931 2867 1047 2943 infelix,

125 2956 157 3011 ut
176 2950 261 3031 apud
283 2949 386 3011 Deum
415 2951 544 3012 velimus
577 2951 711 3029 laudari,
740 2952 791 3013 ubi
814 2951 889 3012 nihil
909 2950 1047 3028 fecimus,

124 3034 178 3094 sed
211 3041 331 3094 tentum
363 3035 433 3113 ipso
461 3036 593 3095 faciente
621 3035 806 3114 accepimus.
856 3034 951 3114 Igitur
979 3032 1046 3093 Deo

123 3117 190 3176 laus
212 3123 246 3176 et
265 3115 383 3196 gloria,
411 3118 500 3179 nobis
522 3124 624 3178 autem
648 3117 821 3196 beatitudo,
844 3116 933 3179 uobis
957 3115 1047 3177 bene-

124 3199 253 3278 dicitur,
283 3198 373 3260 uobis
395 3200 641 3280 congratulatur,
673 3200 900 3280 congaudetur,
922 3198 1047 3278 applau-

123 3282 203 3342 ditur
224 3284 256 3341 iu
287 3299 340 3358 eo,
368 3283 453 3361 quod
475 3284 625 3344 Dominus
639 3283 727 3344 fecit
746 3283 907 3343 uobiscum
930 3282 1046 3342 miseri·
1080 3290 1088 3300 '

124 3365 260 3426 cordiam
284 3385 382 3442 suam,
405 3367 482 3425 sicut
503 3365 542 3426 de
565 3372 673 3426 sancta
694 3365 853 3426 Elisabeth
875 3364 994 3443 dicitur,
1017 3371 1048 3424 et

124 3449 289 3509 audierunt
308 3449 402 3507 vicini
423 3455 455 3509 et
475 3450 601 3529 cognati
622 3451 706 3524 eius,
739 3454 771 3509 et
791 3446 1046 3528 congratulaban-

124 3538 171 3591 tur
192 3532 232 3608 ei,
256 3532 328 3610 quia
348 3531 422 3591 fecit
433 3532 583 3592 Dominus
605 3531 844 3592 misericordiam
868 3549 955 3590 suam
978 3548 1045 3589 cum

123 3615 185 3676 illa.
229 3613 278 3674 lta
298 3614 430 3674 ethaeo
450 3614 542 3676 beata
563 3617 650 3696 virgo
672 3616 738 3675 vult
759 3614 875 3688 dicere,
905 3632 973 3673 cum
996 3632 1047 3672 au-

124 3697 252 3776 dierint,
282 3696 366 3776 quod
388 3699 536 3757 Dominus
558 3698 632 3759 feeit
654 3699 727 3759 mihi
750 3717 879 3778 magna,
912 3715 975 3756 non
998 3715 1048 3755 me

124 3780 303 3862 laudabunt,
325 3780 381 3842 sed
399 3781 522 3843 beatam
543 3800 593 3844 rue
615 3781 719 3844 dicent
739 3789 770 3842 et
791 3778 1047 3861 congratulabun-
