2356 4200
167 277 230 343 216
423 277 618 332 &solutiones
637 278 745 347 Disput.
765 277 843 332 Lntlr.

167 466 224 528 per
244 466 314 507 mea
335 447 574 526 protestatione,
608 445 690 524 quod
712 464 776 506 non
798 465 921 527 meum,
944 447 1005 509 sed
1028 467 1092 528 pon·

168 528 273 607 filicis,
303 531 367 590 imo
398 527 599 590 ecclesiastici
627 528 851 590 forte-concilii
887 532 930 590 sit
952 537 1092 608 statuere,

168 614 236 694 quis
259 614 299 673 sit
319 611 372 672 ille
395 612 513 673 modus.
557 611 659 670 Meum
688 619 735 671 est
763 613 920 690 inquirere
941 620 978 673 et
1000 613 1093 694 dispu-

168 702 250 774 tare,
286 714 323 756 ac
350 693 520 755 rationibus
548 693 710 771 adductis,
746 694 818 774 quid
840 694 1020 776 intelligam
1047 706 1094 756 aut

168 778 304 840 nondum
326 777 515 858 intelligam,
536 776 682 836 indicare.
725 777 809 858 Ergo
832 777 948 858 duplici
973 781 1027 839 via
1045 781 1094 839 im-

168 861 313 942 penditur
333 860 510 941 suffragium
533 860 702 919 animabus.

138 958 159 995 *r
252 944 353 1004 Primo
375 963 408 1003 re
429 945 498 1022 ipsa
506 948 538 1003 et
550 941 653 1003 officio
667 949 841 1023 praesente,
863 944 946 1004 sicut
959 943 1007 1019 fit,
1030 965 1092 1007 cunr

161 1026 314 1088 «sacerdos
327 1045 396 1086 cum
408 1026 525 1106 populo
547 1033 623 1101 orat,
646 1027 771 1103 ieiunat,
794 1024 959 1103 sacrificat,
974 1027 1092 1110 aliaque

168 1110 242 1171 facit
262 1110 422 1171 nominata
443 1128 539 1188 opera
572 1127 628 1188 pro
657 1110 822 1169 nominatis
844 1110 1029 1192 animabus,
1060 1114 1093 1174 de

169 1211 231 1273 quo
253 1190 398 1272 suffragio
422 1192 537 1251 nullum
561 1191 684 1252 dubium
708 1200 769 1269 est,
798 1193 870 1270 quin
894 1193 1094 1258 vehementer

142 1271 145 1277 ’
167 1276 282 1356 prosit,
305 1281 335 1334 et
352 1274 484 1334 redimat
505 1275 645 1353 animas,
668 1274 834 1335 secuudum
853 1275 939 1353 quod
962 1277 1034 1341 Deo
1056 1281 1094 1340 vi·

169 1377 234 1418 sum
258 1359 367 1435 fuerit,
399 1363 430 1417 et
460 1357 532 1417 illae
555 1360 719 1418 meruerint
741 1357 910 1418 secundum
933 1359 970 1423 B.
995 1361 1093 1444 Angu-

169 1442 291 1502 stinum.
333 1440 381 1500 De
412 1441 471 1500 isto
494 1443 634 1520 superius
659 1441 721 1500 dixi
745 1441 948 1515 conclusione
969 1462 1092 1523 praecc-

169 1523 271 1602 denti,
290 1521 376 1602 'quod
399 1523 491 1583 talem
513 1530 699 1603 potestatem
722 1524 815 1590 habet
838 1524 1008 1607 episcopus
1030 1548 1093 1610 spe·

168 1605 296 1684 cialiter,
318 1606 440 1684 qualem
463 1626 543 1686 papa
565 1606 758 1687 generaliter,
781 1606 939 1681 scilicet')
965 1626 1033 1672 non
1054 1615 1093 1672 iu·

150 1688 374 1833 wicdonis,
408 1688 462 1749 sed
492 1688 627 1770 suffragii
654 1689 787 1750 faciendi
815 1691 845 1748 in
868 1697 1091 1771 purgatorium.

237 1773 297 1832 isto
321 1770 414 1831 modo
437 1771 573 1832 hicnon
596 1774 759 1851 quaeritur,
781 1779 815 1832 ut
836 1781 942 1834 notum
967 1784 1025 1837 est.

251 1854 404 1933 Secundo,
426 1854 610 1934 impenditur
631 1857 696 1915 sine
719 1855 821 1916 cilicio
836 1856 885 1916 vel
908 1875 1020 1939 opere,
1043 1861 1092 1923 sed

166 1956 252 1998 ruera
274 1937 483 1998 iurisdictione
504 1957 560 2017 per
582 1939 684 1998 literas
708 1939 757 1998 rel
780 1939 811 2012 ²]
841 1958 938 2000 voces
960 1955 1092 2021 pronun

169 2022 260 2081 ciata.
303 2020 343 2081 Et
364 2019 396 2080 id
418 2039 541 2099 quoque
563 2041 601 2081 ex
624 2021 743 2082 duobus
769 2021 931 2082 thesauris.
975 2025 1092 2088 Primus

169 2111 217 2164 cst
239 2104 452 2183 triumphantis
474 2104 645 2177 ecclesiae,
674 2107 726 2182 qui
748 2113 797 2164 est
816 2106 958 2166 meritum
983 2109 1092 2172 Christi

169 2192 202 2246 et
221 2186 402 2248 Sanctorum
432 2187 496 2245 eius
527 2187 823 2266 superabundantius
854 2207 946 2266 quam
982 2191 1092 2254 debue-

168 2275 237 2329 rant
259 2270 449 2331 merentium.
484 2266 626 2328 Ilt'hunc
649 2288 717 2329 esse
741 2270 881 2330 relictum
904 2273 935 2330 in
950 2276 1092 2352 ecclesia,

169 2359 201 2411 ut
223 2350 272 2411 iric
293 2359 503 2411 remuneretur
529 2359 560 2411 et
581 2360 807 2431 compensetur,
831 2353 936 2414 dicunt
959 2357 1014 2419 illi.
1044 2359 1092 2419 Al·

168 2441 213 2494 ter
240 2441 287 2494 est
315 2434 471 2494 militantis
507 2435 677 2512 ecclesiae,
712 2445 743 2495 ut
776 2444 845 2496 sunt
868 2438 979 2498 merita
1015 2441 1092 2503 bona

168 2535 264 2596 opera
285 2518 454 2576 viventium
479 2517 741 2596 Christianorum,
771 2537 849 2596 quae
877 2518 993 2583 habeat
1016 2545 1091 2585 sum-

168 2618 234 2659 mus
259 2599 397 2679 pontifex
419 2601 449 2658 in
474 2619 564 2658 manu
578 2621 642 2678 suo,
665 2601 821 2680 applicare
833 2621 880 2676 ea,
904 2604 954 2662 vel
976 2624 1092 2684 prosa·

167 2683 341 2743 tiefactione
363 2683 595 2761 poenitentium,
620 2685 668 2744 vel
691 2683 836 2763 suffragio
866 2685 1092 2765 defunctorum,

167 2765 218 2824 vel
238 2784 294 2844 pro
317 2765 407 2825 laude
430 2772 462 2824 et
482 2766 580 2845 gloria
606 2767 672 2829 Dei.
718 2767 768 2827 Sic
792 2769 871 2826 enim
902 2783 932 2828 et
956 2791 1018 2851 ego
1042 2773 1092 2832 ali-

167 2847 290 2927 qnando
314 2857 346 2908 et
367 2847 458 2908 docui
479 2856 509 2907 et
531 2851 647 2928 scripsi,
670 2868 779 2928 papam
805 2851 965 2929 tripliciter
979 2853 1092 2916 habere

167 2929 323 2990 militantis
351 2931 501 2990 ecclesiae
532 2933 639 2991 merite
660 2935 689 2991 in
713 2939 882 3011 potestate,
914 2937 1039 3016 primo,
1062 2947 1092 2997 nt

167 3031 205 3073 ea
236 3012 345 3073 offerat
365 3014 431 3073 Deo
463 3033 518 3093 pro
549 3015 758 3075 satisfactione
778 3016 918 3095 aliorum,
941 3021 1091 3091 secundo,

167 3115 223 3175 pro
245 3095 389 3175 suffragio
413 3097 588 3174 animabus,
612 3101 716 3176 tertio,
739 3099 768 3156 iu
794 3099 914 3159 laudem
939 3103 1008 3163 Dei.
1054 3104 1092 3163 Et

146 3177 247 3239 lanc
267 3179 443 3239 facultatem
455 3181 651 3259 spiritualem,
675 3184 699 3241 si
715 3201 786 3241 vera
797 3191 853 3260 est,
877 3184 907 3241 in
932 3188 996 3245 suis
1010 3187 1092 3247 dioe-

166 3262 308 3322 ooeaibus
321 3261 433 3322 habere
447 3264 622 3342 episcopos,
633 3264 759 3324 firmiter
770 3265 872 3326 credo.
897 3267 961 3327 Aut
973 3270 999 3328 si
1013 3288 1092 3341 erro,

165 3351 292 3405 revocet
315 3365 365 3404 me
387 3346 437 3423 qui
468 3352 579 3424 potest.
601 3347 747 3427 Alioquin
778 3349 936 3426 qrrornodc
967 3353 1093 3412 stabunt

167 3428 233 3487 sine
256 3446 361 3487 errore
380 3428 585 3488 fraternitates
604 3429 685 3506 illae,
706 3431 862 3509 inquibus
881 3433 938 3492 sibi
956 3454 1092 3495 commu-

166 3510 275 3573 nicant
287 3520 347 3570 sua'
357 3510 458 3570 studia
476 3519 506 3571 et
519 3530 614 3590 opera
628 3519 688 3572 tam
706 3515 835 3572 maiores
856 3533 946 3591 quam
955 3519 1091 3579 minores

334 3673 516 3681 ...w-..n--n-
526 3674 550 3679 ...
559 3674 584 3678 -.

220 3773 252 3840 1)
273 3774 360 3829 ibid:
383 3776 439 3828 sed.
478 3776 510 3843 2)
532 3776 598 3830 lbid.
624 3776 764 3831 additum:
786 3794 840 3846 per.
