2356 4200
450 269 598 324 Sermones
617 270 728 324 Luthcrr

511 520 655 613 Sermo

212 634 216 642 .
291 657 336 718 dc
365 657 676 719 Resurrectione
706 658 869 741 christi,

389 782 470 823 anno
495 763 576 829 told
596 763 727 824 habitus.
740 769 775 840 *l

98 894 100 896 ’
206 869 252 928 De
275 870 459 928 comedente
480 871 576 936 exivit
596 870 681 930 cibus
712 871 802 930 etde
824 871 894 931 forti
916 889 1043 950 egressa

124 958 172 1012 est
198 952 339 1012 dulcedo.
379 952 479 1013 Jndic.
510 955 558 1014 14.
592 953 680 1012 Hanc
706 956 949 1033 propositionem
973 973 1043 1033 prc-

123 1037 227 1114 posuit
249 1035 379 1095 Samson
409 1035 478 1094 filiis
509 1035 675 1110 philistim,
710 1045 741 1095 et
767 1045 814 1096 est
841 1036 980 1096 mirabile
1011 1044 1043 1096 ct

124 1118 368 1178 contradictione
390 1118 523 1197 plenum.
566 1119 623 1179 Est
651 1120 731 1178 enim
755 1128 863 1179 contra
892 1127 1042 1197 naturam,

125 1200 208 1279 quod
231 1201 270 1260 de
293 1201 476 1261 comedente
499 1201 583 1260 cibus
605 1210 711 1280 exeat,
741 1202 795 1262 sed
823 1203 926 1284 potius
949 1204 974 1261 si
997 1209 1044 1261 est

124 1283 300 1362 comedens,
322 1287 415 1352 intrat
436 1285 520 1344 cibus
542 1286 573 1343 in
595 1286 681 1344 illurn
704 1292 735 1345 et
750 1286 915 1345 devoratur
928 1303 947 1343 a
961 1303 1043 1355 com,-

125 1366 254 1445 edente3
284 1370 309 1426 si
339 1369 418 1426 enim
445 1368 507 1426 exit
529 1368 613 1427 cibus
635 1368 674 1428 ab
697 1387 751 1442 ec‚
779 1388 841 1428 non
865 1369 922 1427 erit
943 1386 1044 1428 come-

124 1449 210 1526 dens,
233 1450 286 1509 sed
307 1470 453 1510 evomens
475 1451 525 1509 vel
547 1452 699 1529 emittens,
722 1453 747 1510 si
770 1459 872 1510 autem
894 1457 941 1510 est
962 1469 1044 1509 eom·

123 1533 233 1610 edenS,
278 1553 340 1593 non
377 1534 473 1593 exibit
510 1534 594 1593 cibus
628 1534 683 1593 sed
709 1534 842 1596 intrabit.
886 1532 974 1607 Quae
996 1519 1044 1592 est

125 1636 200 1696 ergo
224 1619 283 1676 ista
304 1616 478 1695 parabola?
522 1615 665 1676 Comedit
686 1624 717 1676 et
739 1617 824 1676 cibus
847 1616 912 1678 exit
933 1615 972 1677 ab
994 1635 1043 1691 ec,

123 1699 280 1778 quomodo
304 1699 486 1759 saturabitur
505 1699 622 1758 sames?
644 1699 709 1759 Nos
731 1719 928 1775 moreremur,
951 1700 976 1757 si
999 1701 1044 1758 sic

124 1782 287 1843 comedere
314 1782 505 1847 deberemus.
549 1782 694 1842 Similiter
722 1790 752 1841 et
780 1783 863 1861 quod
894 1783 1040 1861 sequitur,

124 1865 280 1944 quomodo
314 1864 444 1924 dulcedo
478 1864 516 1924 de
547 1866 618 1925 forti
645 1864 772 1925 robusto
805 1873 837 1925 et
857 1865 934 1924 duro
957 1883 1042 1944 egre·

124 1949 222 2008 ditur?
245 1947 360 2008 Contra
381 1950 483 2027 potius
507 1955 568 2025 est,
599 1947 680 2025 quod
711 1948 818 2007 durum
848 1954 878 2007 et
899 1967 1040 2026 asperum

123 2033 204 2092 solet
226 2031 388 2091 dulcedine
410 2031 498 2090 leniri
521 2040 551 2090 ct
573 2033 714 2111 mitigari,
737 2038 768 2090 et
792 2037 855 2107 cst,
884 2049 922 2089 ac
951 2031 977 2089 si
1000 2030 1042 2090 di-

124 2135 185 2194 cas,
208 2115 246 2174 de
270 2116 373 2175 calore
397 2116 482 2174 venit
501 2114 605 2194 frigus,
627 2114 665 2173 de
688 2115 801 2194 frigore
822 2120 924 2173 autem
947 2113 1042 2189 calor,

124 2206 155 2258 et
177 2200 301 2258 omniuo
331 2198 515 2258 eontrarium
548 2197 587 2257 de
615 2199 784 2275 contrario,
822 2216 889 2255 cum
919 2197 1043 2255 nonnisi

124 2282 222 2340 simile
245 2281 283 2340 de
305 2301 360 2340 suo
383 2281 472 2339 simili
494 2281 607 2340 veniat.
651 2279 725 2354 Quis
748 2281 829 2340 enim
850 2297 984 2356 unquam
1001 2278 1042 2338 ad

124 2366 225 2423 nivem
248 2364 297 2423 vel
319 2365 450 2444 glaciem
474 2371 521 2423 est
541 2363 728 2424 calefactus?
771 2362 846 2436 Quis
876 2362 916 2420 ad
937 2364 1040 2441 ignem

124 2447 235 2507 sedens
258 2450 353 2506 sensit
374 2465 510 2524 unquam
532 2447 625 2526 frigus
647 2445 685 2506 ab
708 2464 746 2506 eo
769 2445 873 2505 exire?
905 2445 951 2504 lta
974 2446 1066 2522 quis·

124 2530 163 2590 de
187 2537 273 2610 petra
304 2530 434 2607 soloque
463 2529 624 2589 durissimo
654 2528 715 2588 mel
744 2536 777 2590 et
807 2527 909 2587 oleum
932 2527 1039 2587 suxit?

124 2613 199 2687 Quis
222 2613 328 2673 eduxit
349 2613 388 2672 de
415 2619 503 2691 petra
530 2612 645 2690 aquas?
681 2612 720 2671 de
752 2610 929 2671 mandibula
962 2611 1041 2670 asini

123 2698 189 2776 quie
222 2716 316 2775 aquas
340 2695 464 2755 effudit?
498 2694 560 2755 Sed
581 2695 659 2754 haec
676 2696 707 2753 in
722 2695 879 2774 scripturis
898 2694 1040 2772 legimus,

123 2782 186 2840 imo
209 2781 269 2839 iarn
292 2779 389 2839 facilis
413 2779 525 2838 solutio
548 2780 605 2837 erit
627 2777 774 2837 omnium.
816 2777 879 2836 Leo
901 2777 959 2835 iste
986 2776 1042 2835 fuit

124 2863 256 2942 populus
285 2863 386 2922 furens
416 2861 597 2921 Iudaeorum
629 2869 736 2920 contra
759 2858 927 2936 Christum,
960 2858 1041 2917 hunc

124 2945 238 3006 occidit
259 2947 340 3005 etin
362 2965 414 3005 cre
430 2947 494 3003 eius
516 2944 602 3003 favus
624 2944 723 3003 mellis
746 2945 764 3002 i.
787 2962 814 3004 e.
837 2944 868 3001 in
885 2943 1041 3020 scripturis

124 3029 210 3109 legis,
233 3048 308 3107 quas
330 3031 360 3087 in
384 3047 438 3088 ore
459 3028 567 3105 ferunt,
589 3045 710 3103 semper
722 3024 916 3104 evangelium
936 3026 1042 3084 inven-

124 3118 186 3172 turn
210 3120 265 3175 est.
301 3112 351 3173 Sic
372 3111 411 3170 de
433 3109 616 3170 comedente
639 3111 658 3169 i.
683 3129 710 3169 e.
733 3108 916 3168 devoratore
929 3101 1041 3168 Christi

124 3203 156 3254 et
183 3203 358 3254 sanctorum
388 3195 475 3269 eius,
508 3195 613 3253 occiso
636 3212 691 3271 per
713 3193 900 3252 occisionem
924 3191 1041 3266 literae,

124 3280 219 3337 exivit
242 3278 337 3355 cibus,
360 3276 441 3355 quod
464 3278 524 3355 ipsi
546 3284 671 3355 careant
692 3277 750 3335 istc
774 3275 854 3351 cibo,
882 3281 914 3333 et
935 3281 1039 3332 tamen

124 3362 324 3421 comederunt
352 3360 513 3419 Christum.
561 3359 646 3420 Sicut
673 3360 755 3417 enim
783 3377 838 3436 per
871 3375 906 3416 os
937 3355 1038 3416 cibum

122 3444 212 3506 nobis
234 3446 481 3522 incorporamus,
509 3445 552 3501 ita
569 3443 621 3502 lex
645 3442 694 3501 vel
716 3440 871 3518 quaelibet
892 3441 1042 3518 scriplura

125 3585 187 3592 ...-.-
200 3584 289 3590 .....-.--
300 3584 368 3588 -----..
385 3583 403 3588 .-
433 3582 543 3587 .-..--.-..

179 3636 209 3693 *l
231 3633 281 3685 Hic
301 3648 402 3695 sermo,
429 3648 484 3699 quc
504 3631 637 3682 Lutberus
658 3628 793 3680 Simeonis
814 3630 942 3696 aenigma
960 3629 1042 3679 inter·

123 3711 255 3775 pretatur,
276 3704 398 3756 redditur
411 3721 446 3755 ex
459 3702 530 3756 nso.
545 3702 723 3755 aboescberc
744 3701 754 3751 I
775 3714 801 3768 p.
821 3700 872 3755 275
893 3699 956 3767 quq.
977 3700 1040 3752 coll.

120 3794 150 3847 p.
170 3778 230 3834 745.
248 3776 330 3846 Apud
350 3776 453 3829 Walch.
474 3776 576 3844 legitur
594 3773 661 3841 xli,
681 3773 752 3829 2210
770 3787 830 3841 sqq.
