2356 4200
211 1364 415 1466 Quaestio
468 1365 518 1458 da
554 1361 726 1458 viribus
765 1368 809 1458 at
848 1363 1078 1460 uoluntate

393 1475 575 1572 hominis
606 1475 698 1572 sino
727 1477 895 1597 gratia.

265 1679 356 1738 Anno
392 1675 486 1755 1516,
519 1696 578 1755 quo
609 1677 748 1737 Andreas
771 1677 975 1755 Bodenstein,
1009 1677 1106 1738 archi-

90 1810 94 1827 Σ
184 1761 332 1822 diaconus
365 1759 657 1840 Witteubergensis,
693 1761 743 1838 qui
777 1759 815 1820 ab
856 1759 970 1840 oppido
1005 1761 1105 1839 patrio

182 1842 363 1987 plerumque
384 1841 556 1922 appellatur
578 1842 775 1922 Carlstadius,
799 1842 837 1902 de
860 1843 956 1903 libero
980 1843 1105 1904 arbitrio

205 1927 324 1998 ominis„
338 1933 492 1985 certamen
515 1925 636 2005 publice
659 1927 726 1986 iniit
747 1945 815 1987 curn
838 1926 880 1986 lo.
894 1925 999 2003 Recio,
1022 1925 1106 1987 theo-

183 2010 256 2090 logo
279 2008 533 2089 lngolstadiensi‚
556 2007 719 2087 Lntherus,
744 2027 875 2087 quocum
898 2007 950 2068 ille
978 2027 1107 2068 consen-

183 2092 292 2170 tiebat,
321 2092 482 2171 Augustini
507 2089 545 2150 de
575 2091 632 2150 hac
658 2112 692 2151 rc
723 2097 888 2170 praecepta
916 2097 947 2151 et
974 2093 1004 2150 in
1035 2110 1107 2151 oon-

183 2175 321 2236 oionibus
354 2183 384 2234 et
417 2177 448 2233 ln
475 2173 588 2233 scholis
619 2174 759 2234 tradebat
776 2193 813 2233 ac
836 2173 1029 2236 defendebat.
1073 2174 1107 2234 In

183 2257 425 2338 diligentissimis
459 2255 580 2315 Luthsri
618 2256 791 2316 scholarum
824 2255 1013 2316 auditoribus
1043 2265 1108 2318 erat

183 2339 438 2401 Bartholomaeus
467 2339 652 2416 Bernhardi,
682 2359 764 2400 anno
803 2341 876 2403 [487
905 2339 1108 2399 Feldkirohae

183 2430 281 2497 natus,
305 2421 435 2481 Suevioe
458 2421 591 2501 oppido,
613 2442 632 2481 a
654 2440 714 2500 quo
737 2422 816 2481 idem
848 2424 939 2481 etiam
962 2421 1107 2482 Volourio

182 2504 362 2584 appellatur.
414 2506 439 2562 ls
475 2504 524 2563 die
551 2504 645 2568 XXV,
678 2505 790 2564 mensis
820 2504 1007 2584 Septembris
1035 2505 1105 2565 anni

186 2591 278 2664 tolo,
310 2606 370 2666 quo
400 2584 587 2646 Garlstodius
622 2587 817 2667 theologicae
858 2587 1010 2647 facultatis
1040 2605 1108 2646 aca-

185 2669 305 2730 demiae
328 2667 606 2748 Wittenbergensis
628 2669 772 2730 Deoauus
801 2676 882 2745 erat,
910 2689 973 2748 pro,
990 2669 1108 2730 honore

183 2752 379 2814 Sententiarii
406 2750 643 2830 disputationem
666 2751 788 2832 publice
810 2753 939 2812 institnit
964 2752 1019 2824 (cf.
1041 2751 1107 2811 Jur-

175 2867 178 2870 ·
205 2855 273 2912 ena,v
285 2834 396 2894 Lnthsr
419 2852 478 2893 von
494 2835 594 2893 seluer-
607 2833 724 2895 Geburt
735 2835 781 2894 bis
796 2855 864 2894 zum
881 2834 1107 2897 Ablassstreite.

182 2857 267 2977 {orn
292 2916 342 2994 ΙΙΙ,
365 2937 394 2996 ρ,
408 2919 496 2991 229.)
533 2916 580 2975 Ad
605 2917 687 2976 huno
710 2918 860 2978 honorem
883 2917 1107 2996 capessendum

183 3001 285 3060 theses
299 2998 510 3080 proposuitde
533 2999 683 3059 viribus
707 3009 743 3060 et
767 2999 972 3060 voluntate
993 2999 1106 3060 homi-

184 3083 240 3143 nis
273 3084 358 3142 sine
385 3082 530 3161 gratia,
566 3083 731 3142 maximam
764 3089 881 3161 partem
917 3102 956 3142 ex
985 3081 1106 3142 Lutheri

184 3164 365 3225 lectionibus
387 3163 527 3238 haustas,
557 3184 593 3224 ac
616 3164 737 3244 publice
759 3164 903 3225 defendit.
948 3163 1107 3242 Lutherus,

184 3266 368 3326 quamquam
390 3248 457 3325 ipse
479 3245 533 3306 illo
556 3266 638 3307 anno
661 3248 815 3308 facultatis
838 3246 1034 3327 theologicae
1048 3247 1106 3307 De-

177 3348 278 3389 canus
303 3348 364 3389 non
394 3336 475 3406 erat,
505 3329 576 3389 huic
604 3330 802 3409 disputationi
830 3329 1035 3411 praesidebat.
1078 3330 1107 3390 Is

185 3413 265 3472 enim
300 3413 332 3471 P.
359 3412 493 3474 «Iohanni
515 3410 638 3492 Longo,
672 3412 872 3472 Eremitarum
902 3414 1106 3494 Augustinen·

185 3496 262 3554 sium
278 3493 516 3554 Erfurdiensium
530 3496 636 3573 Priori,
659 3494 697 3555 de
720 3495 778 3555 hac
800 3497 896 3556 reita
918 3495 1037 3555 scribit:
1059 3495 1107 3554 De

185 3578 337 3656 positione
361 3596 438 3654 mea,
460 3578 522 3637 imo
547 3578 775 3638 Bartholomaci
796 3577 1007 3652 Feldkirchen,
1031 3577 1107 3636 nihil

185 3667 247 3738 est,
283 3658 364 3738 quod
395 3660 540 3720 mirentur
569 3661 610 3720 tui
643 3660 865 3740 Gabrielistae,
901 3679 968 3731 cum
988 3666 1022 3720 et
1045 3660 1105 3720 mei

114 3792 120 3822 ,
186 3741 384 3809 vehementer
405 3741 561 3821 hucusque
584 3744 738 3804 mirentur.
782 3743 822 3803 Et
844 3742 966 3823 quidem
990 3743 1105 3822 positio
