2356 4200
410 921 495 1018 Leo
521 921 645 1041 Papa
672 920 733 1018 X,.
751 920 921 1021 uncto

195 1142 510 1243 PllloUDsgsnhardo
538 1140 712 1244 Ploffingpr
729 1144 770 1224 *),
802 1091 1016 1245 Dllonllsslml
1036 1104 1117 1222 ΡΜ

195 1226 315 1329 nonius
336 1228 404 1294 vlrl
424 1226 581 1295 Fridsrloi
603 1224 701 1294 Ducis
722 1225 878 1295 Senoniae
887 1262 897 1304 ,·
918 1228 1116 1296 oonsrlluln.

281 1426 404 1517 llilecte
427 1457 483 1535 **)
517 1458 594 1538 Fili,
617 1456 754 1523 Salutem
777 1466 809 1521 at
839 1460 1055 1541 apostolicam·
1070 1460 1115 1525 bs

196 1540 413 1601 nedicticnem.

278 1622 402 1698 Quanto
440 1622 552 1685 affeetu
588 1629 780 1705 paternoque
806 1644 913 1687 amore
950 1627 1115 1686 saeratissi-

196 1707 276 1767 mam
299 1725 423 1767 aurcsm
444 1707 576 1786 Rosam,
598 1709 762 1787 quotannis
785 1728 803 1768 a
824 1709 975 1769 Romanis
996 1707 1114 1770 Pontifi-

195 1789 280 1850 cibus
303 1795 411 1869 quarta
432 1789 587 1850 dominica
609 1792 834 1852 sacratissimae
854 1790 1114 1873 Quadragesimae

147 1883 158 1909 ‘
195 1875 367 1938 consecrari
389 1891 502 1954 magno
525 1875 681 1954 mysterio,
698 1882 736 1935 *et
758 1873 848 1934 alicui
870 1893 911 1935 ex
930 1874 1113 1954 primoribus

196 1952 437 2016 Christianorum
460 1955 538 2036 Regi
559 1957 609 2017 vel
630 1957 763 2037 Principi
785 1956 878 2018 dicari
906 1965 938 2019 cl
968 1959 1049 2018 mitti
1070 1976 1114 2019 so·

195 2039 290 2119 litam,
311 2040 372 2100 hoc
393 2057 474 2099 anno
497 2038 610 2100 dilecto
632 2038 696 2101 filio
719 2039 815 2101 nobili
840 2040 921 2119 Viro,
950 2040 1114 2119 Friderico',

186 2122 272 2182 *Duci
295 2121 459 2194 Saxoniae,
481 2129 589 2202 utpote
611 2141 736 2184 suorum
749 2122 989 2184 clarissimorum
1006 2124 1114 2204 Proge-

195 2207 326 2266 nitomm
349 2225 436 2266 more
463 2204 502 2265 de
532 2205 624 2267 nobis
655 2213 688 2266 et
708 2215 816 2266 sancta
837 2207 1014 2286 apostolica
1037 2205 1112 2268 Sede

194 2288 274 2349 bene
303 2290 427 2367 merito,
461 2295 553 2368 utque
584 2289 715 2368 posthac
747 2291 845 2369 magis
873 2292 985 2351 mereri
1007 2291 1112 2369 possit,

161 2368 163 2377 ⁴
194 2371 406 2450 dicaverimus,
429 2391 468 2431 ex
491 2371 603 2432 dilecto
626 2372 702 2434 Filio
715 2372 828 2433 Carolo
849 2372 975 2452 Miltilz,
996 2373 1112 2433 Nunnio

195 2454 381 2516 cubiculario
403 2461 521 2515 secreto
545 2474 583 2515 ac
604 2455 744 2516 familiari
760 2462 878 2533 nostro,
901 2461 932 2516 et
954 2455 1112 2536 quaedam,

196 2558 274 2618 quae
295 2557 353 2599 nos
381 2537 529 2616 Sedisque
557 2539 734 2617 praedictae
762 2539 942 2619 dignitatem
972 2541 1111 2600 autorita-

194 2629 316 2702 tcmque
337 2622 513 2701 respiciunt,
536 2619 661 2682 devotio
685 2628 737 2682 tua
757 2623 878 2703 plenius
900 2622 1065 2703 intelliget.

276 2705 414 2767 Scientes
435 2705 574 2784 insuper,
597 2711 636 2765 el
650 2707 759 2766 merito
782 2704 914 2784 quidem,
937 2713 1056 2784 quanta
1077 2706 1111 2765 sit

195 2787 368 2848 devolionis
389 2795 459 2848 tuac
481 2787 562 2868 apud
585 2788 715 2849 eun'dcm
738 2789 855 2848 Ducem
878 2790 998 2868 gratia,
1022 2808 1110 2868 quon·

194 2871 256 2929 live
277 2869 329 2929 ille
362 2870 484 2931 salubre
505 2889 543 2931 ac
564 2871 696 2950 prudens
718 2872 879 2932 eonsilium
901 2877 986 2930 tuum
1011 2872 1109 2946 faciat,

192 2951 398 3013 Devolionem
427 2955 526 3032 ipsam
549 2960 632 3014 tuam
653 2955 812 3016 hortamur
833 2956 865 3014 in
885 2953 1045 3033 Domino,
1077 2973 1111 3014 ae

192 3041 321 3116 paterne
342 3037 533 3115 requirimus,
555 3043 589 3097 ut
601 3056 656 3116 pro
679 3057 735 3097 sua
754 3036 859 3098 debita
872 3056 946 3117 erga
968 3056 1028 3097 nos
1045 3057 1111 3098 ean·

193 3116 324 3197 demque
367 3118 477 3178 Sedcm
519 3119 685 3181 devotione
723 3125 753 3180 ct
794 3120 992 3181 observantia
1031 3127 1110 3181 recle

192 3201 412 3283 considerans,
446 3211 560 3281 quanto
592 3202 705 3264 decore
749 3221 850 3282 quove
880 3221 1010 3263 munere
1044 3223 1111 3264 eun·

192 3284 263 3344 dem
284 3285 400 3344 Ducem
424 3284 548 3364 dignum
570 3285 761 3366 duxerimusp
789 3284 988 3347 considerans
1011 3289 1111 3363 eliam,

246 3504 273 3567 ⁸)
294 3501 335 3553 De
347 3502 522 3570 Degenhardi
533 3503 688 3571 Pseffmgeri
699 3505 781 3570 genta
799 3517 830 3553 ac
849 3502 974 3555 moribus
993 3503 1112 3574 legenda

190 3580 262 3637 sunt„
272 3589 343 3642 quae
353 3573 564 3626 Seckendorlius
581 3577 610 3626 in
621 3573 773 3627 Hiasluth.
784 3573 804 3626 l.
815 3589 840 3642 p.
850 3573 884 3629 67
894 3576 980 3627 affert.
989 3578 1037 3640 ⁰)
1045 3576 1112 3629 Tax-

190 3645 334 3697 tushuius
354 3648 572 3713 assequentium
591 3644 770 3715 epistolarum
789 3644 912 3699 redditus
934 3652 977 3700 est
994 3664 1032 3701 ex
1052 3647 1112 3702 edit.

191 3713 260 3783 Opp.
281 3716 359 3769 Luth.
378 3715 439 3770 Jeu.
458 3731 482 3769 a.
502 3717 581 3773 1556.
882 3725 884 3729 ’
