2356 4200
388 259 483 331 sunl
502 269 768 332 ortanae-sax,
984 265 1049 339 ltu

125 468 191 509 rum
217 446 355 524 (scilicet
375 446 554 528 meliorem)
579 445 716 526 negabis.
747 446 817 527 ligo
837 453 940 509 autem
962 448 1056 529 no'lo,··

125 530 190 592 sod'
203 530 345 591 sufficere
366 537 440 611 puto
468 529 562 591 verbo
585 530 719 590 hominis
746 549 802 600 ,me
823 536 941 591 matum
963 542 1049 592 reve·

124 616 242 676 rentiae
263 614 392 695 gradum
415 612 554 693 dedisse,
592 619 626 674 ut
655 630 759 673 verum
783 594 858 674 -es‘se
889 612 1047 678 conlitear.

125 698 207 760 Nolo
230 697 357 758 verbum
373 697 444 774 Dei,
467 698 518 776 qui
536 696 662 756 mentiri
687 695 825 767 (atille)
850 716 912 757 non
934 701 1048 776 potest,

125 787 257 862 propter
272 780 355 842 illius
377 779 504 841 verbum
527 799 652 861 negare.
685 779 754 839 Non
783 779 876 859 igitur
896 780 1049 842 relatione

124 864 284 945 iudignum
308 871 356 924 ast
377 861 455 945 (nisi
476 863 547 923 dum
570 863 657 924 alteri
681 862 759 923 velis
782 870 912 923 mortem
934 872 966 924 et
981 870 1052 944 per-

126 946 276 1008 ditionem
298 945 397 1008 moliri
419 947 485 1007 sina
508 950 620 1024 causa)
639 943 768 1023 -dicare,
785 945 868 1023 quod
890 947 975 1027 Papa
994 955 1051 1007 aut

125 1031 225 1091 sancti
243 1031 363 1091 -Patres
392 1029 571 1108 aliquoties
586 1029 731 1090 torserint
760 1027 932 1108 Scriptores
965 1036 998 1090 et
1016 1031 1048 1089 in

125 1114 261 1175 alienum
289 1131 414 1174 sensum
435 1112 524 1174 ebusi
539 1114 627 1190 sint,
659 1118 730 1188 aut,
752 1113 777 1171 si
799 1110 829 1171 id
853 1114 1053 1192 pertinaciter

125 1202 267 1277 negatur,
290 1197 352 1257 iam
374 1195 534 1275 etPepam'
555 1202 724 1256 etsanctos
746 1194 921 1256 haereticos
945 1204 977 1256 et
996 1197 1050 1255 im·

124 1281 195 1361 pios
217 1279 383 1355 faciemus,
405 1287 439 1338 ut
460 1298 537 1359 quos
561 1279 754 1338 manifestum
778 1285 825 1338 est
846 1277 939 1338 alium
962 1279 1051 1357 sequi

126 1381 272 1439 sensum,
302 1362 454 1441 quamsit
483 1362 514 1421 iu
538 1360 708 1440 Scriptura,
737 1367 769 1421 et
794 1359 825 1420 id
852 1378 915 1421 non
945 1358 1050 1442 paucis

88 1443 92 1446 ’
121 1446 222 1522 locis,
243 1463 345 1524 neque
366 1463 446 1504 raro.
798 1466 823 1483 -’

203 1524 484 1607 Hucusqueprima
505 1525 555 1586 die
577 1533 678 1587 actum
701 1532 757 1604 est,
780 1527 884 1603 idest,
907 1527 968 1597 duo
991 1529 1052 1588 ista

126 1612 252 1672 obiecta
272 1618 352 1672 sunt.
376 1611 461 1671 ·Petii
483 1610 571 1669 enim*
588 1608 669 1669 diem
692 1610 731 1668 ad
754 1608 996 1690 deliberandum,
1019 1615 1052 1671 et
1158 1664 1160 1668 .

86 1734 89 1739 -
126 1694 197 1757 abii.
220 1693 290 1755 Non
308 1695 425 1754 'anime
439 1713 473 1754 re
495 1692 645 1753 mealore
660 1690 730 1752 vidi>
743 1692 845 1753 verbis
857 1710 922 1754 reru
947 1712 1058 1774 agere,-

126 1777 210 1858 quod
231 1777 285 1837 ille
311 1776 383 1837 loco
405 1774 563 1836 Pontilicis
591 1775 721 1855 sedens,
743 1775 896 1855 ‘quidquid
927 1776 1062 1855 diceret'

124 1867 225 1922 ratum
246 1858 328 1940 apud
351 1879 400 1920 me
425 1878 494 1920 esse
516 1857 628 1937 voluit,
655 1877 796 1937 rursum,
822 1856 967 1939 quidquid
990 1866 1049 1938 egb

126 1961 327 2024 opponerem,
342 1941 538 2004 exsibilatum
549 1941 614 2020 fuit,
637 1942 810 2022 explosum,
824 1944 886 2003 imo
908 1942 1052 2017 derisum,

127 2028 246 2087 etiamsi
274 2045 378 2087 sacras
405 2025 604 2085 adveherem·
622 2024 736 2084 literas.
767 2022 845 2084 Nam
875 2023 1059 2087 omitto-di·

127 2127 213 2189 cere,
248 2109 331 2189 quod
365 2115 550 2190 potestatem
569 2108 675 2187 Papae
706 2113 743 2166 at·
767 2112 859 2187 supra
881 2107 1055 2187 Scripturas

127 2201 160 2254 ct
179 2212 274 2273 snpra
294 2191 426 2252 concilia
447 2186 557 2252 tollere
579 2190 763 2268 conabatur,
799 2190 956 2271 allegans,
979 2209 1054 2271 quc·

127 2275 222 2338 modo
257 2277 318 2335 iam
339 2272 435 2354 Papa
456 2273 621 2334 concilium
649 2274 819 2334 Basiliense
850 2273 1053 2356 abrogasset:

127 2378 198 2419 cum
230 2376 334 2418 rursus
355 2357 535 2418 Parisiensis
562 2354 777 2417 Universitatis
807 2358 1051 2437 appellationem

126 2441 322 2523 allegassent,
344 2440 500 2517 videbunt,
522 2442 629 2519 iuquit,
651 2458 769 2519 poenas
792 2459 872 2503 suas.

210 2524 349 2585 Tandem
384 2525 491 2584 nescio
529 2542 606 2602 quos
646 2522 843 2585 Gersonistas
887 2523 1064 2602 damnavitp

126 2625 198 2669 nem
221 2608 393 2668 Basiliense
414 2606 579 2667 concilium
605 2612 658 2666 aut
679 2614 763 2667 certe
782 2605 960 2667 Gereonenr
981 2604 1054 2666 alle·

126 2693 328 2772 generantia
347 2688 620 2768 Resolutiouibus,
655 2689 738 2769 quod
770 2689 927 2750 hominem
951 2706 1055 2749 move

126 2776 190 2836 bat.
214 2775 352 2835 Breviter
373 2775 540 2853 paternitas
562 2772 616 2832 illa
632 2774 723 2833 toties
738 2771 971 2851 ¹illustrissimae
983 2777 1055 2833 tuae

125 2858 337 2918 Dominationi
357 2857 513 2936 promissa
534 2873 608 2935 erga
630 2874 680 2915 me
700 2856 732 2915 in
754 2853 981 2934 hocconstitit,
1002 2861 1055 2915 aut

126 2941 190 3000 vim
213 2960 263 3000 me
283 2957 454 3021 passurum,
476 2945 530 2998 aut
551 2944 784 2999 revocaturum:
808 2939 968 2999 nonenim
983 2936 1053 3014 ¹dis·

126 3029 237 3103 putare
257 3042 328 3084 sese
350 3039 469 3082 mecum
489 3021 570 3082 velle
593 3019 705 3083 aiebat.
727 3019 865 3102 Ideoque
889 3020 1055 3082 consilium
1086 3075 1097 3101 ⁴.

126 3106 184 3166 luit
218 3108 338 3187 scriptis
370 3103 573 3184 respondere,
601 3123 688 3184 vquae
715 3104 748 3164 id
782 3111 866 3165 certe
898 3105 1055 3185 oppressis

128 3189 278 3270 praebent
299 3188 466 3265 solatium,
505 3185 589 3267 quod
623 3187 755 3248 aliorum
789 3205 913 3267 quoque
941 3186 1057 3248 iudicio

129 3273 299 3332 examinari
319 3275 465 3353 possunt,
487 3278 531 3336 ,et
557 3269 696 3331 nonnihil
726 3272 935 3331 conscientiae
964 3275 1058 3349 atque

130 3355 423 3416 timoris-incutiunt
451 3353 688 3433 alioqui'verbis
710 3353 912 3435 praevalenti.
1024 3378 1028 3385 ·

220 3419 328 3498 Altera
348 3437 453 3517 itaque
475 3436 526 3498 die
545 3436 640 3518 redii,
669 3443 701 3497 et
730 3456 849 3497 mecum
870 3435 1059 3499 reverendus

135 3521 237 3601 Pater·
250 3520 389 3582 Vioarius
410 3520 571 3582 lohannes
588 3520 775 3601 Staupitnius
788 3518 841 3602 ¹⁸¹),
864 3520 916 3600 qui
937 3519 1058 3580 interim

187 3767 219 3836 0)
237 3767 271 3820 ln
290 3767 336 3822 ed.
355 3767 433 3822 lan:
452 3767 611 3837 Stupitaius.
729 3790 735 3797 ·

163 3889 258 3932 Lutheri
271 3902 323 3942 opp.
337 3892 364 3934 V.
378 3891 406 3931 Α.
419 3890 449 3930 sd
462 3891 503 3931 rei.
516 3890 566 3931 hist
581 3891 595 3930 l.
610 3901 632 3940 p.
647 3890 696 3933 Vol.
710 3890 740 3930 ΙΙ.
811 3891 850 3952 27
