2356 4200
527 138 562 175 ιι,

520 184 558 217 «4-

125 263 199 330 -3ῧ4
412 303 415 308 -
518 261 658 338 ¹Dialogus
724 300 728 308 ·

122 435 262 497 -modum
276 421 436 516 iuvenire,
451 454 513 516 quo
535 437 708 517 pelleretur,
730 436 814 516 quod
835 455 906 500 esse
926 455 992 498 non
1003 456 1054 518 po-

77 516 80 525 '
127 521 195 587 tuit
216 521 444 600 congruentius,
467 537 559 599 quam
580 538 637 600 per
658 527 855 600 augmentum
880 522 955 599 eius,
973 521 1056 600 quod

126 604 239 664 timori
257 608 419 684 repugnat.
466 603 535 684 Ego
557 622 632 664 vero
655 602 837 664 Senatorum
858 604 993 686 vestlgia
1013 622 1055 666 aa

131 704 234 765 *quens
261 691 294 747 ot
321 704 384 747 non
412 703 523 752 vonum
551 687 705 748 novitates
734 705 803 746 oum
836 686 910 748 divo
937 686 1055 751 'l'lroma

136 767 224 848 dieo,
252 769 336 848 quod
357 771 408 849 qui
429 771 640 850 purgatorium
662 771 790 849 patitur,
821 777 869 830 oet
889 771 991 831 viator
1012 788 1055 831 ee-

122 851 269 912 -oundum
291 851 380 932 quid,
402 854 434 912 in
450 859 603 932 -quantum
625 871 644 911 a
665 851 853 913 beatitudine
876 852 1054 932 retardatur,

136 954 198 995 nou
221 939 323 995 eutem
347 935 535 1015 simpliciter,
556 935 638 996 unde
659 937 691 996 in
713 935 1054 1016 caritatenonprofloit,

137 1018 273 1098 alioquin
296 1017 411 1081 bonum
433 1026 516 1079 esset
537 1020 581 1079 eie
604 1018 655 1078 diu
679 1037 748 1080 esse
769 1021 800 1079 in
813 1021 1005 1100 purgatorio,
1025 1026 1055 1080 ut

135 1101 337 1181 perientiores
359 1107 391 1161 et
412 1103 686 1165 consummationes
709 1101 886 1164 evaderent.

219 1185 276 1254 18)
299 1183 387 1245 Mart.
409 1183 475 1245 Nee
496 1184 659 1264 probatum
681 1184 800 1245 videtur
828 1184 900 1246 ullis
928 1184 1055 1246 auetori-

135 1266 292 1346 tatibus*)
324 1273 377 1328 aut
406 1267 591 1347 rationibus,
628 1267 719 1347 quod·
742 1269 802 1328 sint
830 1271 919 1329 extra
945 1273 1054 1328 statum

135 1351 236 1413 meriti
257 1357 310 1410 aut
331 1351 472 1431 agendae
494 1352 637 1412 caritatis.

126 1456 141 1465 ··
218 1432 272 1494 Sil.
293 1433 385 1513 Esto,
416 1433 501 1513 quod
528 1436 588 1494 ista
617 1453 680 1495 non
702 1433 871 1513 probentur
892 1435 1055 1495 autoritate

135 1516 309 1597 scripturae
331 1516 381 1577 vel
404 1517 571 1595 eoolesiae,
602 1536 681 1596 quae
703 1518 879 1578 necessario
901 1517 1056 1578 oonrinoit

136 1598 242 1680 (qnod
260 1598 300 1659 ad
322 1619 469 1680 praesens
491 1617 551 1660 nee
570 1607 675 1661 astruo
691 1609 750 1659 neo
763 1600 899 1679 destruo,
920 1618 990 1660 oum
1004 1599 1055 1660 tibi

123 1690 262 1763 repente
282 1689 375 1742 etex
394 1682 442 1743 bis
456 1683 566 1763 solum,
589 1702 668 1762 quae
682 1684 852 1744 memoriae
869 1691 1055 1756 euoemrnnt

133 1765 371 1846 respondeam),
400 1772 570 1833 esttamen
593 1766 755 1846 probatum
778 1767 942 1827 autoritate
964 1765 1055 1828 Seno

125 1856 252 1928 torum,
281 1867 361 1929 quae
382 1857 595 1930 argumentum
618 1848 781 1929 probabile
802 1849 889 1928 facit,
919 1856 952 1910 tu
982 1866 1054 1910 vero

133 1931 287 1994 eiusmodi
308 1938 362 1993 tna
382 1935 547 1993 autoritate
564 1930 689 1992 firmans
706 1931 788 2010 vide,
810 1951 850 1992 ne
867 1950 1054 2012 praesumas.

148 2036 161 2051 ··
215 2011 273 2099 ta)
299 2012 386 2076 Mart.
408 2014 475 2076 Neo
492 2015 555 2075 hoo
564 2014 729 2095 probatum
744 2014 873 2092 videtur,
895 2014 981 2094 quod
997 2017 1057 2081 sint

133 2096 173 2159 de
194 2116 250 2160 sua
269 2097 460 2160 beatitudine
482 2105 584 2159 oertae
604 2104 635 2158 et
653 2117 791 2177 securae,
814 2099 923 2159 saltem
938 2116 1056 2178 omnes,

133 2182 205 2242 lieet
226 2201 284 2242 nos
307 2182 468 2242 certissimi
491 2182 595 2242 simus.

127 2319 129 2324 .
216 2265 269 2326 sil.
291 2264 374 2340 Hoo,
402 2265 481 2326 siout
499 2266 560 2325 iam
587 2263 785 2341 dictumest,
815 2263 981 2345 probatum
1010 2271 1058 2325 eat

133 2348 242 2409 saltem
270 2347 484 2428 probabiliter,
512 2355 576 2408 tum
606 2367 646 2407 ex
676 2349 840 2408 autoritate
862 2346 1055 2426 Senatorum,

134 2439 198 2492 tum
220 2451 260 2491 ex
282 2431 482 2510 experientia,
498 2431 570 2509 quia
584 2431 761 2510 frequenter
779 2429 924 2510 suffragia
937 2437 1055 2511 petunt,

132 2516 212 2574 siout
238 2513 445 2593 multiplieiter
471 2520 639 2593 patet‘per
664 2512 787 2574 beatum
816 2512 1002 2594 Gregorium
1028 2515 1058 2573 in

132 2597 211 2659 libro
232 2597 347 2678 dialog.

147 2724 150 2729 ·
217 2683 276 2759 20)
299 2681 388 2744 Mart.
411 2679 508 2760 igitur
534 2697 616 2759 papa
636 2698 692 2758 per
713 2681 927 2740 remissionem
948 2679 1053 2759 plena

132 2766 208 2825 riam
238 2765 373 2824 omnium
407 2780 576 2842 poenarum
611 2781 674 2823 non
708 2762 886 2842 simpliciter
920 2763 1057 2824 omnium

130 2847 288 2928 intelligit,
319 2846 374 2907 sed
402 2864 422 2905 a
450 2865 484 2912 se
505 2847 573 2926 ipso
597 2845 811 2906 tantummodo
833 2847 1056 2925 imperitarum.

139 2950 141 2955 ·
191 2929 268 2991 ‘Sil
280 2928 360 3004 Quid
374 2929 514 3010 pontifex
526 2927 668 2989 intendat
680 2927 729 2988 vel
744 2947 806 2989 non
818 2929 959 2989 intendat
971 2929 1057 2989 omit

128 3010 210 3093 tone,
224 3013 305 3091 dieo,
320 3012 402 3092 quod
412 3013 438 3072 si
449 3012 488 3072 de
501 3030 594 3091 posse
608 3013 647 3071 sit
658 3030 771 3090 sermo,
782 3030 864 3092 papa
874 3030 914 3072 ex
925 3013 1056 3072 ratione

132 3096 185 3157 bili
197 3117 294 3159 eausa
301 3103 406 3177 potest
419 3096 575 3155 remittere
590 3114 714 3155 omnem
726 3114 871 3174 poenam,
883 3096 950 3156 sire
961 3095 1056 3174 impo-

133 3182 304 3247 sitamsive
327 3198 389 3240 nou
410 3179 598 3258 impositam,
620 3183 655 3239 ut
675 3177 764 3238 divus
787 3177 923 3239 Thomas
937 3176 1056 3238 edooet.

132 3261 316 3343 Oppositum
339 3268 442 3322 autem
467 3261 587 3339 dicere,
616 3261 804 3321 haereticum
826 3267 875 3321 est
896 3267 929 3320 et
949 3266 1057 3321 sonna

128 3347 321 3428 privilegium
342 3346 447 3406 datum
468 3344 561 3404 Petro'
582 3364 602 3404 a
623 3340 780 3422 Domino,
803 3351 836 3404 ut
858 3342 973 3413 dietum
996 3348 1051 3402 est.

215 3433 272 3506 21)
307 3429 395 3489 Mart.
427 3427 540 3488 Errant
565 3429 669 3506 itaque
690 3426 951 3507 indulgentiarum
972 3442 1056 3505 praa-

132 3514 285 3575 ditatores
295 3512 348 3583 **)
375 3512 417 3591 hi,
440 3512 490 3590 qui
514 3510 628 3588 dieunt,
652 3530 707 3588 per
727 3529 827 3590 papae
849 3507 1056 3588 indulgentias

131 3597 286 3658 hominem
309 3596 348 3656 ab
371 3596 455 3656 omni
476 3612 581 3674 poena
602 3592 681 3653 solvi
704 3601 735 3653 et
757 3593 878 3653 salvari.

185 3787 216 3854 ⁸)
238 3786 443 3843 laoditiam:
463 3772 615 3854 scripturis·
654 3785 703 3855 ·*)
725 3784 807 3839 rard:
827 3780 1022 3835 commissarii.
