<?xml version="1.0" encoding="UTF-8"?>
<!DOCTYPE html PUBLIC "-//W3C//DTD XHTML 1.0 Transitional//EN"
    "http://www.w3.org/TR/xhtml1/DTD/xhtml1-transitional.dtd">
<html xmlns="http://www.w3.org/1999/xhtml" xml:lang="en" lang="en">
 <head>
  <title>
</title>
<meta http-equiv="Content-Type" content="text/html;charset=utf-8" />
  <meta name='ocr-system' content='tesseract 3.04.00' />
  <meta name='ocr-capabilities' content='ocr_page ocr_carea ocr_par ocr_line ocrx_word'/>
</head>
<body>
  <div class='ocr_page' id='page_1' title='image "./dmartinilutheri01luthgoog_0604.png"; bbox 0 0 2356 4200; ppageno 0'>
   <div class='ocr_carea' id='block_1_1' title="bbox 335 271 994 341">
    <p class='ocr_par' dir='ltr' id='par_1_1' title="bbox 335 271 994 341">
     <span class='ocr_line' id='line_1_1' title="bbox 335 271 994 341; baseline 0.018 -16"><span class='ocrx_word' id='word_1_1' title='bbox 335 271 488 334; x_wconf 65' lang='lat' dir='ltr'>dauirtuta</span> <span class='ocrx_word' id='word_1_2' title='bbox 504 271 749 341; x_wconf 69' lang='lat' dir='ltr'>indulgentiam.</span> <span class='ocrx_word' id='word_1_3' title='bbox 934 271 994 336; x_wconf 73' lang='grc'>141</span> 
     </span>
    </p>
   </div>
   <div class='ocr_carea' id='block_1_2' title="bbox 75 439 1001 3603">
    <p class='ocr_par' dir='ltr' id='par_1_2' title="bbox 75 439 1001 3603">
     <span class='ocr_line' id='line_1_2' title="bbox 77 439 998 520; baseline 0.001 -21"><span class='ocrx_word' id='word_1_4' title='bbox 77 439 198 503; x_wconf 85' lang='lat' dir='ltr'>emdito</span> <span class='ocrx_word' id='word_1_5' title='bbox 219 439 309 501; x_wconf 81' lang='lat' dir='ltr'>feeile</span> <span class='ocrx_word' id='word_1_6' title='bbox 330 445 425 519; x_wconf 81' lang='lat' dir='ltr'>patet.</span> <span class='ocrx_word' id='word_1_7' title='bbox 468 439 584 501; x_wconf 87' lang='lat' dir='ltr'>Tamen</span> <span class='ocrx_word' id='word_1_8' title='bbox 617 446 650 501; x_wconf 89' lang='lat' dir='ltr'>ut</span> <span class='ocrx_word' id='word_1_9' title='bbox 675 448 712 502; x_wconf 86' lang='lat' dir='ltr'>at</span> <span class='ocrx_word' id='word_1_10' title='bbox 733 441 777 501; x_wconf 86' lang='lat' dir='ltr'>eis</span> <span class='ocrx_word' id='word_1_11' title='bbox 807 440 881 520; x_wconf 86' lang='lat' dir='ltr'>ipsis</span> <span class='ocrx_word' id='word_1_12' title='bbox 908 451 998 501; x_wconf 85' lang='lat' dir='ltr'>suam</span> 
     </span>
     <span class='ocr_line' id='line_1_3' title="bbox 76 521 997 607; baseline 0.001 -23"><span class='ocrx_word' id='word_1_13' title='bbox 76 523 244 590; x_wconf 59' lang='lat' dir='ltr'>inscitiam,</span> <span class='ocrx_word' id='word_1_14' title='bbox 263 522 425 584; x_wconf 85' lang='lat' dir='ltr'>ostendam</span> <span class='ocrx_word' id='word_1_15' title='bbox 467 525 510 598; x_wconf 87' lang='lat' dir='ltr'>(si</span> <span class='ocrx_word' id='word_1_16' title='bbox 543 538 675 602; x_wconf 81' lang='lat' dir='ltr'>napaeas</span> <span class='ocrx_word' id='word_1_17' title='bbox 716 542 786 584; x_wconf 86' lang='lat' dir='ltr'>asse</span> <span class='ocrx_word' id='word_1_18' title='bbox 822 521 997 607; x_wconf 79' lang='lat' dir='ltr'>poterunt),</span> 
     </span>
     <span class='ocr_line' id='line_1_4' title="bbox 78 605 996 686; baseline -0.001 -20"><span class='ocrx_word' id='word_1_19' title='bbox 78 606 158 669; x_wconf 85' lang='lat' dir='ltr'>hano</span> <span class='ocrx_word' id='word_1_20' title='bbox 181 607 310 686; x_wconf 86' lang='lat' dir='ltr'>primam</span> <span class='ocrx_word' id='word_1_21' title='bbox 332 605 516 667; x_wconf 89' lang='lat' dir='ltr'>diiudioabo.</span> <span class='ocrx_word' id='word_1_22' title='bbox 570 664 573 669; x_wconf 85' lang='grc'>,</span> <span class='ocrx_word' id='word_1_23' title='bbox 993 658 996 665; x_wconf 93' lang='grc'>.</span> 
     </span>
     <span class='ocr_line' id='line_1_5' title="bbox 161 687 997 769; baseline 0.002 -19"><span class='ocrx_word' id='word_1_24' title='bbox 161 687 297 753; x_wconf 78' lang='lat' dir='ltr'>numism</span> <span class='ocrx_word' id='word_1_25' title='bbox 319 688 376 751; x_wconf 88' lang='lat' dir='ltr'>sub</span> <span class='ocrx_word' id='word_1_26' title='bbox 406 690 531 750; x_wconf 88' lang='lat' dir='ltr'>nomine</span> <span class='ocrx_word' id='word_1_27' title='bbox 564 689 773 769; x_wconf 85' lang='lat' dir='ltr'>poenitentiae</span> <span class='ocrx_word' id='word_1_28' title='bbox 795 708 889 769; x_wconf 89' lang='lat' dir='ltr'>posse</span> <span class='ocrx_word' id='word_1_29' title='bbox 908 691 997 752; x_wconf 88' lang='lat' dir='ltr'>intel·</span> 
     </span>
     <span class='ocr_line' id='line_1_6' title="bbox 78 771 998 853; baseline 0.001 -20"><span class='ocrx_word' id='word_1_30' title='bbox 78 773 132 853; x_wconf 86' lang='lat' dir='ltr'>ligi</span> <span class='ocrx_word' id='word_1_31' title='bbox 154 774 245 833; x_wconf 92' lang='lat' dir='ltr'>etiam</span> <span class='ocrx_word' id='word_1_32' title='bbox 268 771 361 833; x_wconf 86' lang='lat' dir='ltr'>iudae</span> <span class='ocrx_word' id='word_1_33' title='bbox 384 773 621 853; x_wconf 81' lang='lat' dir='ltr'>poenitentiam,</span> <span class='ocrx_word' id='word_1_34' title='bbox 644 774 735 835; x_wconf 83' lang='lat' dir='ltr'>etiam</span> <span class='ocrx_word' id='word_1_35' title='bbox 758 773 816 833; x_wconf 88' lang='lat' dir='ltr'>Dei</span> <span class='ocrx_word' id='word_1_36' title='bbox 837 775 998 853; x_wconf 85' lang='lat' dir='ltr'>poeniten-</span> 
     </span>
     <span class='ocr_line' id='line_1_7' title="bbox 77 855 998 936; baseline -0.001 -18"><span class='ocrx_word' id='word_1_37' title='bbox 77 857 160 933; x_wconf 74' lang='lat' dir='ltr'>tiam,</span> <span class='ocrx_word' id='word_1_38' title='bbox 183 857 274 917; x_wconf 86' lang='lat' dir='ltr'>etiam</span> <span class='ocrx_word' id='word_1_39' title='bbox 298 857 422 936; x_wconf 80' lang='lat' dir='ltr'>piatam,</span> <span class='ocrx_word' id='word_1_40' title='bbox 446 861 476 916; x_wconf 88' lang='lat' dir='ltr'>et</span> <span class='ocrx_word' id='word_1_41' title='bbox 499 855 653 936; x_wconf 84' lang='lat' dir='ltr'>(utlogioi</span> <span class='ocrx_word' id='word_1_42' title='bbox 668 855 788 936; x_wconf 87' lang='lat' dir='ltr'>solent)</span> <span class='ocrx_word' id='word_1_43' title='bbox 802 857 998 918; x_wconf 73' lang='lat' dir='ltr'>materialiter</span> 
     </span>
     <span class='ocr_line' id='line_1_8' title="bbox 78 937 998 1020; baseline 0 -20"><span class='ocrx_word' id='word_1_44' title='bbox 78 947 109 1003; x_wconf 91' lang='lat' dir='ltr'>et</span> <span class='ocrx_word' id='word_1_45' title='bbox 138 937 275 1001; x_wconf 83' lang='lat' dir='ltr'>seeundo</span> <span class='ocrx_word' id='word_1_46' title='bbox 308 937 550 1000; x_wconf 78' lang='lat' dir='ltr'>intentionaliter</span> <span class='ocrx_word' id='word_1_47' title='bbox 585 946 738 1019; x_wconf 85' lang='lat' dir='ltr'>sumptam</span> <span class='ocrx_word' id='word_1_48' title='bbox 764 940 998 1020; x_wconf 58' lang='lat' dir='ltr'>poenitentiamq</span> 
     </span>
     <span class='ocr_line' id='line_1_9' title="bbox 77 1021 998 1102; baseline 0.002 -20"><span class='ocrx_word' id='word_1_49' title='bbox 77 1021 149 1085; x_wconf 83' lang='lat' dir='ltr'>ideo</span> <span class='ocrx_word' id='word_1_50' title='bbox 171 1030 439 1085; x_wconf 84' lang='lat' dir='ltr'>etsaoramentum</span> <span class='ocrx_word' id='word_1_51' title='bbox 458 1022 578 1102; x_wconf 85' lang='lat' dir='ltr'>(idest,</span> <span class='ocrx_word' id='word_1_52' title='bbox 601 1022 870 1102; x_wconf 74' lang='lat' dir='ltr'>satisfactionem).</span> <span class='ocrx_word' id='word_1_53' title='bbox 893 1023 998 1099; x_wconf 67' lang='lat' dir='ltr'>Anu)</span> 
     </span>
     <span class='ocr_line' id='line_1_10' title="bbox 78 1104 999 1186; baseline 0.002 -21"><span class='ocrx_word' id='word_1_54' title='bbox 78 1106 144 1184; x_wconf 90' lang='lat' dir='ltr'>quis</span> <span class='ocrx_word' id='word_1_55' title='bbox 187 1111 281 1184; x_wconf 83' lang='lat' dir='ltr'>negat</span> <span class='ocrx_word' id='word_1_56' title='bbox 322 1105 479 1183; x_wconf 85' lang='lat' dir='ltr'>hueusque</span> <span class='ocrx_word' id='word_1_57' title='bbox 521 1105 676 1186; x_wconf 81' lang='lat' dir='ltr'>theologis</span> <span class='ocrx_word' id='word_1_58' title='bbox 714 1104 894 1184; x_wconf 83' lang='lat' dir='ltr'>quibusdam</span> <span class='ocrx_word' id='word_1_59' title='bbox 933 1125 999 1179; x_wconf 77' lang='lat' dir='ltr'>non</span> 
     </span>
     <span class='ocr_line' id='line_1_11' title="bbox 77 1188 999 1271; baseline 0.002 -22"><span class='ocrx_word' id='word_1_60' title='bbox 77 1189 183 1268; x_wconf 89' lang='lat' dir='ltr'>pauois</span> <span class='ocrx_word' id='word_1_61' title='bbox 205 1188 343 1261; x_wconf 73' lang='lat' dir='ltr'>tinuisse,</span> <span class='ocrx_word' id='word_1_62' title='bbox 367 1195 463 1248; x_wconf 87' lang='lat' dir='ltr'>totam</span> <span class='ocrx_word' id='word_1_63' title='bbox 484 1188 579 1249; x_wconf 81' lang='lat' dir='ltr'>ferme</span> <span class='ocrx_word' id='word_1_64' title='bbox 601 1188 780 1268; x_wconf 80' lang='lat' dir='ltr'>scripturam</span> <span class='ocrx_word' id='word_1_65' title='bbox 792 1193 999 1271; x_wconf 73' lang='lat' dir='ltr'>leorrumpere</span> 
     </span>
     <span class='ocr_line' id='line_1_12' title="bbox 77 1269 999 1354; baseline 0.003 -24"><span class='ocrx_word' id='word_1_66' title='bbox 77 1269 244 1334; x_wconf 85' lang='lat' dir='ltr'>audaeibus</span> <span class='ocrx_word' id='word_1_67' title='bbox 287 1272 349 1332; x_wconf 87' lang='lat' dir='ltr'>suis</span> <span class='ocrx_word' id='word_1_68' title='bbox 394 1270 640 1332; x_wconf 85' lang='lat' dir='ltr'>distinetionibus</span> <span class='ocrx_word' id='word_1_69' title='bbox 684 1279 716 1333; x_wconf 89' lang='lat' dir='ltr'>et</span> <span class='ocrx_word' id='word_1_70' title='bbox 758 1273 999 1354; x_wconf 79' lang='lat' dir='ltr'>amphibologiia</span> 
     </span>
     <span class='ocr_line' id='line_1_13' title="bbox 77 1352 995 1434; baseline 0.004 -20"><span class='ocrx_word' id='word_1_71' title='bbox 77 1374 175 1434; x_wconf 86' lang='lat' dir='ltr'>nuper</span> <span class='ocrx_word' id='word_1_72' title='bbox 215 1352 368 1432; x_wconf 76' lang='lat' dir='ltr'>confictis,</span> <span class='ocrx_word' id='word_1_73' title='bbox 405 1353 485 1415; x_wconf 87' lang='lat' dir='ltr'>adeo</span> <span class='ocrx_word' id='word_1_74' title='bbox 528 1362 560 1414; x_wconf 90' lang='lat' dir='ltr'>ut</span> <span class='ocrx_word' id='word_1_75' title='bbox 592 1374 648 1434; x_wconf 92' lang='lat' dir='ltr'>pro</span> <span class='ocrx_word' id='word_1_76' title='bbox 678 1354 773 1415; x_wconf 91' lang='lat' dir='ltr'>Paulo</span> <span class='ocrx_word' id='word_1_77' title='bbox 812 1363 843 1416; x_wconf 89' lang='lat' dir='ltr'>et</span> <span class='ocrx_word' id='word_1_78' title='bbox 875 1356 995 1418; x_wconf 83' lang='lat' dir='ltr'>Christo</span> 
     </span>
     <span class='ocr_line' id='line_1_14' title="bbox 77 1437 997 1521; baseline 0.002 -23"><span class='ocrx_word' id='word_1_79' title='bbox 77 1437 325 1498; x_wconf 86' lang='lat' dir='ltr'>Paulooentonas</span> <span class='ocrx_word' id='word_1_80' title='bbox 349 1437 664 1498; x_wconf 85' lang='lat' dir='ltr'>etChristoaentonas</span> <span class='ocrx_word' id='word_1_81' title='bbox 686 1438 845 1518; x_wconf 83' lang='lat' dir='ltr'>legamus?</span> <span class='ocrx_word' id='word_1_82' title='bbox 867 1439 936 1521; x_wconf 82' lang='lat' dir='ltr'>Ego</span> <span class='ocrx_word' id='word_1_83' title='bbox 959 1439 997 1500; x_wconf 89' lang='lat' dir='ltr'>de</span> 
     </span>
     <span class='ocr_line' id='line_1_15' title="bbox 75 1520 996 1604; baseline 0.005 -24"><span class='ocrx_word' id='word_1_84' title='bbox 75 1540 223 1600; x_wconf 85' lang='lat' dir='ltr'>germana</span> <span class='ocrx_word' id='word_1_85' title='bbox 245 1527 277 1580; x_wconf 94' lang='lat' dir='ltr'>et</span> <span class='ocrx_word' id='word_1_86' title='bbox 296 1521 422 1600; x_wconf 86' lang='lat' dir='ltr'>propria</span> <span class='ocrx_word' id='word_1_87' title='bbox 443 1520 527 1580; x_wconf 87' lang='lat' dir='ltr'>verbi</span> <span class='ocrx_word' id='word_1_88' title='bbox 540 1520 660 1581; x_wconf 86' lang='lat' dir='ltr'>loeutus</span> <span class='ocrx_word' id='word_1_89' title='bbox 678 1540 745 1581; x_wconf 91' lang='lat' dir='ltr'>sum</span> <span class='ocrx_word' id='word_1_90' title='bbox 762 1520 996 1604; x_wconf 80' lang='lat' dir='ltr'>significatione,</span> 
     </span>
     <span class='ocr_line' id='line_1_16' title="bbox 77 1602 996 1685; baseline 0.003 -20"><span class='ocrx_word' id='word_1_91' title='bbox 77 1603 318 1683; x_wconf 71' lang='lat' dir='ltr'>quemchristus</span> <span class='ocrx_word' id='word_1_92' title='bbox 339 1604 428 1664; x_wconf 87' lang='lat' dir='ltr'>ineo</span> <span class='ocrx_word' id='word_1_93' title='bbox 452 1602 545 1664; x_wconf 89' lang='lat' dir='ltr'>verbo</span> <span class='ocrx_word' id='word_1_94' title='bbox 569 1604 675 1682; x_wconf 75' lang='lat' dir='ltr'>voluit,</span> <span class='ocrx_word' id='word_1_95' title='bbox 697 1605 881 1683; x_wconf 85' lang='lat' dir='ltr'>autsaltem,</span> <span class='ocrx_word' id='word_1_96' title='bbox 897 1612 996 1685; x_wconf 77' lang='lat' dir='ltr'>squam</span> 
     </span>
     <span class='ocr_line' id='line_1_17' title="bbox 75 1686 1000 1766; baseline 0.003 -19"><span class='ocrx_word' id='word_1_97' title='bbox 75 1687 235 1748; x_wconf 75' lang='lat' dir='ltr'>iohannes</span> <span class='ocrx_word' id='word_1_98' title='bbox 253 1688 391 1766; x_wconf 85' lang='lat' dir='ltr'>Baptista</span> <span class='ocrx_word' id='word_1_99' title='bbox 404 1686 511 1764; x_wconf 64' lang='lat' dir='ltr'>voluit,</span> <span class='ocrx_word' id='word_1_100' title='bbox 533 1687 584 1765; x_wconf 89' lang='lat' dir='ltr'>qui</span> <span class='ocrx_word' id='word_1_101' title='bbox 601 1706 665 1747; x_wconf 92' lang='lat' dir='ltr'>non</span> <span class='ocrx_word' id='word_1_102' title='bbox 680 1686 788 1748; x_wconf 79' lang='lat' dir='ltr'>hebuit</span> <span class='ocrx_word' id='word_1_103' title='bbox 800 1691 1000 1750; x_wconf 84' lang='lat' dir='ltr'>autoritatem·</span> 
     </span>
     <span class='ocr_line' id='line_1_18' title="bbox 76 1768 997 1851; baseline 0.004 -22"><span class='ocrx_word' id='word_1_104' title='bbox 76 1768 255 1830; x_wconf 87' lang='lat' dir='ltr'>instituendi</span> <span class='ocrx_word' id='word_1_105' title='bbox 277 1771 475 1847; x_wconf 76' lang='lat' dir='ltr'>sacramenti,</span> <span class='ocrx_word' id='word_1_106' title='bbox 509 1778 540 1829; x_wconf 90' lang='lat' dir='ltr'>et</span> <span class='ocrx_word' id='word_1_107' title='bbox 573 1777 674 1831; x_wconf 90' lang='lat' dir='ltr'>tamen</span> <span class='ocrx_word' id='word_1_108' title='bbox 704 1772 788 1832; x_wconf 89' lang='lat' dir='ltr'>veuit</span> <span class='ocrx_word' id='word_1_109' title='bbox 814 1772 997 1851; x_wconf 82' lang='lat' dir='ltr'>praedioana</span> 
     </span>
     <span class='ocr_line' id='line_1_19' title="bbox 76 1852 995 1938; baseline 0.007 -25"><span class='ocrx_word' id='word_1_110' title='bbox 76 1852 260 1932; x_wconf 84' lang='lat' dir='ltr'>baptismum</span> <span class='ocrx_word' id='word_1_111' title='bbox 283 1853 493 1932; x_wconf 85' lang='lat' dir='ltr'>poenitentiae</span> <span class='ocrx_word' id='word_1_112' title='bbox 514 1852 634 1914; x_wconf 83' lang='lat' dir='ltr'>diaens:</span> <span class='ocrx_word' id='word_1_113' title='bbox 657 1853 883 1915; x_wconf 81' lang='lat' dir='ltr'>Paenitentiam</span> <span class='ocrx_word' id='word_1_114' title='bbox 904 1857 995 1938; x_wconf 83' lang='lat' dir='ltr'>agite.</span> 
     </span>
     <span class='ocr_line' id='line_1_20' title="bbox 77 1935 995 2016; baseline 0.007 -22"><span class='ocrx_word' id='word_1_115' title='bbox 77 1935 168 2010; x_wconf 81' lang='lat' dir='ltr'>Quod</span> <span class='ocrx_word' id='word_1_116' title='bbox 190 1935 315 1997; x_wconf 83' lang='lat' dir='ltr'>verbum</span> <span class='ocrx_word' id='word_1_117' title='bbox 331 1936 468 1996; x_wconf 85' lang='lat' dir='ltr'>Christus</span> <span class='ocrx_word' id='word_1_118' title='bbox 490 1937 623 2016; x_wconf 86' lang='lat' dir='ltr'>repetiit,</span> <span class='ocrx_word' id='word_1_119' title='bbox 645 1956 682 1997; x_wconf 84' lang='lat' dir='ltr'>aa</span> <span class='ocrx_word' id='word_1_120' title='bbox 703 1938 729 1997; x_wconf 86' lang='lat' dir='ltr'>si</span> <span class='ocrx_word' id='word_1_121' title='bbox 751 1957 814 1998; x_wconf 93' lang='lat' dir='ltr'>non</span> <span class='ocrx_word' id='word_1_122' title='bbox 836 1936 876 1998; x_wconf 83' lang='lat' dir='ltr'>de</span> <span class='ocrx_word' id='word_1_123' title='bbox 897 1958 995 2000; x_wconf 80' lang='lat' dir='ltr'>saera</span> 
     </span>
     <span class='ocr_line' id='line_1_21' title="bbox 78 2018 996 2101; baseline 0.002 -20"><span class='ocrx_word' id='word_1_124' title='bbox 78 2025 181 2081; x_wconf 82' lang='lat' dir='ltr'>mento</span> <span class='ocrx_word' id='word_1_125' title='bbox 203 2018 323 2080; x_wconf 84' lang='lat' dir='ltr'>loeutus</span> <span class='ocrx_word' id='word_1_126' title='bbox 352 2023 425 2080; x_wconf 89' lang='lat' dir='ltr'>satis</span> <span class='ocrx_word' id='word_1_127' title='bbox 454 2019 546 2081; x_wconf 82' lang='lat' dir='ltr'>oredo</span> <span class='ocrx_word' id='word_1_128' title='bbox 573 2020 768 2101; x_wconf 83' lang='lat' dir='ltr'>intelligitur,</span> <span class='ocrx_word' id='word_1_129' title='bbox 804 2027 907 2081; x_wconf 89' lang='lat' dir='ltr'>tamen</span> <span class='ocrx_word' id='word_1_130' title='bbox 928 2029 996 2097; x_wconf 86' lang='lat' dir='ltr'>esto</span> 
     </span>
     <span class='ocr_line' id='line_1_22' title="bbox 79 2100 963 2204; baseline 0.005 -42"><span class='ocrx_word' id='word_1_131' title='bbox 79 2101 200 2162; x_wconf 89' lang='lat' dir='ltr'>illorum</span> <span class='ocrx_word' id='word_1_132' title='bbox 222 2103 374 2168; x_wconf 84' lang='lat' dir='ltr'>somnium</span> <span class='ocrx_word' id='word_1_133' title='bbox 397 2121 513 2180; x_wconf 86' lang='lat' dir='ltr'>verum,</span> <span class='ocrx_word' id='word_1_134' title='bbox 533 2103 693 2163; x_wconf 82' lang='lat' dir='ltr'>videamus</span> <span class='ocrx_word' id='word_1_135' title='bbox 714 2100 788 2182; x_wconf 89' lang='lat' dir='ltr'>quid</span> <span class='ocrx_word' id='word_1_136' title='bbox 801 2112 963 2204; x_wconf 56' lang='lat' dir='ltr'>sequatur.</span> 
     </span>
     <span class='ocr_line' id='line_1_23' title="bbox 88 2185 1001 2267; baseline 0.004 -21"><span class='ocrx_word' id='word_1_137' title='bbox 88 2232 90 2237; x_wconf 83' lang='lat'><em>.</em></span> <span class='ocrx_word' id='word_1_138' title='bbox 159 2185 297 2248; x_wconf 79' lang='lat' dir='ltr'>Christus</span> <span class='ocrx_word' id='word_1_139' title='bbox 319 2186 387 2248; x_wconf 89' lang='lat' dir='ltr'>sine</span> <span class='ocrx_word' id='word_1_140' title='bbox 408 2185 501 2247; x_wconf 87' lang='lat' dir='ltr'>dubio</span> <span class='ocrx_word' id='word_1_141' title='bbox 530 2185 690 2266; x_wconf 83' lang='lat' dir='ltr'>legislator</span> <span class='ocrx_word' id='word_1_142' title='bbox 720 2188 839 2248; x_wconf 85' lang='lat' dir='ltr'>divinus</span> <span class='ocrx_word' id='word_1_143' title='bbox 870 2194 932 2267; x_wconf 83' lang='lat' dir='ltr'>est,</span> <span class='ocrx_word' id='word_1_144' title='bbox 965 2195 1001 2250; x_wconf 84' lang='lat' dir='ltr'>et</span> 
     </span>
     <span class='ocr_line' id='line_1_24' title="bbox 76 2268 997 2352; baseline 0.005 -23"><span class='ocrx_word' id='word_1_145' title='bbox 76 2269 216 2331; x_wconf 70' lang='lat' dir='ltr'>(leonina</span> <span class='ocrx_word' id='word_1_146' title='bbox 238 2270 302 2328; x_wconf 92' lang='lat' dir='ltr'>eius</span> <span class='ocrx_word' id='word_1_147' title='bbox 324 2271 370 2329; x_wconf 90' lang='lat' dir='ltr'>ius</span> <span class='ocrx_word' id='word_1_148' title='bbox 390 2277 437 2329; x_wconf 88' lang='lat' dir='ltr'>ast</span> <span class='ocrx_word' id='word_1_149' title='bbox 449 2268 595 2347; x_wconf 84' lang='lat' dir='ltr'>divinum,</span> <span class='ocrx_word' id='word_1_150' title='bbox 617 2268 722 2347; x_wconf 84' lang='lat' dir='ltr'>idest,</span> <span class='ocrx_word' id='word_1_151' title='bbox 744 2271 826 2350; x_wconf 91' lang='lat' dir='ltr'>quod</span> <span class='ocrx_word' id='word_1_152' title='bbox 841 2271 925 2332; x_wconf 89' lang='lat' dir='ltr'>nulla</span> <span class='ocrx_word' id='word_1_153' title='bbox 942 2291 997 2352; x_wconf 84' lang='lat' dir='ltr'>po·</span> 
     </span>
     <span class='ocr_line' id='line_1_25' title="bbox 76 2353 1000 2434; baseline 0.004 -22"><span class='ocrx_word' id='word_1_154' title='bbox 76 2358 170 2413; x_wconf 78' lang='lat' dir='ltr'>testas</span> <span class='ocrx_word' id='word_1_155' title='bbox 193 2361 386 2429; x_wconf 82' lang='lat' dir='ltr'>mutareaut</span> <span class='ocrx_word' id='word_1_156' title='bbox 407 2353 587 2432; x_wconf 89' lang='lat' dir='ltr'>dispensare</span> <span class='ocrx_word' id='word_1_157' title='bbox 613 2361 726 2432; x_wconf 89' lang='lat' dir='ltr'>potest.</span> <span class='ocrx_word' id='word_1_158' title='bbox 775 2355 817 2414; x_wconf 80' lang='lat' dir='ltr'>As</span> <span class='ocrx_word' id='word_1_159' title='bbox 842 2356 868 2415; x_wconf 88' lang='lat' dir='ltr'>si</span> <span class='ocrx_word' id='word_1_160' title='bbox 890 2356 1000 2434; x_wconf 49' lang='lat' dir='ltr'>poeni*</span> 
     </span>
     <span class='ocr_line' id='line_1_26' title="bbox 76 2435 996 2518; baseline 0.004 -22"><span class='ocrx_word' id='word_1_161' title='bbox 76 2436 172 2496; x_wconf 85' lang='lat' dir='ltr'>tentia</span> <span class='ocrx_word' id='word_1_162' title='bbox 198 2436 229 2494; x_wconf 90' lang='lat' dir='ltr'>in</span> <span class='ocrx_word' id='word_1_163' title='bbox 258 2455 295 2497; x_wconf 78' lang='lat' dir='ltr'>eo</span> <span class='ocrx_word' id='word_1_164' title='bbox 325 2435 395 2496; x_wconf 85' lang='lat' dir='ltr'>loeo</span> <span class='ocrx_word' id='word_1_165' title='bbox 419 2455 438 2496; x_wconf 86' lang='lat' dir='ltr'>a</span> <span class='ocrx_word' id='word_1_166' title='bbox 462 2435 582 2497; x_wconf 78' lang='lat' dir='ltr'>Christo</span> <span class='ocrx_word' id='word_1_167' title='bbox 604 2436 696 2498; x_wconf 82' lang='lat' dir='ltr'>docta</span> <span class='ocrx_word' id='word_1_168' title='bbox 717 2436 871 2516; x_wconf 78' lang='lat' dir='ltr'>signifieat</span> <span class='ocrx_word' id='word_1_169' title='bbox 890 2440 996 2518; x_wconf 84' lang='lat' dir='ltr'>poeni·</span> 
     </span>
     <span class='ocr_line' id='line_1_27' title="bbox 76 2519 999 2598; baseline 0.004 -19"><span class='ocrx_word' id='word_1_170' title='bbox 76 2519 203 2579; x_wconf 83' lang='lat' dir='ltr'>tentiam</span> <span class='ocrx_word' id='word_1_171' title='bbox 234 2519 488 2581; x_wconf 71' lang='lat' dir='ltr'>sacramentalem</span> <span class='ocrx_word' id='word_1_172' title='bbox 513 2519 648 2598; x_wconf 77' lang='lat' dir='ltr'>(idest,</span> <span class='ocrx_word' id='word_1_173' title='bbox 682 2521 941 2598; x_wconf 73' lang='lat' dir='ltr'>satisfactionem)</span> <span class='ocrx_word' id='word_1_174' title='bbox 965 2528 999 2583; x_wconf 88' lang='lat' dir='ltr'>et</span> 
     </span>
     <span class='ocr_line' id='line_1_28' title="bbox 76 2600 996 2686; baseline 0.007 -26"><span class='ocrx_word' id='word_1_175' title='bbox 76 2600 157 2661; x_wconf 90' lang='lat' dir='ltr'>hano</span> <span class='ocrx_word' id='word_1_176' title='bbox 179 2608 283 2680; x_wconf 87' lang='lat' dir='ltr'>potest</span> <span class='ocrx_word' id='word_1_177' title='bbox 304 2611 539 2682; x_wconf 78' lang='lat' dir='ltr'>papamutare,</span> <span class='ocrx_word' id='word_1_178' title='bbox 572 2610 604 2664; x_wconf 84' lang='lat' dir='ltr'>et</span> <span class='ocrx_word' id='word_1_179' title='bbox 635 2603 675 2664; x_wconf 88' lang='lat' dir='ltr'>de</span> <span class='ocrx_word' id='word_1_180' title='bbox 706 2603 788 2665; x_wconf 81' lang='lat' dir='ltr'>faeta</span> <span class='ocrx_word' id='word_1_181' title='bbox 817 2611 914 2665; x_wconf 90' lang='lat' dir='ltr'>mutat</span> <span class='ocrx_word' id='word_1_182' title='bbox 939 2625 996 2686; x_wconf 90' lang='lat' dir='ltr'>pro</span> 
     </span>
     <span class='ocr_line' id='line_1_29' title="bbox 76 2683 996 2766; baseline 0.005 -22"><span class='ocrx_word' id='word_1_183' title='bbox 76 2683 200 2744; x_wconf 82' lang='lat' dir='ltr'>arbitrio</span> <span class='ocrx_word' id='word_1_184' title='bbox 224 2704 297 2765; x_wconf 82' lang='lat' dir='ltr'>suo,</span> <span class='ocrx_word' id='word_1_185' title='bbox 332 2704 405 2766; x_wconf 84' lang='lat' dir='ltr'>ergo</span> <span class='ocrx_word' id='word_1_186' title='bbox 439 2684 488 2746; x_wconf 86' lang='lat' dir='ltr'>vel</span> <span class='ocrx_word' id='word_1_187' title='bbox 517 2705 598 2766; x_wconf 89' lang='lat' dir='ltr'>papa</span> <span class='ocrx_word' id='word_1_188' title='bbox 624 2686 718 2747; x_wconf 90' lang='lat' dir='ltr'>habet</span> <span class='ocrx_word' id='word_1_189' title='bbox 744 2688 774 2748; x_wconf 94' lang='lat' dir='ltr'>in</span> <span class='ocrx_word' id='word_1_190' title='bbox 801 2687 926 2748; x_wconf 84' lang='lat' dir='ltr'>arbitrio</span> <span class='ocrx_word' id='word_1_191' title='bbox 949 2690 996 2749; x_wconf 86' lang='lat' dir='ltr'>ius</span> 
     </span>
     <span class='ocr_line' id='line_1_30' title="bbox 76 2767 997 2850; baseline 0.005 -21"><span class='ocrx_word' id='word_1_192' title='bbox 76 2767 226 2847; x_wconf 80' lang='lat' dir='ltr'>divinum,</span> <span class='ocrx_word' id='word_1_193' title='bbox 249 2769 299 2829; x_wconf 86' lang='lat' dir='ltr'>vel</span> <span class='ocrx_word' id='word_1_194' title='bbox 321 2776 369 2829; x_wconf 87' lang='lat' dir='ltr'>est</span> <span class='ocrx_word' id='word_1_195' title='bbox 389 2770 420 2828; x_wconf 95' lang='lat' dir='ltr'>in</span> <span class='ocrx_word' id='word_1_196' title='bbox 440 2769 541 2830; x_wconf 91' lang='lat' dir='ltr'>Deum</span> <span class='ocrx_word' id='word_1_197' title='bbox 563 2790 649 2831; x_wconf 89' lang='lat' dir='ltr'>suum</span> <span class='ocrx_word' id='word_1_198' title='bbox 672 2771 869 2850; x_wconf 83' lang='lat' dir='ltr'>impiissimus</span> <span class='ocrx_word' id='word_1_199' title='bbox 890 2771 997 2834; x_wconf 68' lang='lat' dir='ltr'>aduae</span> 
     </span>
     <span class='ocr_line' id='line_1_31' title="bbox 76 2852 999 2930; baseline 0.007 -20"><span class='ocrx_word' id='word_1_200' title='bbox 76 2852 182 2920; x_wconf 85' lang='lat' dir='ltr'>sarius,</span> <span class='ocrx_word' id='word_1_201' title='bbox 205 2852 321 2911; x_wconf 88' lang='lat' dir='ltr'>irritum</span> <span class='ocrx_word' id='word_1_202' title='bbox 343 2852 459 2912; x_wconf 79' lang='lat' dir='ltr'>faciens</span> <span class='ocrx_word' id='word_1_203' title='bbox 482 2852 658 2914; x_wconf 88' lang='lat' dir='ltr'>mandatum</span> <span class='ocrx_word' id='word_1_204' title='bbox 677 2853 742 2914; x_wconf 87' lang='lat' dir='ltr'>Dei.</span> <span class='ocrx_word' id='word_1_205' title='bbox 776 2854 867 2930; x_wconf 81' lang='lat' dir='ltr'>Quod</span> <span class='ocrx_word' id='word_1_206' title='bbox 889 2856 915 2914; x_wconf 93' lang='lat' dir='ltr'>si</span> <span class='ocrx_word' id='word_1_207' title='bbox 936 2855 999 2916; x_wconf 88' lang='lat' dir='ltr'>hoa</span> 
     </span>
     <span class='ocr_line' id='line_1_32' title="bbox 76 2933 1000 3015; baseline 0.006 -22"><span class='ocrx_word' id='word_1_208' title='bbox 76 2933 191 2994; x_wconf 88' lang='lat' dir='ltr'>audent</span> <span class='ocrx_word' id='word_1_209' title='bbox 213 2955 352 2997; x_wconf 82' lang='lat' dir='ltr'>asserere</span> <span class='ocrx_word' id='word_1_210' title='bbox 374 2937 394 2995; x_wconf 94' lang='lat' dir='ltr'>ii</span> <span class='ocrx_word' id='word_1_211' title='bbox 408 2935 459 3015; x_wconf 71' lang='lat'>²),</span> <span class='ocrx_word' id='word_1_212' title='bbox 482 2938 533 3014; x_wconf 91' lang='lat' dir='ltr'>qui</span> <span class='ocrx_word' id='word_1_213' title='bbox 555 2936 593 2997; x_wconf 83' lang='lat' dir='ltr'>ad</span> <span class='ocrx_word' id='word_1_214' title='bbox 617 2935 738 2996; x_wconf 88' lang='lat' dir='ltr'>laudem</span> <span class='ocrx_word' id='word_1_215' title='bbox 760 2937 817 2998; x_wconf 80' lang='lat' dir='ltr'>Dei</span> <span class='ocrx_word' id='word_1_216' title='bbox 841 2945 872 2998; x_wconf 87' lang='lat' dir='ltr'>et</span> <span class='ocrx_word' id='word_1_217' title='bbox 893 2938 1000 2999; x_wconf 68' lang='lat' dir='ltr'>defen-³</span> 
     </span>
     <span class='ocr_line' id='line_1_33' title="bbox 76 3018 998 3102; baseline 0.007 -25"><span class='ocrx_word' id='word_1_218' title='bbox 76 3018 196 3078; x_wconf 88' lang='lat' dir='ltr'>sionem</span> <span class='ocrx_word' id='word_1_219' title='bbox 218 3019 390 3080; x_wconf 75' lang='lat' dir='ltr'>catholicae</span> <span class='ocrx_word' id='word_1_220' title='bbox 414 3018 495 3096; x_wconf 85' lang='lat' dir='ltr'>iidei,</span> <span class='ocrx_word' id='word_1_221' title='bbox 517 3028 549 3080; x_wconf 89' lang='lat' dir='ltr'>et</span> <span class='ocrx_word' id='word_1_222' title='bbox 569 3027 695 3080; x_wconf 86' lang='lat' dir='ltr'>sanetae</span> <span class='ocrx_word' id='word_1_223' title='bbox 710 3020 792 3081; x_wconf 89' lang='lat' dir='ltr'>sedis</span> <span class='ocrx_word' id='word_1_224' title='bbox 805 3021 998 3102; x_wconf 85' lang='lat' dir='ltr'>apostolieae</span> 
     </span>
     <span class='ocr_line' id='line_1_34' title="bbox 76 3100 998 3183; baseline 0.005 -23"><span class='ocrx_word' id='word_1_225' title='bbox 76 3100 243 3181; x_wconf 82' lang='lat' dir='ltr'>honorem,</span> <span class='ocrx_word' id='word_1_226' title='bbox 275 3111 307 3163; x_wconf 87' lang='lat' dir='ltr'>et</span> <span class='ocrx_word' id='word_1_227' title='bbox 338 3117 394 3183; x_wconf 89' lang='lat' dir='ltr'>pro</span> <span class='ocrx_word' id='word_1_228' title='bbox 434 3104 560 3163; x_wconf 87' lang='lat' dir='ltr'>veritate</span> <span class='ocrx_word' id='word_1_229' title='bbox 587 3103 755 3164; x_wconf 80' lang='lat' dir='ltr'>revelanda</span> <span class='ocrx_word' id='word_1_230' title='bbox 783 3113 815 3164; x_wconf 89' lang='lat' dir='ltr'>et</span> <span class='ocrx_word' id='word_1_231' title='bbox 844 3105 998 3166; x_wconf 85' lang='lat' dir='ltr'>erroribus</span> 
     </span>
     <span class='ocr_line' id='line_1_35' title="bbox 76 3185 998 3267; baseline 0.007 -24"><span class='ocrx_word' id='word_1_232' title='bbox 76 3185 301 3264; x_wconf 89' lang='lat' dir='ltr'>supprimendis</span> <span class='ocrx_word' id='word_1_233' title='bbox 322 3187 492 3266; x_wconf 84' lang='lat' dir='ltr'>gloriantur</span> <span class='ocrx_word' id='word_1_234' title='bbox 513 3205 582 3246; x_wconf 87' lang='lat' dir='ltr'>sese</span> <span class='ocrx_word' id='word_1_235' title='bbox 610 3186 783 3267; x_wconf 79' lang='lat' dir='ltr'>disputare,</span> <span class='ocrx_word' id='word_1_236' title='bbox 816 3188 948 3267; x_wconf 90' lang='lat' dir='ltr'>denique</span> <span class='ocrx_word' id='word_1_237' title='bbox 970 3189 998 3249; x_wconf 91' lang='lat' dir='ltr'>si</span> 
     </span>
     <span class='ocr_line' id='line_1_36' title="bbox 77 3268 997 3352; baseline 0.005 -25"><span class='ocrx_word' id='word_1_238' title='bbox 77 3268 122 3328; x_wconf 87' lang='lat' dir='ltr'>sio</span> <span class='ocrx_word' id='word_1_239' title='bbox 142 3269 297 3329; x_wconf 86' lang='lat' dir='ltr'>honorant</span> <span class='ocrx_word' id='word_1_240' title='bbox 318 3270 481 3331; x_wconf 82' lang='lat' dir='ltr'>ecelesiam</span> <span class='ocrx_word' id='word_1_241' title='bbox 504 3276 686 3350; x_wconf 85' lang='lat' dir='ltr'>tuenturque</span> <span class='ocrx_word' id='word_1_242' title='bbox 707 3269 814 3349; x_wconf 80' lang='lat' dir='ltr'>fidem,</span> <span class='ocrx_word' id='word_1_243' title='bbox 837 3272 888 3352; x_wconf 87' lang='lat' dir='ltr'>qui</span> <span class='ocrx_word' id='word_1_244' title='bbox 915 3272 997 3332; x_wconf 88' lang='lat' dir='ltr'>terri·</span> 
     </span>
     <span class='ocr_line' id='line_1_37' title="bbox 76 3350 995 3432; baseline 0.005 -22"><span class='ocrx_word' id='word_1_245' title='bbox 76 3350 136 3412; x_wconf 85' lang='lat' dir='ltr'>lieo</span> <span class='ocrx_word' id='word_1_246' title='bbox 160 3360 191 3412; x_wconf 91' lang='lat' dir='ltr'>et</span> <span class='ocrx_word' id='word_1_247' title='bbox 211 3353 383 3412; x_wconf 86' lang='lat' dir='ltr'>immaniter</span> <span class='ocrx_word' id='word_1_248' title='bbox 409 3367 506 3432; x_wconf 87' lang='lat' dir='ltr'>(pene</span> <span class='ocrx_word' id='word_1_249' title='bbox 534 3353 679 3414; x_wconf 87' lang='lat' dir='ltr'>dixissem</span> <span class='ocrx_word' id='word_1_250' title='bbox 707 3354 857 3431; x_wconf 79' lang='lat' dir='ltr'>inaniter)</span> <span class='ocrx_word' id='word_1_251' title='bbox 881 3354 995 3416; x_wconf 80' lang='lat' dir='ltr'>iactato</span> 
     </span>
     <span class='ocr_line' id='line_1_38' title="bbox 78 3436 997 3517; baseline 0.004 -23"><span class='ocrx_word' id='word_1_252' title='bbox 78 3437 165 3496; x_wconf 82' lang='lat' dir='ltr'>titulo</span> <span class='ocrx_word' id='word_1_253' title='bbox 187 3436 361 3496; x_wconf 74' lang='lat' dir='ltr'>haereticae</span> <span class='ocrx_word' id='word_1_254' title='bbox 382 3437 542 3516; x_wconf 86' lang='lat' dir='ltr'>pravitatis</span> <span class='ocrx_word' id='word_1_255' title='bbox 557 3438 753 3515; x_wconf 88' lang='lat' dir='ltr'>inquisitores</span> <span class='ocrx_word' id='word_1_256' title='bbox 768 3438 877 3500; x_wconf 84' lang='lat' dir='ltr'>volunt</span> <span class='ocrx_word' id='word_1_257' title='bbox 890 3438 997 3517; x_wconf 82' lang='lat' dir='ltr'>videri,</span> 
     </span>
     <span class='ocr_line' id='line_1_39' title="bbox 77 3519 997 3603; baseline 0.004 -24"><span class='ocrx_word' id='word_1_258' title='bbox 77 3519 160 3598; x_wconf 85' lang='lat' dir='ltr'>quid,</span> <span class='ocrx_word' id='word_1_259' title='bbox 181 3537 308 3597; x_wconf 80' lang='lat' dir='ltr'>quaeso,</span> <span class='ocrx_word' id='word_1_260' title='bbox 330 3520 469 3579; x_wconf 80' lang='lat' dir='ltr'>relietum</span> <span class='ocrx_word' id='word_1_261' title='bbox 486 3527 534 3579; x_wconf 88' lang='lat' dir='ltr'>ast</span> <span class='ocrx_word' id='word_1_262' title='bbox 546 3521 595 3582; x_wconf 80' lang='lat' dir='ltr'>vel</span> <span class='ocrx_word' id='word_1_263' title='bbox 612 3521 812 3581; x_wconf 88' lang='lat' dir='ltr'>insanissimis</span> <span class='ocrx_word' id='word_1_264' title='bbox 824 3521 997 3603; x_wconf 82' lang='lat' dir='ltr'>haeretiois,</span> 
     </span>
    </p>
   </div>
   <div class='ocr_carea' id='block_1_3' title="bbox 81 3686 297 3702">
    <p class='ocr_par' dir='ltr' id='par_1_3' title="bbox 81 3686 297 3702">
     <span class='ocr_line' id='line_1_40' title="bbox 81 3686 297 3702; baseline 0.005 -1"><span class='ocrx_word' id='word_1_265' title='bbox 81 3686 297 3702; x_wconf 54' lang='grc' dir='ltr'>-ι-σ--υ-ὀ-</span> 
     </span>
    </p>
   </div>
   <div class='ocr_carea' id='block_1_4' title="bbox 152 3736 1114 3848">
    <p class='ocr_par' dir='ltr' id='par_1_4' title="bbox 152 3736 1114 3848">
     <span class='ocr_line' id='line_1_41' title="bbox 152 3736 1114 3848; baseline -0.033 -13"><span class='ocrx_word' id='word_1_266' title='bbox 152 3736 449 3848; x_wconf 60' lang='lat' dir='ltr'>mammazas.</span> <span class='ocrx_word' id='word_1_267' title='bbox 487 3781 679 3847; x_wconf 63' lang='lat' dir='ltr'>mutatui.</span> <span class='ocrx_word' id='word_1_268' title='bbox 886 3792 889 3798; x_wconf 87' lang='grc'><em>·</em></span> <span class='ocrx_word' id='word_1_269' title='bbox 967 3796 999 3835; x_wconf 49' lang='grc' dir='ltr'>,η</span> <span class='ocrx_word' id='word_1_270' title='bbox 1091 3759 1114 3801; x_wconf 86' lang='grc'>-.“</span> 
     </span>
    </p>
   </div>
   <div class='ocr_carea' id='block_1_5' title="bbox 0 0 1182 4200">
    <p class='ocr_par' dir='ltr' id='par_1_5' title="bbox 0 0 1182 4200">
     <span class='ocr_line' id='line_1_42' title="bbox 0 0 1182 4200; baseline 0 0"><span class='ocrx_word' id='word_1_271' title='bbox 0 0 1182 4200; x_wconf 95' lang='lat' dir='ltr'> </span> 
     </span>
    </p>
   </div>
  </div>
 </body>
</html>
