2356 4200
445 315 479 372 de
497 316 686 390 indrdgautiis.

356 526 360 534 ¹
416 539 549 603 Sermo
572 541 722 604 tertius.

187 655 383 717 Venerabilis
394 655 538 736 Domine,
560 676 626 739 oro,
648 665 681 719 ut
701 655 812 718 ovibus
829 657 938 717 vatris
960 672 1031 718 mco

101 738 233 798 nomine
255 738 329 798 talia
349 739 452 800 fsosrs
473 740 568 803 verbo
588 742 706 821 velitis,
734 745 769 800 ut
789 739 899 800 oculos
919 739 1031 800 ruentis

101 821 226 901 aperire
247 821 353 902 veiint,
375 823 583 903 considerare,
605 830 752 904 quantam
774 823 902 904 gratiam
925 827 957 883 at
976 820 1031 885 do·

102 922 177 964 uum
207 905 240 964 in
269 904 385 966 foribus
413 905 587 971 habuerunt
611 913 644 968 at
676 924 759 967 nuuc
786 904 908 968 habent.
950 904 1032 965 Vere

102 987 188 1049 bauti
211 987 303 1066 osuii,
325 989 378 1068 qui
397 987 514 1070 vident,
537 989 622 1070 quod
639 991 698 1071 ipsi
721 989 837 1068 vident,
858 986 1031 1067 advertunt,

103 1069 189 1150 quod
210 1069 275 1131 iem
297 1070 412 1133 habent
433 1072 538 1133 literas
558 1072 639 1134 salvi
661 1071 842 1152 conductus,
865 1090 922 1151 per
938 1086 1030 1153 quam

102 1155 241 1214 animam
254 1165 368 1214 'earum
389 1159 535 1235 poterunt
555 1175 611 1236 par
631 1157 722 1217 istam
750 1154 863 1216 vallem
891 1154 1030 1214 lacrima·

104 1252 235 1316 ruerunt,
248 1255 304 1317 per
315 1237 396 1301 istud
415 1256 500 1300 mare
513 1238 668 1299 furibundi
684 1238 773 1298 huius
787 1236 902 1315 mundi,
917 1236 968 1297 ubi
982 1242 1031 1297 tot

101 1316 262 1400 procellae
273 1326 305 1381 st
312 1326 511 1401 tempestates
522 1322 722 1402 periculaque
732 1322 845 1400 insunt,
856 1319 896 1380 ad
908 1319 1029 1383 iaiiosur

101 1403 234 1483 patriam
249 1403 385 1483 paradisi
399 1404 577 1484 perducere.
602 1404 716 1483 Sciant,
727 1403 811 1487 quod
822 1403 1030 1464 hominia-vita

102 1485 212 1546 militia
233 1504 326 1566 super
346 1491 468 1552 terram.
512 1487 668 1549 Habemus
687 1489 818 1547 militare
839 1493 948 1551 contra
965 1502 1029 1553 car-¹

100 1586 184 1648 nem,
206 1568 353 1628 mundum
376 1576 408 1631 et
425 1569 593 1649 diabolum,
612 1572 664 1650 qui
679 1588 801 1653 semper
816 1570 1028 1649 animampsu·

100 1650 175 1712 dara
189 1658 349 1714 conantur.
372 1653 554 1735 inpeccatis
571 1661 670 1714 mater
681 1660 789 1714 nostra
801 1671 859 1713 nos
875 1652 1034 1732 concapit,

99 1734 172 1814 heu,
185 1736 259 1814 quia
272 1734 363 1799 funes
376 1743 575 1816 peccatorum
587 1736 744 1816 complexi
763 1741 834 1796 aunt
849 1753 917 1814 nos,
933 1741 965 1797 at
981 1743 1029 1795 est

100 1815 248 1898 difficile,
275 1824 307 1879 et
338 1817 570 1898 quodammodo
604 1818 797 1900 impossibiie
831 1817 871 1878 ad
903 1823 1028 1898 portum

101 1901 265 1982 pervenire
287 1900 411 1982 salutis,
444 1904 511 1963 aine
534 1901 638 1969 divino
662 1902 830 1984 adiutorio:
863 1902 935 1980 quia
963 1918 1027 1963 nou

88 1995 142 2045 'ex
157 1983 302 2067 operibus
322 1984 466 2064 iustitiae,
481 2004 561 2066 quoa
572 1986 699 2046 fecimus
715 2002 784 2064 nos,
802 1983 857 2044 sed
869 2002 929 2063 ¹per
940 2001 1026 2044 suam

101 2073 242 2128 sanctam
271 2066 514 2130 misericordiam
543 2068 647 2130 salvos
677 2087 735 2129 nos
764 2067 844 2131 fecit.
893 2066 1028 2148 Oportet

17 2219 21 2229 ¹
101 2169 177 2231 ergo
211 2148 298 2210 indui
326 2157 480 2212 armatura
514 2152 581 2213 Dei.
636 2151 772 2231 Oapistis
805 2150 916 2232 literar
949 2149 1027 2209 ariri

101 2233 273 2295 conductus
296 2252 316 2292 a
331 2235 446 2296 vicario
461 2235 587 2295 Domini
609 2235 707 2294 nostri
722 2234 797 2294 iesu
820 2232 941 2309 Christi,
963 2232 1026 2310 qui·

100 2316 158 2378 bus
181 2316 388 2378 mediantibus
409 2319 551 2399 poteritis
574 2318 706 2378 animam
725 2335 746 2375 a
766 2314 907 2377 manibus
927 2315 1025 2374 iuimi-

102 2418 210 2460 oorum
233 2398 381 2480 liberare,
407 2407 438 2461 et
459 2400 499 2461 ad
520 2401 622 2462 felicia
642 2413 754 2480 regna,
777 2399 932 2461 mediante
954 2415 1026 2466 cous

100 2482 228 2544 tritione
249 2483 523 2564 confessioneque,
553 2491 648 2543 tutam
672 2489 703 2543 et
723 2500 863 2543 securam
885 2483 952 2542 sine
973 2480 1026 2541 aii-

101 2584 164 2645 qua
191 2583 296 2645 poena
325 2568 494 2648 purgatorii
523 2566 699 2647 perducere.
743 2565 864 2646 Sciant,
887 2563 1024 2644 quadiu

100 2649 149 2709 his
173 2648 270 2708 literis
291 2650 445 2730 impressa
466 2659 497 2710 et
519 2650 640 2730 sculpta
654 2655 725 2709 sunt
740 2648 1026 2710 omniaminiateria

101 2730 219 2795 Christi
240 2733 395 2812 passionis
416 2732 460 2795 ibi
483 2734 610 2794 extenti.
653 2731 918 2809 Animadvertsnt,
941 2729 1026 2809 quod

100 2834 158 2896 pro
192 2814 334 2896 quolibet
363 2823 494 2897 peccato
527 2816 649 2878 mortali
679 2821 803 2896 oportet
829 2833 885 2894 per
906 2819 1025 2893 septem

101 2917 203 2959 annos
225 2906 299 2980 post
321 2899 548 2961 confessionem
571 2906 604 2960 et
624 2900 841 2961 contritionem
854 2894 1025 2976 poenitere,¹

100 2981 153 3042 vel
174 2982 205 3042 iu
228 2981 287 3042 hac
307 2983 372 3044 vita
393 2983 443 3043 vel
465 2983 660 3064 purgatorio:
694 2989 768 3061 quot
795 2985 924 3061 peccata
945 2996 1025 3039 mor·

100 3064 177 3126 talia
198 3067 432 3126 committuntur
450 3068 483 3125 in
507 3065 565 3148 die,
588 3073 664 3145 quot
679 3067 710 3125 in
722 3061 926 3142 hebdomada,
940 3067 1026 3141 *quot

100 3149 132 3209 in
155 3167 274 3226 mensa,
296 3155 373 3227 quot
393 3151 431 3234 in,
447 3164 548 3227 anuo,
571 3155 646 3229 quot
666 3154 733 3209 toto
757 3155 896 3227 tompore
917 3145 1025 3206 vitae?

100 3231 166 3292 iere
187 3230 308 3292 infinita
329 3238 409 3311 sunt,
432 3240 463 3292 et
484 3231 635 3292 infinitam
645 3250 779 3311 poenam
797 3230 913 3291 habant
923 3228 1025 3290 subire

99 3316 132 3374 in
155 3313 332 3376 ardentibus
355 3317 465 3395 poenis
486 3316 665 3396 purgatorii.
707 3315 836 3374 Etcum
859 3313 906 3372 his
928 3310 1024 3372 literis

99 3397 380 3460 confessionalibus
402 3400 542 3480 poteritis
565 3398 662 3459 semel
683 3400 713 3458 in
736 3399 808 3477 vita,
830 3397 862 3456 in
882 3395 1024 3456 omnibus

100 3481 233 3560 casibus,
256 3488 388 3561 quatuor
408 3483 547 3562 exceptis
561 3482 626 3542 sedi
644 3481 837 3562 apostolicae
848 3480 1023 3558 reservatis,

99 3563 216 3626 habere
243 3564 414 3644 plenariam
442 3566 580 3626 omnium
613 3583 785 3647 poenarum
817 3581 914 3643 usque
952 3569 1025 3622 tunc

100 3647 289 3727 debitarum,
311 3647 422 3708 deinde
440 3655 506 3709 toto
521 3655 660 3728 tompore
675 3649 756 3708 vitae
766 3647 916 3727 poteritis,
930 3662 1023 3724 quan·

98 3730 265 3810 docunque
285 3731 377 3791 vultis
399 3730 550 3812 confiteri,
571 3732 603 3790 iu
626 3730 748 3791 casibus
770 3748 872 3811 papae
893 3746 956 3790 nou
978 3746 1023 3788 re-

99 3815 249 3894 servatis,
276 3815 370 3875 etiam
389 3814 505 3877 habere
528 3814 659 3875 similem
680 3813 895 3877 remissionom
916 3818 950 3874 et
968 3829 1026 3895 pu·

745 3922 815 3993 18*
