2356 4200
456 310 487 351 *a
504 294 576 352 1516
593 294 689 349 habiti.
979 283 1041 356 127

134 468 226 545 nibus,
257 467 319 529 hoo
347 473 395 528 est
421 466 561 528 noscitur
592 464 713 527 axillis
735 463 820 526 vetut
840 482 880 524 ex
901 464 1039 542 materia,

134 570 185 612 non
206 553 237 610 in
258 551 313 611 illa
334 551 430 611 fertur
451 551 530 610 siout
550 552 581 609 in
604 549 768 612 obiectum.
791 548 876 608 Siout
897 549 922 606 si
945 547 1041 626 dieas,

132 635 201 695 salix
231 633 268 695 m
290 654 343 704 ¹eu
362 634 498 695 fornacis
531 635 621 713 igne,
656 631 712 692 sed
743 650 806 690 non
838 630 910 690 ideo
937 631 1041 712 ignem

129 736 241 798 semper
262 736 376 798 capere
397 717 499 796 debet,
528 716 582 776 sed
604 717 719 776 vinum.
761 715 827 775 Imo
851 732 942 774 omne
964 730 1041 793 opus

128 801 201 861 aliud
223 800 323 862 habet
344 801 537 880 principium.
550 807 582 860 et
608 790 701 859 alium
731 816 835 871 usum,
869 814 927 856 neo
943 797 1042 856 'idem

128 892 167 945 est
197 885 385 965 principium
419 902 473 944 seu
507 900 600 942 eausa
628 882 756 941 alieuius
791 887 821 940 et
848 898 920 939 usus
942 878 1041 939 simul.

126 967 196 1048 Spes
219 973 310 1028 esto
335 985 370 1026 us
393 985 521 1046 operum
544 975 574 1026 et
595 966 784 1045 passionum,
808 963 862 1024 sed
885 964 957 1023 usus
976 963 1041 1023 eius

126 1052 223 1112 estin
252 1070 296 1111 nu
319 1069 371 1109 um
392 1050 492 1110 Deum
521 1046 696 1127 confidere,
732 1066 823 1126 quem
857 1065 920 1105 non
949 1044 1042 1124 videt,

125 1134 257 1214 alioquin
281 1133 367 1213 quod
387 1131 473 1194 videt
495 1134 572 1211 quis,
602 1131 673 1211 quid
697 1130 818 1210 sperat?
853 1128 907 1189 ssd
936 1130 1044 1189 merita

125 1219 225 1296 utique
247 1217 344 1277 videt.
387 1218 448 1277 Aut
475 1232 569 1294 quare
597 1233 660 1275 nou
689 1221 720 1274 et
747 1214 895 1293 patientia
921 1212 1042 1273 tribula·

124 1302 238 1361 tionem
261 1318 385 1380 semper
406 1317 511 1359 senum
533 1304 618 1358 tenet
638 1303 670 1357 et
697 1298 840 1377 probatio
863 1297 1042 1376 patientiam

124 1390 151 1444 et
171 1402 245 1464 spes
269 1381 511 1464 probationem?
547 1382 630 1461 Ergo
653 1387 780 1440 aeterna
809 1381 865 1440 erit
887 1379 1042 1440 tribulatio

123 1469 150 1526 in
171 1467 231 1526 hae
261 1467 326 1528 vita
345 1472 376 1526 at
403 1465 553 1546 patientia
581 1470 612 1524 et
640 1462 793 1543 probatio.
837 1462 898 1524 sed
921 1463 1043 1523 tribula-

123 1551 212 1610 tionis
236 1568 316 1630 opus
338 1554 386 1608 est
413 1547 570 1629 probatio,
604 1566 666 1608 non
695 1565 788 1624 usus,
824 1552 856 1605 et
877 1547 1043 1625 patientiae

125 1652 198 1712 opus
221 1640 271 1693 eat
292 1631 452 1711 probatio,
480 1648 545 1691 non
569 1648 654 1709 usus,
688 1647 759 1709 spes
793 1647 867 1690 vero
896 1630 958 1689 iam
980 1649 1042 1690 non

124 1722 269 1795 operatur
289 1713 384 1792 aliud,
406 1713 465 1773 nisi
486 1714 616 1794 gloriam
639 1719 765 1792 certain,
788 1731 869 1791 quae
889 1732 951 1773 non
971 1730 1043 1773 onn-

124 1798 229 1860 fundit.

518 1992 663 2088 Sermo

248 2154 260 2165 ‘
306 2134 345 2194 in
367 2135 432 2196 die
458 2136 584 2215 saneti
607 2134 804 2196 Matthaei.
823 2132 860 2210 ³)

208 2239 279 2301 Non
303 2247 352 2306 est
373 2260 450 2322 opus
472 2241 592 2301 medico
616 2237 787 2301 valentibus
815 2242 871 2303 sed
892 2239 972 2302 maie
993 2239 1044 2303 ha·

130 2324 282 2387 bentibus
325 2322 431 2385 Matth.
462 2326 490 2388 9.
512 2322 600 2393 ,Hoo
634 2322 828 2403 evangelium
865 2333 927 2386 tam
954 2326 1045 2386 saoile

131 2408 267 2486 videtur,
303 2416 336 2468 ut
359 2407 565 2486 unusquisque
592 2407 695 2466 statim
714 2407 850 2468 auditum
872 2409 1045 2490 intelligere

130 2510 197 2552 sese
222 2488 338 2570 eredat,
361 2509 429 2550 oum
451 2496 554 2550 tamen
577 2488 655 2549 adeo
679 2491 718 2549 sit
738 2490 932 2572 profundum,
955 2499 997 2572 ut,
1020 2493 1045 2551 si

129 2575 188 2636 duo
212 2573 325 2653 adsint,
349 2574 400 2653 qui
422 2571 498 2633 iilud
519 2574 611 2654 plene
632 2572 816 2654 intelligunt,
840 2578 912 2635 satis
935 2577 983 2637 sit.
1013 2575 1045 2636 Si

128 2658 208 2718 enim
243 2657 403 2737 quisquam
437 2657 661 2736 interrogatur,
698 2654 737 2716 de
766 2677 896 2737 quorum
918 2678 1044 2718 numero

128 2760 195 2801 sese
217 2739 391 2818 arbitretur,
412 2738 482 2818 hoo,
506 2740 654 2818 suspiaor,
675 2740 892 2820 responderet,
926 2741 964 2801 de
992 2762 1044 2800 nu-

127 2844 209 2884 mero
246 2823 327 2884 male
353 2821 531 2885 habentium
560 2829 591 2882 et
613 2830 810 2902 peecatorum
833 2845 870 2884 ao
892 2826 1045 2885 sociorum

126 2906 289 2985 Matthaei,
323 2907 394 2986 quia
426 2925 469 2966 so.
501 2905 554 2968 uhi
582 2904 719 2965 Christus
749 2914 812 2987 est,
847 2927 954 2968 omues
977 2927 1046 2968 esse

127 2989 285 3069 volumus,
319 3008 440 3068 semper
472 2988 599 3049 meliora
622 2986 660 3048 de
689 2988 777 3050 nobis
804 2998 1045 3071 praesumentes,

126 3073 288 3150 nullusque
332 3071 370 3132 de
405 3091 532 3132 numero
567 3071 802 3133 Pharisaeorum
834 3075 900 3134 vult
930 3073 1045 3152 haberi,

127 3154 310 3236 praesertim
330 3154 371 3234 hi,
394 3155 447 3234 qui
469 3160 540 3215 sunt
559 3156 630 3214 iusti
654 3162 684 3215 et
707 3157 879 3235 sapientes,
911 3177 981 3216 oum
1003 3162 1045 3216 ta·

127 3259 196 3299 men
220 3239 334 3298 sintin
356 3237 459 3299 medio
483 3258 599 3301 eorum.
641 3236 737 3319 Igitur
766 3241 878 3301 veritas
906 3248 937 3300 et
963 3240 1045 3299 iusti-

127 3324 179 3400 tia,
203 3323 223 3382 i.
245 3341 271 3384 e.
296 3319 433 3383 Christus
455 3341 518 3381 nou
540 3322 634 3400 venit,
656 3323 714 3382 nisi
737 3321 788 3383 ubi
809 3342 873 3383 non
896 3330 951 3402 est,
974 3323 1044 3384 ideo

128 3425 191 3466 non
215 3405 303 3465 venit
325 3405 383 3464 nisi
402 3403 441 3464 ad
463 3403 637 3484 mendaces,
666 3404 777 3465 stultos
799 3425 836 3466 ao
856 3414 1046 3486 pensatores.

127 3487 187 3550 Sed
210 3494 243 3548 ut
265 3485 483 3568 intelligamus,
506 3487 577 3566 quid
600 3486 750 3548 Dominus
770 3487 917 3570 intendit,
951 3492 1046 3552 soien-

181 3676 212 3744 ⁸)
234 3676 285 3728 Hie
304 3693 406 3744 sermo,
425 3682 452 3730 et
470 3680 530 3745 ipse
549 3652 665 3732 ex'eod.
685 3676 734 3728 illo
753 3677 826 3730 MSo.
847 3678 987 3744 redditus,
1011 3679 1047 3732 le·

125 3751 201 3819 gitur
220 3748 294 3816 apud
313 3748 458 3805 Loeseher.
475 3751 496 3818 l,
514 3749 567 3806 289
591 3766 650 3820 sqq.
675 3754 702 3802 et
726 3747 819 3804 Germ.
848 3751 922 3820 apud
941 3751 1046 3806 Waleh.

126 3820 183 3890 XII,
205 3819 277 3876 2238
293 3836 353 3889 sqq.
