2356 4200
374 279 412 337 ds
426 280 529 337 virtuts
543 276 789 352 indulgentitinni
985 276 1047 348 215

125 452 266 530 tredidit,
294 473 385 533 quem
408 456 522 533 minoe,
546 455 679 531 talentu,
700 454 868 533 munies,
890 453 1047 534 denarios,

126 545 161 596 ut
182 555 222 596 ex
242 537 280 596 iis
303 539 333 615 ¹)
367 538 443 617 ipsis
462 536 623 619 vooebnlis
645 537 857 597 thesaurorum
871 538 973 617 ipsum
994 547 1047 598 ve-

125 637 194 679 rum
215 619 389 687 thesaurum
411 639 481 681 esse
501 618 688 687 ostenderet.
721 618 762 679 lit
782 618 896 680 Paulus
918 620 950 695 ⁴¹)
973 619 1048 681 dlslt

91 744 101 755 .·
127 721 199 763 sese
223 703 428 764 thesaurisare
448 701 520 764 tiliis
541 704 624 778 suis,
658 709 690 762 et
709 701 851 769 Christus
867 702 1047 763 thesaurum

126 784 341 846 absconditum
366 788 396 847 in
421 803 506 869 egro.
549 785 589 849 nt
610 785 670 846 hoo
690 786 800 865 ipsum,
823 783 906 865 quod
928 794 975 846 est
996 785 1048 848 eb·

127 867 298 943 soonditus,
319 869 401 947 feeit,
425 876 457 929 ut
479 868 519 930 sit
539 869 706 949 pariter-et
727 868 895 948 neglectus.
973 885 982 904 ·
1058 923 1064 951 Ι

211 950 267 1014 list
294 960 397 1012 eutem
426 971 503 1013 evan
527 951 641 1030 elium,
678 949 846 1029 seeundum
873 950 1049 1031 apostolum

126 1035 238 1096 Rome.
260 1033 293 1112 l.,
315 1053 416 1096 sermo
438 1032 478 1095 de
501 971 565 1096 ilio
587 1026 645 1095 D'ei
666 1033 847 1116 inoornoto,
869 1032 968 1119 uobis
981 1035 1048 1096 sine

127 1117 243 1178 meritis
270 1119 301 1178 in
328 1116 457 1180 salutern
486 1123 646 1197 etpnoem
676 1117 801 1179 donato.
843 1108 901 1191 Est
922 1116 1048 1177 verbum

129 1199 247 1275 solutis,
271 1199 397 1263 verbum
409 1201 539 1281 gratioe,
559 1200 685 1265 verbum
703 1200 815 1278 solatii,
835 1198 961 1262 verbum
997 1219 1048 1262 eu·
1134 1240 1138 1247 -

128 1280 182 1363 dii,
204 1301 269 1345 vox
288 1284 394 1367 sponsi
416 1289 448 1347 et
468 1300 612 1364 sponsas,
633 1282 761 1346 verbum
776 1283 900 1367 bonnm,
923 1218 1049 1345 verium

128 1366 226 1447 penis,
247 1366 326 1427 sieut
347 1367 390 1429 nit
412 1364 484 1431 nea.
502 1367 555 1431 52:
579 1362 677 1440 Quem
701 1364 826 1427 iucundi
847 1364 944 1449 pedes
957 1384 1049 1429 even·

150 1446 335 1529 elinantium,
348 1447 635 1530 'evangelizantium
658 1467 784 1530 paoem,
805 1444 1049 1530 praedicantium

127 1469 220 1596 ione.
243 1531 308 1594 Lex
327 1551 402 1593 vero
415 1540 462 1592 est
481 1530 606 1593 verbum
620 1530 809 1611 perditionis,
832 1530 958 1594 verbum
974 1530 1049 1610 irus,

129 1614 256 1677 verbum
274 1614 424 1694 tristitiae,
446 1613 572 1676 verbum
583 1612 712 1692 doloris,
734 1632 796 1677 vox
818 1612 927 1677 iudieis
949 1619 982 1675 et
994 1613 1050 1695 rei,

128 1694 255 1771 uerbum
278 1694 516 1779 inquietudinis,
543 1696 669 1759 vei-bum
693 1694 865 1775 maledieti.¹
902 1695 980 1757 Nem
997 1696 1049 1757 'se-

129 1779 264 1861 eundum
286 1778 461 1863 apostolum
492 1779 551 1857 lex,
576 1786 624 1841 est
653 1780 747 1841 virtus
769 1778 904 1867 pennoti,
939 1785 971 1840 et
996 1778 1049 1841 lex

129 1866 389 1947 iremoperetur,
405 1870 452 1923 est
472 1862 526 1949 lex¹
547 1863 675 1943 mortis.¹
705 1862 755 1922 Ex
777 1856 951 1945 lege'enim
972 1860 1048 1923 nihil

128 1946 299 2026 hebernus,
322 1946 380 2006 nisi
402 1945 514 2006 mulum
536 1946 771 2024 oonsoientiom,
794 1940 964 2023 inquietum
986 1962 1049 2025 nor,

146 2029 274 2090 'evidum
287 2035 404 2110 pectus,
426 2049 445 2090 e
466 2029 544 2090 leole
556 2033 951 2110 peecatorumnostrorum‚
970 2044 1049 2106 quoe

129 2049 183 2173 iex
205 2111 349 2195 ostendit,
372 2129 430 2172 neo
452 2110 548 2192 tollit,
576 2130 635 2172 neo
656 2129 714 2185 nos
742 2109 851 2173 tollere
872 2127 1046 2190 possumus.

213 2195 265 2258 Sio
292 2197 394 2274 iteque
410 2194 519 2274 'ceptis
542 2213 579 2255 eo
601 2193 752 2270 tristibus,
787 2193 975 2270 omninoque
998 2190 1049 2252 de·

129 2279 271 2359 speretis,
293 2279 378 2339 venit
398 2278 451 2337 lux
471 2277 636 2357 evangeiii,
658 2283 691 2337 et
710 2275 857 2354 dioit**):
889 2272 993 2336 Nolite
1015 2276 1049 2335 ti·

128 2381 223 2441 mere,
245 2360 460 2438 consolemini,
483 2360 697 2438 oonsolomini,
718 2358 834 2440 popule
857 2375 953 2439 meus,
975 2375 1047 2419 oon·

127 2443 271 2505 solomini
294 2442 513 2525 pusillanimes,
534 2458 609 2507 eoos
618 2443 704 2503 Dens
725 2448 836 2521 vester,
858 2458 933 2502 eoos
948 2459 1047 2522 eguus

127 2528 197 2605 Dei,
219 2545 293 2589 eooe
316 2527 367 2607 qui
389 2526 470 2587 tollit
490 2532 620 2606 peooots
641 2524 762 2605 mundi,
794 2542 868 2586 ecoe
889 2523 1048 2604 quisolus

128 2612 238 2693 implet
258 2610 359 2691 legem
374 2628 437 2752 dm)
460 2609 558 2689 vobin,
581 2609 631 2688 qui
652 2607 751 2668 foetus
773 2615 822 2669 est
842 2607 937 2669 eDeo
959 2605 1048 2667 vobis

128 2687 252 2774 iustitie,
275 2693 371 2759 senoti
395 2693 487 2772 ostio,
509 2693 672 2772 sapientis,
695 2686 871 2771 redemptio·
884 2688 962 2770 m)
985 2706 1049 2751 om·

128 2776 234 2857 nibus,
267 2778 319 2856 qui
340 2774 469 2836 eredunt
488 2777 520 2835 in
543 2793 622 2835 eum.
649 2773 719 2835 Hoc
739 2773 952 2834 suavissimum
974 2789 1050 2832 nun·

128 2861 210 2923 oium
232 2877 301 2920 oum
324 2858 453 2919 audierit
474 2859 664 2919 oonsoientie
685 2857 862 2937 peooetrix,
883 2854 1049 2933 reviviscit,

128 2949 248 3007 estote
269 2941 403 3003 exsultet
429 2942 460 3000 in
490 2937 622 3020 tripudio
652 2939 807 3019 pleneque
825 2936 957 3018 flduoie,
987 2929 1049 2998 snm

127 3045 187 3088 neo
209 3033 354 3104 mortem,
384 3042 443 3085 nee
465 3025 566 3083 emine
598 3023 704 3083 mortis
737 3040 905 3103 poenorum
934 3033 1050 3103 genere

126 3109 281 3189 formidet,
303 3126 404 3186 neque
426 3106 586 3168 infernum.
628 3104 713 3180 Ideo,
736 3105 787 3184 qui
808 3122 926 3184 poenos
949 3101 1049 3165 edhuo

128 3195 256 3269 timent,
283 3189 420 3254 nondum
448 3189 632 3250 audiverunt
663 3186 831 3267 Christum,
853 3205 911 3248 neo
939 3205 1049 3248 vocem

128 3295 208 3336 even
233 3275 293 3352 elii,
317 3273 370 3334 sed
393 3292 504 3335 vocem
525 3273 629 3353 potius
650 3271 740 3332 Mosi.

178 3356 181 3361 '
209 3295 260 3417 iix
280 3356 343 3417 hoe
369 3357 472 3436 itaque
500 3352 663 3437 evangelio
690 3352 827 3415 nosoi'tur
855 3367 928 3415 vere
943 3352 1049 3432 'glorie

127 3443 195 3523 Dei,
219 3440 289 3501 dum
313 3438 474 3520 docemur,
496 3456 559 3500 uon
581 3437 694 3499 nostris
707 3436 862 3519 operibus,
883 3433 1050 3517 sedgretle

127 3524 298 3585 miserentis
325 3522 383 3611 Dei
410 3522 443 3583 ln
470 3520 592 3584 mrtem
620 3518 778 3604 impletum
806 3517 971 3600 legem2et
997 3518 1050 3605 im·

128 3651 292 3660 ....-—--——-

183 3722 214 3863 ii
234 3723 266 3849 i?
282 3722 426 3850 iiiiii·
446 3723 500 3862 3¹2⁸,
512 3794 585 3848 naar.
606 3793 649 3849 ro.
697 3792 766 3862 w)
788 3794 812 3845 r,
827 3790 957 3847 coeno.
976 3764 1003 3848 l.

763 3896 844 3965 te*
