2356 4200
180 294 248 362 ‘1⁹14
431 298 626 355 Momasson
644 298 752 394 Btspst
771 299 850 354 Lntlr.

185 485 242 528 saa
267 484 388 548 poenae
423 475 560 551 oessant,
592 487 650 530 neo
682 468 892 549 indulgentiae
919 470 964 529 eis
992 469 1108 549 aliquid

106 617 114 626 ,
184 557 322 630 prosunt.
356 549 444 612 Unde
459 552 559 612 solum
572 551 727 622 inertibus,
749 551 857 632 frigide
868 551 1108 631 poenitentibus,

186 631 323 693 delicatis
345 633 462 695 seilicet
481 634 711 714 pennatoribus,
739 641 810 694 sunt
831 635 1013 716 impositae,
1035 634 1107 696 ideo

185 722 219 776 et
236 716 432 778 solummodo
475 717 556 779 duris
585 725 616 778 et
641 716 869 798 impatientibus
897 716 1108 798 indulgentiae

184 799 309 879 proprie
330 799 460 860 oonoedi
483 800 633 860 videntur.

192 886 198 899 '
268 879 401 956 Quarto,
423 881 577 964 impeditis
599 883 765 944 iustissima
792 901 902 962 eausa,
928 889 963 944 ut
988 900 1108 963 poenas

184 963 263 1025 terre
280 981 344 1024 non
365 967 500 1045 possint,
530 983 593 1026 non
615 973 661 1026 est
683 964 823 1046 dubium,
857 984 920 1026 non
947 966 1108 1046 impositas

184 1046 321 1128 intelligi,
343 1054 376 1106 ut
397 1050 423 1108 sl
444 1050 514 1128 quis
535 1050 675 1129 oaptivns
697 1055 779 1108 esset
798 1049 906 1108 Turois
927 1055 959 1108 et
979 1047 1110 1108 infideli-

182 1130 258 1209 ltns,
281 1131 306 1189 si
327 1149 434 1190 servus
456 1131 584 1204 alieuius
605 1132 745 1208 Domini,
772 1132 820 1190 oui
842 1136 962 1191 tenetur
982 1130 1109 1191 obedire

186 1211 243 1272 snb
264 1222 431 1293 praesepto
453 1214 615 1298 evangelii,
637 1221 690 1274 aut
712 1215 802 1274 etism
823 1212 956 1274 debitum
972 1213 1108 1285 reddere,

185 1296 303 1356 servire
322 1297 411 1357 uxori
435 1305 466 1357 et
487 1296 597 1368 liberis,
620 1314 714 1377 opere
730 1315 885 1377 manuum,
908 1301 938 1356 et
953 1295 1107 1376 viotnml)

73 1382 79 1395 ⁸
185 1378 370 1457 quaerendo.
414 1378 476 1439 lllis
500 1381 579 1439 enim
594 1379 757 1459 impeditus
779 1397 840 1438 non
863 1386 985 1439 tenetur
1006 1398 1044 1440 ea
1065 1378 1107 1438 di-

186 1461 314 1541 mittere,
328 1462 391 1521 imo
404 1461 561 1540 tenetur2)
576 1481 613 1522 ea
627 1461 729 1521 faeere
750 1471 780 1521 et
800 1479 935 1521 oenones
958 1463 1108 1542 omittere,

186 1550 217 1604 et
230 1543 297 1604 Deo
319 1542 452 1605 obedire.
496 1544 599 1620 Quare
618 1563 676 1604 nee
698 1544 893 1604 remissiones
913 1544 1035 1618 illorqm
1056 1543 1108 1604 hs·

186 1625 238 1686 bet
258 1628 458 1705 neeessarias,
480 1645 609 1707 quorum
631 1645 693 1687 non
707 1626 763 1686 luit
778 1645 880 1707 oapax
892 1627 1108 1707 impositionis.

102 1710 106 1720 '
269 1708 396 1784 Quinto,
418 1709 545 1770 infirmis
567 1709 640 1769 nihil
662 1711 824 1789 imponunt
845 1726 991 1789 oenones,
1014 1727 1108 1769 senus

185 1809 260 1872 ergo
280 1794 454 1871 quaeritur,
484 1794 587 1872 etqui
615 1810 677 1853 non
707 1794 745 1851 sit
767 1791 805 1851 de
827 1810 953 1852 numero
977 1791 1108 1859 illorum.

77 1892 85 1901 ’
185 1877 237 1954 qui
266 1875 383 1936 dieunt:
411 1875 519 1935 Menos
548 1875 671 1935 Domini
700 1876 800 1955 tetigit
830 1893 888 1940 me.
938 1872 993 1934 His
1027 1876 1107 1935 enin

184 1976 248 2020 non
270 1959 425 2038 impositio
446 1975 632 2038 poenarum,
655 1957 709 2017 sed
731 1959 864 2017 visitatio
883 1964 913 2017 et
934 1957 1109 2017 oonsolatio

186 2040 322 2121 debetur,
345 2041 512 2101 seeundum
526 2040 600 2101 illud
613 2039 739 2100 Christi:
760 2037 901 2100 lnllrmus
922 2039 974 2110 lni,
995 2047 1028 2099 et
1045 2056 1108 2100 non

187 2125 331 2186 visitastis
353 2143 411 2185 me.
455 2123 598 2203 Alioquin
621 2123 737 2183 dieetur
757 2121 973 2202 pontificibus?
1025 2120 1108 2197 Quo

186 2208 268 2271 nisui
292 2225 381 2286 quem
404 2214 436 2267 tu
457 2207 648 2287 peroussisti,
681 2206 834 2286 persecuti
855 2212 941 2282 sunt,
965 2212 996 2264 et
1017 2223 1109 2284 super

187 2289 324 2350 dolorem
352 2290 510 2351 vulnerum
540 2307 676 2349 meorum
716 2287 904 2349 addiderunt.
965 2286 1006 2347 Et
1034 2287 1108 2347 illud

185 2371 315 2454 Job*):
359 2372 462 2448 Quare
484 2391 533 2432 nra
553 2371 770 2452 persequimini
799 2372 879 2431 siout
904 2371 1004 2446 Deus,
1034 2387 1108 2449 ergo

184 2472 247 2514 nes
266 2455 313 2515 his
334 2463 405 2515 sont
425 2456 617 2515 necessariae
639 2455 756 2513 veniae.

192 2560 195 2567 ·
271 2536 376 2617 Sexto,
398 2537 521 2599 tandem
545 2538 671 2597 mortuis
693 2542 724 2596 et
745 2536 915 2611 morituris,
937 2533 1108 2613 dequibus

187 2620 302 2681 dietum
325 2628 391 2681 est:
414 2620 507 2680 Vides
528 2637 613 2700 ergo,
634 2638 725 2698 quam
748 2618 832 2677 multi
855 2619 917 2676 sint
936 2616 1109 2691 Christiani,

188 2702 297 2783 quibus
320 2705 428 2764 veniae
450 2722 511 2763 non
535 2711 606 2762 sunt
616 2702 820 2774 necessariae,
842 2719 899 2760 nee
916 2700 1014 2762 utiles.
1049 2698 1108 2760 seo

189 2787 229 2846 ad
251 2786 479 2847 oonolusionem
502 2785 624 2845 tandem
642 2794 787 2861 revertor,
809 2791 843 2842 ut
856 2783 935 2842 hano
951 2783 1108 2842 materiam

188 2868 354 2948 aliquando
375 2868 494 2946 liniam,
517 2876 547 2928 et
568 2869 693 2947 proprio
716 2885 769 2926 eos
793 2865 905 2925 lodiam
928 2864 1042 2944 gladio.

271 2951 399 3012 Oonstat
419 2951 501 3032 apud
524 2952 631 3010 dmnes
653 2952 683 3009 in
702 2949 842 3026 eeclesia,
865 2948 947 3026 quod
965 2949 996 3007 in
1009 2965 1110 3028 agone

189 3042 221 3093 et
241 3035 368 3095 articulo
391 3037 496 3095 mortis
518 3032 643 3112 quilibet
663 3030 809 3091 sacerdos
830 3049 913 3110 papa
934 3039 999 3108 est,
1036 3048 1109 3110 ergo

189 3118 293 3177 omnia
320 3119 444 3178 remittit
471 3118 627 3177 morituro.
677 3113 768 3190 Quod
798 3115 823 3173 si
846 3112 932 3173 deest
953 3112 1110 3188 saeerdos,

188 3210 272 3260 oerts
294 3207 397 3260 votnm
420 3200 539 3278 suffieit,
555 3216 649 3278 quare
667 3196 823 3257 absolutus
841 3205 888 3256 est
903 3194 941 3255 ob
956 3195 1109 3269 omnibus,
1160 3232 1168 3247 =

189 3281 334 3361 quibusa
355 3303 437 3364 papa
458 3289 560 3363 potest
581 3279 709 3358 absolvi,
731 3297 806 3359 ergo
827 3277 1038 3358 indulgentiae
1060 3276 1109 3337 de·

66 3393 69 3398 ·
187 3365 299 3426 innotis
318 3365 392 3427 nihil
414 3363 589 3439 oonlerre³)
614 3362 754 3423 videntur
774 3379 912 3442 prorsus,
934 3379 1005 3421 eum
1028 3360 1110 3440 qnie-

189 3546 607 3561 m*—

247 3666 278 3728 1)
305 3664 388 3718 rua:
419 3620 498 3716 una
538 3661 662 3724 arrum.
687 3661 776 3716 deest:
808 3667 924 3721 nnete.
970 3659 1003 3728 s)
1026 3658 1109 3714 rma:

190 3737 316 3789 conferri.

244 3807 270 3876 ⁸)
288 3804 350 3861 Job.
371 3808 412 3862 19.
