2356 4200
127 282 190 351 464
296 282 389 353 Epist.
404 281 437 336 Ι).
456 282 535 337 Mart.
555 283 634 338 luth.
649 281 691 366 ad
709 283 829 335 Leonem
848 276 884 334 Χ.

129 475 190 538 quo
212 453 439 533 intelligantst
459 458 657 528 moveantur,
691 456 724 510 ut
753 451 929 525 Romanam
957 450 1049 511 eccle

51 599 54 604 ,
127 544 203 602 siam
241 555 316 618 pure
359 533 478 611 colant,
522 540 553 593 et
588 552 651 594 non
688 533 809 594 illorum
848 535 1049 596 temeritatem

127 623 199 684 huic
219 623 386 699 imputent,
419 634 519 694 neque
548 635 647 677 meam
675 617 874 695 asperitatem
898 617 1052 679 imitentur

129 706 276 766 adversus
299 701 472 762 Romanam
495 699 679 777 ecclesiam,
714 718 776 779 qua
797 717 856 780 ego
879 718 959 760 usne
976 719 1051 776 sum,

127 791 191 849 imo
218 786 348 859 abusus,
389 788 421 843 et
442 784 562 842 excessi
591 783 739 843 adversus
762 783 947 845 Balatrones
969 784 1052 858 istos,

129 873 235 951 siqua
257 865 380 928 tandem
404 866 503 946 gratia
518 865 584 942 Dei,
606 866 655 924 vel
678 884 715 926 eo
739 865 840 927 studio
863 884 984 928 rursum
1002 883 1052 928 *so-

128 956 186 1035 piri
216 956 311 1032 queat
339 950 474 1009 excitata
505 947 668 1009 discordia.
700 948 779 1009 Nam
810 951 935 1010 unicum
964 967 1052 1011 ame

129 1018 301 1117 quaesitum
324 1038 380 1109 est,
402 1051 442 1091 ne
453 1032 602 1091 avaritiae
622 1031 743 1092 alienae
764 1027 916 1093 foeditete
938 1031 1051 1113 pollue·

129 1127 214 1180 retur
246 1115 380 1177 ecclesia
400 1115 542 1175 Romana
564 1122 661 1174 mater
681 1119 804 1190 nostra,
835 1131 933 1175 neve·
947 1113 1052 1195 populi

128 1201 347 1264 seducerentur
368 1198 399 1256 in
412 1215 558 1273 errorem,
582 1203 614 1257 et
625 1199 784 1258 ceritatem
799 1196 959 1259 discerent
972 1203 1053 1278 post

127 1283 242 1347 habere
266 1280 479 1360 Indulgentiis.
513 1279 623 1341 Cetera
651 1282 763 1356 omnia,
785 1286 819 1341 nt
840 1287 914 1342 sunt
935 1287 1053 1345 neuun

128 1367 180 1443 lia,
202 1386 221 1426 a
244 1383 292 1424 me
314 1363 402 1423 vilius
425 1364 644 1441 aestimantur,
674 1365 699 1424 si
722 1370 825 1424 autam
848 1370 880 1424 et
902 1363 1053 1445 pluuia·
1115 1378 1117 1387 ·

129 1469 199 1510 cere
221 1453 331 1529 potero
353 1452 407 1505 aut
429 1464 618 1527 cognovero,
641 1448 708 1507 sinc
726 1446 819 1508 dubio
841 1448 1053 1526 paratissimus

128 1551 192 1593 ero.
233 1529 368 1592 christus
413 1536 516 1589 servet
556 1529 780 1591 Beatitudinem
819 1534 905 1590 tuam
942 1531 973 1590 in
1007 1548 1052 1590 aa

128 1621 474 1775 termitlriqunAldenburgo
497 1694 545 1754 lIl.
568 1694 685 1769 Martii,
707 1695 798 1754 Anno
820 1695 986 1757 taoxlx.

360 1903 559 2024 Epistola
570 1907 617 2018 a)
636 1903 828 2001 ‘Erasini

128 2108 176 2169 ad
216 2106 535 2169 Illustrissimum
569 2104 606 2166 D.
640 2104 903 2183 Friesemann,
940 2105 1053 2168 Saxo

420 2189 508 2248 niae
531 2188 677 2248 Ducem
698 2194 756 2248 etc.

128 2306 482 2402 IllustrissinioPrincipi
499 2323 666 2397 Frideriom
688 2323 765 2383 Duci
781 2322 950 2398 Saxoniae,
973 2322 1055 2388 Sacri

23 2423 25 2426 ·
130 2407 250 2487 Imperii
271 2405 427 2482 Electori,
449 2404 602 2475 Erasmus,
622 2405 795 2467 celsitudini
817 2411 890 2467 tuac
913 2406 1055 2468 addictis·

328 2489 423 2548 simus
446 2489 575 2548 salutem
597 2508 635 2549 ac
655 2489 842 2550 facilitatem.
1041 2482 1047 2515 ¹

215 2643 423 2705 lllustrissime
451 2641 613 2724 Princeps,
648 2644 769 2702 tametsi
797 2643 870 2703 mihi
898 2662 1052 2735 nunquam

184 2853 211 2912 a)
232 2851 367 2904 Redditus
380 2857 523 2904 esttextns
541 2852 622 2905 huius
635 2852 908 2920 epistolaeaxlibro,
927 2856 1055 2920 quiante

129 2922 460 2992 disputationcmLipsiae
473 2924 597 2976 habitam
616 2940 668 2976 nec
686 2924 748 2976 loeo
769 2940 819 2977 nec
837 2939 912 2978 anno
930 2925 1054 2979 iudicato

130 2994 202 3059 typis
222 3009 342 3046 excusus
361 2997 390 3048 in
412 2994 511 3062 vulgus
531 2997 599 3047 exiit
619 3002 646 3048 et
664 2997 740 3047 cuius
759 2994 853 3049 titulus
873 2995 919 3052 hic
937 3001 997 3051 eat:

200 3062 336 3118 Contenta
352 3069 380 3118 in
400 3067 453 3118 hoo
471 3065 579 3119 libello:
600 3067 708 3118 Erasmi
728 3066 909 3120 Roterodami
927 3064 1055 3136 Epistola

129 3134 164 3186 ad
182 3135 281 3189 illustr.
302 3138 455 3204 Principem
476 3154 508 3189 ac
526 3137 632 3190 Ducem
645 3138 782 3195 Saxoniae
802 3143 853 3191 etc.
872 3134 1052 3192 fridericum.

127 3206 283 3261 Positionaa
304 3209 420 3260 loannis
439 3209 518 3261 Eelrii
546 3209 734 3262 scholasticae.
763 3210 919 3261 Positiones
943 3209 1054 3262 Martini

125 3277 245 3332 Lutharii
276 3279 459 3350 theologicae.
491 3280 689 3333 conclusiones
708 3279 837 3332 Andreae
867 3279 1053 3335 cereiostadtl

128 3347 312 3418 theologicae.
350 3352 392 3402 Ad
412 3352 554 3404 lectorem.
576 3353 668 3405 Habes
687 3353 752 3418 hie,
771 3352 863 3405 lecton
877 3355 1000 3420 optim.
1020 3352 1053 3409 ud

125 3420 267 3477 illusffise.
289 3424 428 3477 Saxoniae
447 3424 554 3488 ducem,
574 3425 655 3476 Rom.
675 3427 741 3492 imp.
757 3424 916 3487 electorem,
935 3423 1054 3482 Frideri·

125 3508 203 3557 wm,
223 3493 468 3560 prudentissimum
488 3497 655 3563 principem,
678 3496 788 3550 Erasini
807 3495 973 3553 aeternam
990 3513 1053 3569 pru·

126 3561 280 3620 doctissimi
300 3568 442 3634 scriptoris
462 3567 627 3634 epistolam,
656 3582 711 3639 qua
741 3568 783 3618 vir
800 3566 849 3620 ille
867 3583 932 3620 vere
947 3568 1054 3623 theolo-

125 3649 178 3706 gus
203 3637 406 3705 benignissimo
438 3638 594 3691 studiorum
618 3637 920 3706 Maecenati,primnm
959 3639 1054 3692 literas

125 3706 256 3759 meliores
277 3722 424 3778 earumque
435 3711 608 3778 professores
629 3705 814 3775 commendat,
835 3708 1055 3765 dclndaliartiul

69 3801 74 3819 ·
124 3775 247 3833 huno
264 3793 376 3835 sensum
395 3782 492 3850 paneis
503 3783 642 3852 attingens
661 3782 690 3835 in
701 3794 734 3836 ra
751 3781 917 3850 scrupulosa
934 3783 977 3836 sic
994 3798 1054 3838 rer»
