2356 4200
170 244 233 318 200
494 249 642 306 Sermones
661 249 772 306 lutheri

173 431 229 506 est,
252 423 334 504 quod
356 423 442 484 multi
465 429 496 483 et
517 424 621 504 magni
643 442 705 483 non
728 425 795 483 taut
795 418 846 485 um
863 421 999 483 efficiunt
1008 419 1092 503 apud

143 541 146 548 ·
175 509 326 590 superbos
348 514 379 568 et
400 507 554 587 sapientes
578 513 608 567 et
629 508 736 584 iustos,
759 512 904 584 quantum
915 525 995 565 uuus
1007 504 1092 565 selus
1171 504 1176 509 ’

168 599 206 653 ,et
217 610 346 672 exiguus
368 590 450 671 apud
472 590 636 650 stultost
605 596 636 649 et
656 595 766 669 peceat
767 608 845 649 ores.
877 588 1004 649 Namet
1014 588 1091 648 -ssPau

174 675 222 735 lus
245 681 364 735 eeteros
387 672 548 754 apostolos
569 691 699 753 magnos
729 677 836 742 vocat
868 691 902 733 ee
933 672 1092 732 minimum

174 764 265 854 apest
253 757 387 818 telorum
408 755 483 816 dicit
505 755 544 817 ad
567 756 654 817 Oor:
694 754 773 829 Quid
795 743 894 815 miuus
907 754 1092 840 ieeiamag

173 841 221 901 uis
248 839 421 922 apostolis?
463 838 503 898 ut
531 859 636 899 verum
666 839 716 916 qui
750 842 821 897 suut
847 845 1092 918 supermontem

173 923 319 1004 apastoli
341 929 372 983 et
360 921 432 983 tad
455 921 602 982 Galatas:
626 920 705 982 Nam
726 920 774 997 hi,
802 922 853 999 qui
873 921 988 1000 aliquid
1009 919 1093 981 vide

173 1006 283 1068 bantur
305 1005 412 1085 quales
433 1005 563 1082 suerint
597 1003 673 1064 nihil
701 1023 771 1064 mea
797 1004 933 1065 interest.
912 1003 1093 1065 lOmues

175 1091 256 1150 enim
283 1088 416 1169 apostoli
446 1088 536 1147 simul
559 1106 675 1168 pauaos
704 1086 841 1146 ludaeos
875 1093 1095 1167 eenverterunt

175 1178 207 1233 et
228 1172 324 1233 multe
347 1178 503 1251 tempere3
530 1169 584 1230 sed
608 1169 718 1230 Paulus
740 1169 885 1249 plurimas
908 1177 1016 1250 gentes
1045 1188 1093 1230 su·

176 1255 222 1315 lus
255 1260 286 1315 et
315 1253 400 1314 brevi
429 1260 578 1334 tempere.
628 1253 725 1332 Igitur
746 1253 797 1312 hia
818 1253 877 1312 nisi
899 1252 952 1312 dat
941 1260 988 1312 tus
1010 1244 1095 1312 esset

175 1337 336 1414 ecelesiae,
360 1336 452 1396 aeteri
475 1356 537 1397 nou
561 1335 755 1395 suffecissent
807 1335 925 1416 Dignus
946 1334 1093 1396 itadilea

176 1421 315 1481 tioneet
303 1419 461 1480 thenore
494 1419 674 1498 praesertim
703 1417 884 1492 doctorum,
917 1418 990 1478 lieet
978 1417 1093 1498 tplus

175 1522 257 1563 nune
294 1508 412 1562 ametur
447 1503 564 1580 passim
596 1501 788 1562 Aristoteles.
842 1500 939 1564 Nulla¹
973 1500 1095 1561 videtur

174 1604 280 1663 eausa,
302 1604 392 1664 quani
417 1584 499 1662 quod
521 1586 606 1645 venit
627 1584 679 1642 lux
701 1584 732 1644 in
755 1583 901 1643 mundum
923 1589 954 1645 ιιι
979 1583 1094 1644 dilexe-

173 1674 243 1727 runt
263 1668 404 1729 homines
426 1667 570 1728 tenebras
591 1667 661 1748 plus
683 1670 774 1746 quam
796 1667 905 1727 lueem.

566 1894 712 1989 Sermo

317 2093 407 2179 qu.
429 2093 478 2153 Ill.
502 2089 746 2174 pest'Epiphau.
768 2112 797 2154 a.
820 2090 957 2175 lew]
1033 2153 1036 2156 .

257 2258 348 2317 Venti
377 2265 407 2318 et
434 2275 518 2316 mare
541 2257 688 2318 obediunt
709 2259 746 2320 ei.
770 2258 875 2320 Matth.
898 2257 927 2322 8.
972 2258 1096 2318 Certum

174 2346 227 2399 est
244 2358 327 2400 mare
348 2342 379 2399 in
401 2339 461 2399 hoe
485 2340 840 2421 evangelio-significare
858 2342 1014 2418 muudum,
1036 2340 1098 2401 hee

112 2419 122 2434 “
174 2429 222 2481 est
245 2423 307 2482 vita
329 2423 389 2482 ista
414 2423 561 2501 inquieta,
584 2423 732 2484 instabilis
752 2430 783 2483 et
804 2425 993 2484 transitoria:
1023 2429 1097 2483 tem·

174 2512 280 2584 pestes
303 2512 334 2564 et
355 2506 436 2564 venti
416 2507 516 2584 tipsi
538 2513 675 2567 rectores
697 2505 906 2586 tenebrarum,
929 2508 1015 2586 spirit
1003 2505 1098 2566 tualia

174 2588 360 2666 nequitiae'
353 2607 384 2647 ru
406 2587 610 2648 coelestibus:
633 2590 719 2649 navis
741 2589 874 2649 eeclesia
894 2596 934 2650 et
947 2594 1099 2686 quotquot

99 2720 103 2729 ,
175 2688 278 2729 sumus
306 2671 336 2729 in
366 2690 438 2730 vera
460 2669 538 2748 lide,
567 2672 629 2732 ime
659 2673 727 2751 ipsa
754 2670 831 2732 fides
860 2674 946 2732 navis
976 2677 1050 2748 est·
1065 2673 1097 2731 in

77 2804 81 2811 .
175 2771 236 2832 qua
264 2752 400 2812 Christus
428 2759 488 2830 est,
522 2772 600 2832 quae
632 2754 775 2834 perieulis
806 2762 934 2814 vexatur
955 2754 1097 2814 assiduis.

174 2836 261 2910 Quae
288 2855 357 2894 eum
378 2836 421 2895 ita
443 2837 517 2912 sint
550 2843 583 2896 ut
609 2855 738 2897 neeesse
767 2838 806 2896 sit
834 2857 890 2897 nes
922 2856 1045 2917 semper
1065 2837 1096 2895 in

175 2918 318 2998 perieulis
344 2920 469 2993 versari,
491 2882 599 2978 beatus
622 2919 674 2980 ille
696 2920 747 2998 qui
769 2921 862 2979 sentit
881 2939 937 2978 sua
952 2919 1098 2998 pericula,

175 3000 291 3078 infelix,
314 3002 364 3078 qui
387 3001 471 3060 nulla
493 3003 595 3074 sentit,
617 3020 680 3061 non
703 3003 753 3080 qui
776 3003 861 3062 nulla
878 3001 1005 3063 habea't:
1028 3020 1096 3061 eum

176 3101 237 3144 non
262 3085 301 3142 sit
322 3083 415 3142 homo
437 3082 516 3143 ullus
539 3084 605 3143 siue
632 3084 769 3164 plurimis
798 3085 1000 3163 maximisque
1020 3085 1098 3164 peri·
1123 3150 1127 3157 ,

177 3166 263 3225 aulis.
307 3164 367 3225 Sed
392 3173 423 3225 et
445 3185 506 3225 uun
530 3165 615 3226 videt
636 3187 670 3226 se
691 3167 721 3226 in
745 3168 902 3245 perieulis,
932 3169 994 3228 ime
1018 3177 1098 3228 mer*-

178 3256 246 3307 tuus
269 3255 300 3306 et
321 3248 495 3307 submersus
519 3256 566 3307 est
585 3250 614 3308 ιιι
632 3248 784 3328 perieulis.
824 3249 903 3324 Quia
919 3251 997 3309 sieut
1013 3248 1099 3309 nulla
1139 3248 1145 3260 ¹

175 3332 306 3390 tentatio
331 3337 378 3390 est
400 3331 514 3409 duplex
538 3333 681 3402 tentatio,
703 3333 765 3392 imo
789 3333 931 3392 universa
952 3333 1097 3392 tentatie:

177 3414 220 3471 ita
242 3413 357 3472 nullum
386 3413 553 3492 perieulum
583 3421 630 3474 est
659 3416 824 3474 maximum
858 3416 993 3474 omnium
1020 3416 1098 3493 peri·

178 3496 289 3573 aulum,
313 3501 345 3553 et
366 3515 485 3556 summa
501 3498 647 3557 securitas
662 3515 782 3558 summa
798 3499 937 3574 tentatio,
960 3498 1099 3557 summae

176 3579 300 3637 divitiae
322 3597 441 3638 summa
461 3580 575 3658 inopia,
598 3581 677 3639 sieut
698 3579 823 3640 dieitur:
847 3599 966 3640 sumnia
983 3581 1100 3640 iue'lilia

366 3699 596 3707 -α--ι--οο-η--ι-

231 3743 261 3811 q
282 3745 426 3800 uaesana.
445 3746 466 3812 1,
487 3746 538 3802 ιιι
555 3761 615 3815 sqq.
655 3709 760 3798 uuas.
779 3745 838 3814 au,
857 3745 929 3801 aem
947 3717 1015 3813 sqq(
