2356 4200
174 284 237 354 208
496 282 644 343 Sermones
663 283 800 342 liuthari.¹

87 487 90 497 ·
132 528 137 535 ¹
176 458 234 518 nisi
252 464 336 518 certo
353 457 491 536 praemio
507 457 640 518 vendere
661 458 832 519 voluerunt.
862 456 995 519 Secundi
1016 457 1097 516 aimi-

175 541 246 602 liter
273 560 335 602 non
364 540 439 600 nihil
467 560 536 601 aeae
564 561 632 601 esse
663 541 799 603 arbitrati
826 541 964 622 praemio
985 540 1098 620 dignos

176 642 211 685 se
231 629 459 703 reputaverant.
503 623 597 684 Tertii
626 632 657 684 et
679 618 776 703 qudrti
807 624 856 683 vel
884 623 1023 683 similiter
1047 620 1099 703 (ut

176 714 279 767 textus
302 705 409 786 docet)
434 708 605 786 praemium
627 713 858 788 spectaverunt,
881 714 947 783 aut,
971 712 1004 765 ut
1024 705 1099 782 dixi,

79 862 82 869 Ι
175 809 238 850 nou
261 790 319 849 nisi
336 790 569 850 insaifecerunt.
598 789 642 848 ·Hi
664 809 738 850 vero
762 788 857 850 libere
880 791 946 849 sine
968 789 1098 868 praemii

176 873 312 950 nomine,
334 874 460 951 insuper
481 892 549 931 curn
572 872 685 952 gaudio
709 873 777 952 plus
800 892 891 950 quem
914 870 1099 931 iubebantur

176 955 287 1033 lbcere,
309 957 371 1015 imo
391 954 542 1034 dolentes,
566 955 649 1034 quod
663 975 725 1015 non
741 958 780 1015 sit
792 957 843 1034 qui
860 954 972 1033 iubeat,
997 974 1097 1033 prom

177 1039 286 1098 tissimi
309 1039 433 1099 scilicet.
944 1074 947 1079 ·

260 1121 301 1181 Et
321 1122 378 1181 hoa
398 1121 512 1201 gradus
535 1123 743 1200 operariorum
773 1120 957 1181 credendum
991 1126 1038 1179 est
1068 1121 1097 1178 in

178 1205 309 1266 ecelesia
330 1223 451 1283 semper
472 1223 679 1285 perseverare.
710 1205 787 1265 Sunt
808 1206 889 1263 enim
912 1202 1100 1278 sacerdotes,

178 1289 230 1367 qui
252 1305 332 1366 opus
354 1286 411 1346 Dei
434 1287 549 1347 faciunt
570 1288 625 1347 snb
648 1294 732 1347 cerlo
754 1287 857 1365 lucro,
887 1306 1015 1365 quorum
1036 1285 1099 1364 ple·

178 1391 235 1430 nus
257 1389 338 1429 nnnc
361 1376 442 1429 totus
465 1382 513 1431 est
535 1370 681 1430 mundus:
718 1370 769 1429 alii
793 1375 846 1445 (ut
868 1367 1097 1450 mendicantes)

178 1452 234 1513 sub
256 1454 391 1529 incerte,
415 1453 465 1512 alii
489 1453 610 1532 quidem
634 1472 732 1512 vanae
754 1452 872 1532 gloriae
894 1453 962 1511 zelo
986 1451 1098 1510 ducun-

168 1542 241 1614 tur,
275 1535 327 1595 alii
350 1538 406 1595 sua
426 1537 585 1616 voluptate
607 1535 723 1595 faciunt
742 1537 773 1594 in
796 1535 908 1595 Christi
938 1535 1101 1614 mysteriis,

178 1626 210 1679 et
226 1618 429 1699 reprobantur
443 1621 473 1680 in
493 1627 623 1698 quatuor
636 1619 807 1699 generibus.
842 1619 1008 1678 Novissimi
1024 1635 1100 1677 vero

179 1703 302 1782 sincera
321 1700 379 1760 Dei
402 1701 568 1762 dilectione
589 1701 777 1780 praedicant,
800 1702 881 1762 ethi
903 1700 987 1761 brevi
1011 1718 1100 1758 cursu

178 1783 324 1846 hrabeum
353 1793 612 1870 consequuntur„
632 1792 664 1844 ut
687 1805 756 1844 vere
789 1784 938 1844 hodierna
967 1781 1101 1862 epistole

179 1868 267 1929 dicit:
312 1867 427 1928 Omnes
459 1866 581 1947 quidem
612 1875 750 1946 currunt,
787 1866 841 1927 sed
879 1886 957 1925 unus
975 1864 1102 1943 'accipit

178 1949 334 2013 brabeum,

262 2031 323 2094 Sed
367 2035 489 2094 omissis
522 2031 696 2112 profundis*
720 2032 942 2113 intelligentiae
982 2031 1102 2111 abyssis

178 2136 269 2192 uuam
294 2114 459 2178 educamus
473 2116 654 2194 doctrinam,
677 2115 758 2194 quod
782 2135 824 2175 sc.
847 2114 1001 2174 humilitas
1024 2113 1101 2188 sola,

178 2202 258 2261 sicut
278 2199 407 2279 ubique,
435 2203 479 2260 ite
507 2205 537 2258 et
562 2199 623 2258 hoe
650 2199 811 2278 evangelio
835 2198 923 2258 nobis
947 2215 1101 2257 commen-

179 2282 278 2343 datur.v
311 2283 388 2342 Nam
411 2284 500 2362 primi
523 2283 581 2340 nisi
603 2282 731 2341 fuissent
752 2281 892 2360 superbi,
916 2299 977 2341 non
996 2281 1100 2357 utique

177 2378 428 2446 murmurassent,
451 2384 550 2444 neque
569 2366 667 2443 questi
689 2364 826 2443 fuissent,
849 2362 932 2443 quod
954 2365 998 2422 eis
1011 2380 1101 2442 pares

179 2449 300 2528 feeerit,
339 2450 389 2527 qni
419 2451 516 2508 minna
557 2447 706 2507 fecerant:
750 2449 813 2507 irno
844 2466 901 2506 nec
935 2448 1102 2505 iactassent
1129 2505 1138 2515 ,

181 2551 257 2612 opus
293 2552 399 2608 snum,
434 2530 554 2611 pondus
592 2549 632 2592 sc.
669 2530 730 2590 diei
763 2537 794 2589 et
825 2536 938 2590 aestus.
992 2527 1099 2587 Talem

180 2614 352 2695 superbiam
396 2635 522 2674 neeesse
561 2621 608 2674 est
639 2612 744 2672 baberi
774 2613 813 2673 ab
847 2613 988 2672 omnibus
1017 2612 1101 2670 iusti-

180 2698 292 2777 tieriis,
337 2701 387 2776 qni
428 2700 606 2778 ignorantes
641 2697 698 2756 Dei
737 2697 865 2776 gratiam
904 2715 990 2755 sunm
1031 2710 1101 2753 esse

179 2788 394 2863 praesumunt,
416 2780 559 2859 quicquid
582 2788 712 2859 possunt
734 2786 765 2837 et
786 2779 915 2856 faciunt,
945 2785 976 2836 et
996 2777 1100 2836 Domi·

178 2885 252 2925 num
293 2864 406 2925 debere
450 2863 585 2923 indicare
622 2882 683 2922 non
725 2861 891 2920 secundum
930 2861 1100 2920 bonitatem

180 2968 281 3026 suam,
306 2947 359 3008 sed
382 2945 549 3007 secundum
570 2944 692 3025 pondus
716 2935 841 3024 operum
864 2962 998 3003 snorum.
1040 2940 1099 3002 sed

181 3033 232 3112 qui
254 3032 382 3112 gratiam
406 3031 567 3109 cognovit,
604 3028 677 3088 nihil
712 3030 850 3105 miratur,
886 3028 911 3085 si
945 3026 1027 3085 Deus
1049 3024 1102 3083 dat

179 3116 348 3195 praemium
370 3113 498 3193 aequale
520 3131 576 3192 pro
601 3110 728 3171 modicis
756 3118 786 3170 et
809 3111 927 3190 magnis
946 3109 1101 3187 operibus.

180 3199 319 3277 Denique
341 3214 470 3256 necesse
491 3203 552 3271 est,
582 3202 616 3254 ut
636 3192 809 3253 huiusmodi
827 3192 967 3252 homines
989 3190 1102 3250 cadant

179 3283 210 3342 in
234 3281 355 3342 oculum
378 3280 544 3360 malignum
568 3286 600 3337 et
610 3276 808 3336 invidentiam
828 3276 955 3355 praemii
973 3275 1100 3354 gratiae.

179 3363 233 3426 Sic
252 3365 303 3424 hic
325 3362 447 3422 dicitnr:
491 3362 538 3420 An
562 3361 668 3421 oculus
691 3366 759 3419 tuus
781 3376 912 3437 nequem
936 3363 999 3433 est,
1031 3358 1102 3434 qnia

181 3465 241 3529 ego
264 3447 363 3508 bonus
385 3465 462 3522 sum,
484 3446 570 3524 quasi
593 3443 718 3519 diceret,
744 3442 864 3501 bonitas
888 3458 958 3500 mea
976 3442 1007 3499 in
1021 3438 1101 3498 alios

180 3530 263 3608 lacit,
285 3537 318 3588 ut
337 3536 369 3588 tu
390 3528 528 3587 invideas
550 3528 604 3586 eis.
636 3525 731 3606 Igitur
752 3530 962 3603 non'operum
985 3522 1101 3603 magni·

180 3612 303 3690 tudine,
337 3629 394 3671 nee
421 3612 602 3670 iustitiarum
631 3608 756 3684 labore,
783 3600 840 3666 ‘aed
867 3606 936 3666 sola
962 3605 1101 3665 bonitate

234 3693 412 3757 'tilicstionia
445 3694 502 3753 Dei
540 3693 756 3770 consequimur
794 3708 886 3749 omne
923 3689 1101 3768 praemium.

182 3716 264 3856 gibid
293 3796 367 3858 ergo
400 3776 555 3856 superbis,
588 3792 607 3835 o
635 3774 751 3835 ho'mo‘?
795 3770 875 3846 Quid
896 3771 935 3831 ad
959 3779 1005 3851 te,
1042 3773 1102 3850 cui,
