2356 4200
166 270 229 336 334
438 302 442 319 ·
481 272 647 342 Dsdupliei
663 273 768 327 iustitia

165 440 248 519 lenit,
268 458 332 501 non
353 441 442 502 aliter
462 459 576 522 agens,
601 457 692 519 quam
718 440 744 500 si
772 459 830 503 sna
853 449 964 504 assent
984 444 1085 504 omnia

165 524 227 585 ista
247 523 344 602 mala,
374 543 454 603 quae
482 531 589 585 nostra
615 528 713 585 erant.
760 524 868 603 ltaque
896 545 994 606 snper
1019 545 1085 587 sess

164 608 288 687 ssoepit
307 616 436 687 peoeata
457 613 565 667 nostra
584 610 749 686 etpoenas
761 614 896 686 nosnos,
915 615 950 671 et
971 609 1038 689 agit
1055 616 1087 671 nt

167 688 306 751 sinuaret
326 709 364 751 ea
384 697 531 769 tanquam
552 687 610 750 sibi
630 689 700 768 ipsi,
722 708 791 749 oum
813 695 918 751 tamen
936 691 1032 753 nobis
1052 711 1087 752 ss

166 772 311 853 vinceret.
354 773 400 833 lta
426 791 495 833 oum
524 776 607 832 esset
635 778 779 850 respeotu
805 775 902 833 nostri
930 774 1020 853 talis,
1056 782 1088 837 at
1154 832 1157 849 ,

165 855 250 919 Deus
278 864 384 917 noster
412 874 481 917 esse
509 862 542 916 et
556 854 707 915 Dominus
734 872 804 916 esse
825 863 952 936 posset,
985 864 1087 919 tamen

164 939 210 1001 ita
229 938 337 1018 noluit,
360 938 414 1001 sed
431 957 537 999 servus
551 938 654 1017 potius
675 935 741 998 fieri
762 938 860 999 voluit
872 946 992 1017 noster,
1011 942 1088 1001 siout

165 1020 208 1083 ad
221 1021 330 1083 noma.
354 1025 408 1086 lo:
427 1020 500 1082 Non
522 1019 669 1081 debemus
691 1020 782 1083 nobis
803 1021 944 1100 planare,
974 1020 1088 1085 stsm'in

167 1102 305 1167 (lhristus
327 1103 469 1166 nonsibi
491 1103 615 1182 placuit,
637 1101 692 1163 sed
714 1104 792 1164 siout
811 1105 960 1184 soripbrm
982 1103 1086 1189 est*):

164 1185 357 1268 Improperia
393 1187 665 1266 improperantium
698 1184 753 1248 tibi
787 1186 967 1248 oeoiderunt
998 1203 1088 1270 snper

166 1288 227 1349 ms,
249 1289 328 1348 qnae
347 1275 396 1329 est
415 1268 525 1330 eadem
547 1269 700 1330 sententia
720 1287 790 1329 oum
810 1268 981 1349 praediola.

250 1353 299 1412 Ex
319 1353 379 1412 isto
402 1353 553 1432 sequitur,
585 1350 669 1430 quod
691 1353 750 1411 ista
771 1353 918 1413 autoritas
940 1355 1086 1435 negative

167 1433 262 1498 (lebet
281 1434 427 1514 intelligi,
455 1433 657 1514 quammulti
684 1433 864 1495 affirmativa
891 1442 1087 1517 aooaperunt,

167 1512 301 1595 subest,
332 1517 417 1597 quod
439 1517 575 1578 Christus
603 1535 666 1577 non
694 1517 855 1578 arbitratus
876 1525 931 1579 -est
963 1538 1000 1580 se
1021 1538 1088 1581 asse

166 1599 328 1679 aequalem
349 1600 435 1678 Deo,
461 1599 494 1661 id
515 1607 579 1675 est,
606 1599 707 1660 noluit
728 1619 798 1661 asse
817 1601 976 1680 aequalis,
1003 1610 1039 1663 nt
1056 1600 1089 1663 lit

190 1700 225 1745 οι·
239 1701 311 1760 eos,
336 1684 389 1763 qui
409 1682 441 1743 id
461 1684 584 1763 rapiunt
604 1701 659 1761 per
686 1682 875 1762 superbiam,
904 1685 959 1762 qui
986 1685 1090 1747 dicam

167 1702 253 1827 boo:
278 1765 313 1828 si
339 1785 402 1826 non
431 1765 553 1827 dederis
584 1769 637 1839 (nt
656 1770 701 1826 ait
720 1766 756 1826 B.
775 1765 992 1849 Bernbardus)
1018 1767 1088 1829 mibi

167 1847 299 1929 gloriam
319 1854 413 1927 tuam,
433 1850 566 1929 ipsemet
586 1846 660 1908 mihi
686 1848 851 1928 usurpabo.
891 1848 965 1910 Non
987 1859 1088 1913 autam

168 1929 349 1993 affirmativa
371 1933 429 1993 sio:
450 1931 521 1993 Non
544 1928 707 1992 arbitratus
728 1939 776 1992 est
796 1950 911 1992 seesse
926 1933 1087 2013 assumam

167 2014 253 2093 Deo,
272 2014 306 2075 id
328 2020 390 2092 est,
416 2013 500 2093 quod
523 2019 606 2074 esset
626 2014 765 2093 aequalis
786 2014 869 2092 Deo,
896 2012 930 2075 id
951 2035 1017 2077 non
1039 2036 1088 2097 pn·

73 2112 76 2117 ·
168 2098 246 2159 tavit
280 2100 429 2178 rapinam.
478 2096 565 2157 Haeo
600 2097 680 2157 enim
715 2098 868 2159 sententia
897 2116 962 2159 non
998 2099 1089 2162 hebet

164 2190 271 2260 aptam
308 2180 554 2261 intelligentiam,
592 2180 726 2259 loquitur
765 2181 847 2240 enim
885 2179 925 2241 de
966 2180 1087 2245 Christo

166 2263 302 2325 bomine.

250 2346 420 2426 Apostolus
440 2345 473 2407 id
495 2345 574 2422 vult,
607 2351 641 2405 ut
662 2346 773 2426 singuli
794 2344 959 2406 Christiani
989 2367 1088 2409 exem

167 2429 222 2510 plo
244 2429 357 2493 christi
386 2428 463 2490 fiant
489 2428 614 2490 alterius
641 2431 736 2506 servi,
763 2435 795 2489 et
819 2429 845 2488 si
874 2428 947 2507 quid
976 2430 1088 2493 habent

164 2513 347 2593 sapientiae,
369 2512 420 2573 vel
431 2513 575 2588 iustitiae,
597 2512 647 2572 vel
666 2512 833 2591 potentiae,
855 2511 965 2590 quibus
981 2515 1087 2575 ueteris

168 2597 289 2676 possint
309 2601 466 2675 praestare
492 2600 524 2655 et
544 2594 685 2675 gloriari,
716 2601 861 2675 tanquam
889 2594 1000 2656 formis
1021 2596 1086 2674 Dei,

160 2697 232 2741 mon
251 2679 312 2740 boo
333 2683 466 2756 servent,
486 2676 541 2739 sed
562 2679 593 2739 in
615 2678 714 2738 Deum
736 2677 884 2754 referant,
907 2683 939 2737 at
961 2680 1085 2741 omnino

168 2760 258 2840 liant,
287 2762 374 2841 qnasi
395 2780 459 2821 non
480 2760 629 2838 habeant,
657 2767 690 2820 et
717 2758 888 2820 afficiantur
908 2760 991 2821 siout
1011 2781 1085 2823 unus

164 2843 297 2922 illorum,
320 2846 454 2922 quinon
477 2843 608 2921 habent,
636 2849 669 2903 ut
696 2845 825 2922 quisque
852 2843 899 2902 sui
922 2843 1038 2905 oblitus
1058 2853 1087 2906 st

167 2927 341 2987 exinanitus
363 2946 383 2986 a
403 2926 492 2988 donis
513 2927 572 2988 Dei
592 2932 667 3005 agat
695 2945 763 2985 oum
790 2925 933 3006 proximo
964 2946 1022 2989 sno
1049 2946 1085 2988 so

167 3006 288 3086 affeetu,
310 3010 397 3088 quasi
419 3029 474 3070 sua
497 3011 536 3070 sit
565 3008 691 3090 propria
710 3007 887 3085 infirmitas,
915 3017 1085 3088 peecatum,
1152 3086 1155 3091 Ι

161 3090 293 3155 amititia
313 3093 462 3171 proximi,
487 3111 549 3153 non
571 3091 732 3172 glorietur,
753 3110 854 3170 neque
875 3089 1014 3170 infletur,
1038 3111 1084 3153 ne·

120 3212 122 3217 ,
168 3191 228 3252 que
248 3174 392 3252 fastidiat,
414 3194 514 3261 neque
536 3175 701 3254 triumphet
711 3174 857 3236 adversus
878 3173 977 3253 illum,
1001 3175 1084 3254 quasi

167 3255 253 3317 Deus
273 3256 354 3317 illius
376 3264 408 3318 et
427 3257 565 3335 aequalis
577 3257 645 3319 Deo
668 3258 716 3336 sit,
738 3256 821 3336 quod
843 3274 913 3317 oum
935 3257 998 3319 soli
1018 3258 1082 3319 Deo

58 3409 62 3417 Ι
166 3339 207 3401 ait
226 3339 468 3419 relinquendum,
490 3342 597 3420 rapina
617 3339 652 3401 fit
671 3360 727 3421 per
747 3339 841 3401 talem
860 3340 1083 3421 superbamque

164 3423 378 3483 temeritatem.
491 3484 494 3489 ,
1150 3426 1153 3451 ²

249 3504 301 3567 Sia
324 3507 428 3584 itaque
455 3506 603 3585 aooipitur
628 3505 729 3567 forma
755 3507 851 3585 servi,
882 3514 914 3567 et
941 3506 1083 3588 impletur

167 3586 242 3649 illud
263 3588 399 3669 apostoli
421 3587 524 3649 Galat.
544 3593 579 3655 b:
614 3587 674 3649 Par
694 3589 854 3651 caritatem
875 3590 990 3651 servite
1011 3591 1082 3653 invi·
