2356 4200
157 265 225 335 216
480 268 632 326 Sermones
651 270 764 326 botheri

162 443 316 525 praesenti
350 461 418 502 oum
455 440 596 521 Obristo,
638 445 710 523 quio
744 441 985 506 oonsolabnntur
1018 460 1089 502 oum

161 526 447 603 (ibsist02mise1i,
470 526 525 603 qni
547 529 776 588 consolantur
757 547 803 588 m
821 526 966 608 praesent
968 526 1003 603 i,·
1016 527 1089 604 quio·

161 611 311 691 plangent
332 627 400 669 oum
415 607 579 670 diabolo
571 630 603 669 ιιι
625 617 793 674 aeternnm
836 610 964 670 Gruesm
988 609 1088 669 erexit

159 694 262 771 Deus,
291 692 358 772 quis
385 690 542 772 deponet?
585 693 693 753 Filium
724 713 810 754 sunm
842 695 872 753 in
901 694 1000 772 ipsam
1023 710 1087 751 ens-

160 777 277 858 pendit,
301 775 369 872 qnis
390 774 468 834 liber
490 775 568 835 erit?
611 776 763 837 Dominus
785 778 872 854 luxit,
897 784 928 836 et
949 782 1089 836 creature

110 875 112 879 ·
160 859 292 920 ridebit?
317 859 479 917 innoeens
512 877 621 936 possus
645 865 776 940 estet
803 866 953 921 nocentes
970 858 1088 918 transi

161 943 260 1005 bunt?
304 941 355 1003 sie
384 939 527 1000 werdone
561 943 675 1005 lassen.
703 944 813 1024 Igitur
839 945 947 1002 mirum
981 949 1030 1002 est
1055 942 1087 1003 in

160 1032 276 1086 tuntum
300 1023 489 1085 oblivionem
519 1027 624 1086 venire
652 1044 773 1087 orueem
796 1026 923 1103 Christi
955 1044 993 1084 an
1024 1042 1087 1085 non

162 1117 209 1171 est
231 1107 347 1169 oblivio
369 1106 468 1166 oruois
504 1107 587 1202 eins,
621 1108 704 1188 quod
737 1128 829 1170 nemo
865 1107 981 1187 aliquid
1013 1107 1090 1168 velit

161 1193 250 1272 pati,
274 1199 306 1251 et
338 1189 468 1268 quilibet
504 1191 535 1249 in
569 1191 726 1253 libidinem
757 1199 787 1254 et
817 1211 927 1272 paoem
955 1192 1029 1268 ruit,
1058 1197 1091 1250 et

162 1293 299 1335 orueenr
296 1271 404 1352 sugit?
438 1271 495 1331 snb
523 1276 661 1335 sauciato
691 1278 798 1357 eapite
818 1275 955 1337 membro
982 1292 1089 1334 nonne

162 1364 270 1418 oontra
302 1373 404 1415 mores
440 1363 487 1414 est
514 1358 650 1435 gaudere
677 1359 803 1420 dolente
832 1357 952 1438 eapite?
995 1356 1090 1437 Igitur

162 1447 304 1505 notemus
346 1438 523 1516 passionem
573 1441 683 1501 Christi
717 1442 811 1522 dupla
832 1443 920 1503 noti
912 1460 959 1517 ro,
1010 1440 1090 1500 siout

163 1526 387 1583 aeramentum
411 1528 442 1580 et
460 1524 645 1619 exemplum.
678 1524 907 1586 Sacramentum
926 1530 982 1598 est
1005 1522 1088 1601 quod

162 1611 307 1666 nostram
335 1610 465 1663 mortem
506 1607 593 1685 spirit
582 1607 696 1667 tualem
725 1628 780 1669 sua
807 1615 906 1668 morte
935 1606 1090 1685 eorporali

163 1686 332 1769 signifieat
354 1687 417 1745 imo
443 1694 474 1746 et
494 1689 660 1750 oooiditst
648 1693 822 1752 tsustinet.
802 1689 988 1751 tOoeidit
1010 1689 1092 1749 scilia

41 1802 52 1815 ν
163 1779 221 1832 oet
232 1776 368 1831 veterem
389 1768 563 1850 hominem,
594 1775 645 1855 qni
676 1775 795 1835 vixerat
816 1775 914 1849 mele,
943 1781 974 1831 et
996 1773 1089 1832 susoi·

163 1855 239 1914 tavit
260 1871 391 1927 novum,
423 1854 473 1930 qui
495 1861 576 1915 mort
577 1875 632 1915 uus
655 1857 754 1917 luerat
775 1876 837 1918 non
861 1856 951 1918 bene
993 1855 1090 1934 Igitur

163 1937 261 2016 qualis
284 1934 420 1994 Obristus
444 1937 519 1995 est
512 1957 542 1996 nn
564 1957 709 2034 corpore,
740 1940 817 2001 tales
846 1957 903 1999 nos
925 1938 1037 1998 luimus
1058 1943 1090 1997 et

163 2038 267 2080 sumus
288 2019 320 2077 in
343 2021 464 2079 mente
468 2038 523 2078 san
541 2022 629 2099 spirit
617 2023 690 2082 tuali
707 2024 855 2084 homine
877 2021 951 2081 Ideo
964 2039 1088 2100 gemen-

164 2102 236 2162 dum
258 2108 290 2161 et
310 2100 520 2180 plangendum
543 2123 705 2183 supernos
721 2108 816 2186 ipsos,
840 2112 872 2165 ut
886 2124 953 2164 oum
966 2103 1087 2164 Christo

165 2187 326 2258 moriente
351 2184 498 2245 morituro
522 2188 696 2249 moriamur.
736 2191 796 2250 Vet
784 2197 831 2250 tus
854 2187 950 2253 homo
972 2194 1003 2247 et
1025 2205 1088 2246 om

168 2270 250 2328 nium
273 2265 402 2342 malum,
426 2267 508 2344 qnod
532 2269 622 2330 oadet
643 2291 734 2351 super
755 2274 907 2332 internum
930 2269 1088 2329 hominem

166 2366 271 2411 verum
294 2354 326 2408 et
346 2367 439 2426 super
461 2359 638 2413 externum:
662 2361 694 2414 ut
715 2357 793 2416 siout
783 2353 916 2416 tChrist
905 2360 952 2412 tue
970 2358 1018 2412 est

185 2466 314 2526 Vinotus
871 2470 971 2528 Vinoti

172 2591 174 2595 ,
187 2548 294 2609 illusus
869 2552 949 2612 illusi

187 2631 331 2707 malediot
319 2637 367 2690 tus
870 2634 1024 2695 maledieti
1016 2635 1022 2646 '

189 2710 357 2796 consputus
871 2717 1012 2797 oonspnti

186 2804 361 2875 cruentatos
464 2799 508 2857 sis
530 2807 561 2858 et
582 2817 639 2859 nos
652 2801 681 2859 in
697 2802 800 2860 anima
870 2800 1019 2861 cruentati

185 2881 322 2962 spinetus
450 2880 599 2943 luimus
621 2890 652 2942 et
676 2901 778 2942 sumus
830 2879 982 2962 spineti

187 2963 347 3039 confossus
870 2965 1006 3026 confossi

187 3044 349 3107 crucifixus
870 3047 1006 3109 srueilixi

186 3126 324 3189 mortuiis
870 3133 979 3191 mortni

175 3208 350 3295 ¹despectus
429 3285 433 3293 ι
870 3213 1017 3294 despecti.

187 3384 190 3389 -
227 3340 300 3402 Ideo
320 3345 419 3422 quivis
451 3361 531 3401 nono
553 3340 671 3415 videat,
699 3343 723 3401 si
747 3343 838 3402 talem
862 3363 895 3402 se
919 3343 995 3402 soist
1018 3360 1087 3403 esse

167 3430 199 3484 et
218 3425 341 3497 eredat,
373 3426 472 3506 qualis
500 3426 530 3484 in
560 3425 670 3485 veritat
626 3429 689 3485 tate
718 3435 774 3485 est.
818 3424 892 3500 Quis
921 3426 1001 3484 enim
1022 3444 1089 3485 non

167 3509 310 3603 septips'
303 3510 438 3569 insanire
460 3508 576 3568 diceret
564 3515 627 3583 tur,
656 3509 705 3585 qui
735 3510 766 3567 in
794 3511 886 3569 tantis
908 3507 996 3568 malis
1024 3509 1087 3571 suis

166 3592 359 3683 sempiternis
402 3591 501 3652 rident
541 3610 577 3650 eo
627 3611 688 3650 non
733 3591 888 3686 plangat?
952 3591 1085 3650 Primum

166 3673 286 3750 itaque,
314 3674 397 3753 quod
421 3674 558 3735 Christus
581 3662 634 3732 sira
657 3676 817 3817 passione
830 3674 918 3734 nobis
942 3673 1088 3750 ostendit,

167 3761 213 3814 est
242 3756 323 3835 qnod
354 3756 444 3819 nobis
466 3757 626 3819 materiam
648 3757 835 3837 cognitionis
859 3757 964 3818 dotet
985 3763 1087 3817 osten-
