2356 4200
483 305 509 346 a.
527 289 598 346 1516
615 290 711 344 haurn.
1014 285 1055 351 95

133 456 211 538 duod
247 459 391 542 discipuli
423 461 566 522 dixerunt
599 459 796 522 redeuntibus
829 458 867 519 ab
897 459 1054 539 Emmaus,
1149 510 1156 525 ,

131 543 267 603 Surrexit
287 544 439 605 Dominus
460 563 533 605 vere
555 550 586 604 et
608 546 750 624 apparuit
771 541 898 621 Simoni,
925 548 956 603 et
976 543 1055 603 hoec

130 635 176 686 est
196 628 298 690 tertia.
342 628 488 703 Quartam
520 636 640 706 ponunt
671 633 703 687 et
734 626 898 706 opinantur
930 625 1054 704 quidam

129 728 197 770 esse
220 709 335 770 fectum
357 709 466 771 eodum
490 709 539 770 die
560 710 679 771 Jacobs
703 709 823 786 minori,
855 706 937 785 quod
960 708 1052 770 credo

128 811 234 852 verum
257 813 336 872 esse,
359 814 398 854 ex
418 793 513 853 verbo
536 793 671 872 apostoli
696 799 721 854 1.
735 791 803 852 Gor.
820 795 868 868 ts,
892 789 942 850 ubi
970 790 1053 872 dicit,

127 877 210 935 visus
246 876 390 956 Gephse,
423 876 535 936 deinde
572 877 729 952 undecim,
763 873 934 934 Jerusalem
970 875 1052 934 visus

126 968 175 1019 est
194 959 329 1020 Jucobo.
372 959 486 1034 Quinto
506 961 574 1038 ipsc
595 967 643 1018 est
676 957 817 1017 euntibus
844 958 875 1015 iu
897 956 1053 1018 Emmaus.

126 1041 225 1102 Sexte
263 1049 368 1103 eutem
407 1061 476 1103 sero
514 1042 671 1121 discipulis
711 1041 852 1101 omnibus
888 1041 919 1099 in
958 1039 1051 1101 domo

126 1125 243 1186 clausa.
288 1125 352 1185 Hes
375 1126 451 1186 duos
473 1127 582 1186 omitto
606 1125 656 1185 hic
677 1142 882 1203 componere,
914 1125 985 1201 quia
1013 1143 1053 1183 ex

125 1207 210 1267 Lucu
232 1214 265 1268 et
279 1208 424 1270 ‚Iohanne
446 1210 520 1270 setis
542 1216 628 1289 potet
649 1226 752 1268 eorum
775 1206 851 1267 ordo
874 1212 906 1265 et
927 1224 1052 1285 compo·

127 1293 199 1352 sitio
222 1291 330 1354 facilis.
375 1291 456 1366 Quid
478 1299 581 1352 cutem
614 1290 653 1351 de
681 1290 772 1351 besta
794 1290 888 1350 uaria
910 1288 1051 1369 virgine?

126 1373 209 1434 Dico
232 1375 317 1452 quod
339 1374 395 1434 fuit
414 1376 466 1437 vel
489 1394 558 1435 cum
586 1374 763 1433 mulieribus
790 1374 865 1449 illis,
900 1372 950 1432 vel
977 1372 1053 1432 vidit

126 1475 292 1516 eumcum
318 1459 386 1518 eliis
409 1458 564 1537 discipulis
586 1476 670 1535 sero,
708 1459 780 1535 quie
801 1474 868 1514 curn
896 1455 956 1514 illis
985 1456 1052 1515 siue

127 1539 223 1601 dubio
246 1540 310 1601 tuit.
353 1541 419 1601 Neo
441 1559 602 1603 necessum
625 1548 672 1600 est
693 1539 810 1616 dicere,
841 1537 923 1618 quod
952 1540 1050 1616 primo

127 1625 157 1682 ei
178 1625 373 1702 apparuerit,
402 1625 474 1703 quis
495 1625 591 1683 multu
619 1621 742 1702 quidem
772 1623 861 1681 nimis
890 1621 1052 1681 carnaliter

127 1714 160 1766 et
180 1707 350 1766 secundum
373 1707 538 1766 humanum
567 1726 691 1767 sensum
720 1705 759 1789 de
787 1713 882 1765 matre
911 1705 975 1764 eius
1004 1724 1052 1765 ss·

126 1790 216 1868 piuut
248 1797 281 1849 et
305 1799 438 1870 aguntur
466 1789 577 1850 effectu
604 1789 735 1849 curuatis
757 1788 936 1867 pietatis.*)
981 1787 1051 1847 Nou

127 1873 193 1931 siue
218 1875 365 1952 mysterio
388 1881 528 1933 tacentur
548 1873 602 1932 illu
628 1874 660 1931 iu
690 1873 855 1951 scripture,
892 1879 924 1930 et
949 1872 1052 1950 potius

127 1974 251 2033 semper
271 1956 387 2036 rigidus
410 1957 523 2037 legitur
545 1975 619 2035 erga
635 1974 704 2015 eom
722 1955 824 2032 fuisse,
847 1955 956 2014 iterum
970 1955 1052 2013 enim

125 2045 260 2118 aguntur
276 2039 439 2117 custodes,
465 2042 550 2099 veuit
570 2041 600 2098 in
624 2040 787 2099 civitatem.
818 2037 906 2098 Unde
928 2057 968 2097 ex
989 2056 1052 2097 om-

127 2122 217 2180 uibus
245 2128 346 2200 patet,
379 2121 462 2201 quod
490 2122 638 2182 Dominus
671 2121 764 2180 mults
792 2120 869 2180 dixit
891 2120 1051 2200 apostolis,

127 2212 293 2282 quactum
317 2225 381 2265 non
409 2205 641 2283 intellexeruut,
678 2204 758 2263 unde
787 2213 818 2264 et
839 2202 938 2265 Lucus
969 2203 1051 2280 dicit,

127 2306 197 2346 cum
221 2289 266 2347 eis
288 2289 508 2366 praedixisset,
537 2308 571 2348 se
593 2295 737 2367 oportere
765 2287 859 2362 trudi,
892 2285 1051 2366 tlegelluri,

127 2369 264 2449 crucifigi
288 2379 319 2430 et
346 2373 435 2431 tertio
456 2372 506 2430 die
528 2391 703 2451 resurgere,
732 2390 794 2431 nou
824 2370 1051 2447 intellexeruut,

127 2461 159 2512 et
180 2463 248 2511 erut
270 2451 485 2514 absconditum
505 2454 565 2513 hoc
594 2455 719 2515 verbum
747 2455 786 2514 ab
816 2455 877 2530 eis,
913 2452 1052 2512 similiter

127 2555 195 2595 curn
217 2536 339 2615 dixerit,
362 2537 515 2597 modicum
539 2547 570 2598 et
592 2557 654 2598 non
678 2538 818 2597 videbitis
848 2555 913 2614 me,
942 2556 1050 2596 omnes

126 2616 320 2699 ignorabunt.
365 2621 521 2680 Praedixit
542 2630 644 2682 autem
667 2624 710 2681 eis
733 2623 801 2696 ista,
827 2638 887 2679 uon
911 2627 943 2679 ut
963 2621 1050 2679 intel-

127 2703 279 2779 lexerunt,
307 2703 362 2762 sed
387 2712 420 2763 ut
440 2712 550 2783 postea
571 2705 818 2781 recordarentur,
847 2710 878 2762 et
906 2710 978 2762 tunc
1007 2705 1050 2762 iu·

127 2785 313 2865 tetligerent,
337 2788 408 2864 quid
431 2787 578 2847 voluisset
606 2789 671 2848 istis
698 2789 814 2848 verbis:
849 2787 920 2845 Dixi
951 2785 1048 2863 vobis,

128 2877 169 2946 ut,
193 2888 262 2928 cum
283 2869 396 2929 fuctum
419 2870 517 2946 fuerit,
539 2870 680 2948 credetis,
703 2873 789 2949 qussi
812 2869 941 2929 diceret:
977 2869 1046 2928 Jem

127 2970 190 3011 nou
224 2953 411 3032 intelligitis,
442 2954 533 3031 quid?
577 2954 653 3012 Cum
681 2963 782 3014 eutem
814 2955 926 3012 sectum
948 2951 1046 3029 fuerit,

127 3034 210 3113 quod
233 3054 315 3093 nuuc
337 3035 417 3112 dicu,
440 3044 513 3096 tuuc
532 3037 710 3116 intelligetis
733 3045 764 3097 et
785 3036 934 3112 credetis,
965 3035 1048 3113 quod

126 3135 187 3198 ego
210 3137 277 3177 snm
299 3118 393 3196 Deus,
417 3119 501 3197 quod
523 3127 554 3179 et
575 3120 721 3182 fecerunt.
750 3122 795 3181 ltu
818 3129 848 3180 et
871 3119 942 3179 alibi
966 3118 1049 3196 dicit,

127 3199 224 3259 multu
244 3201 344 3261 habeo
368 3200 456 3260 vobis
479 3203 592 3279 dicere,
614 3203 668 3263 sed
690 3222 752 3263 non
774 3206 903 3283 potestis
925 3209 1048 3281 portare

126 3283 237 3361 modo,
274 3286 418 3363 quonism
449 3288 553 3345 omnia
579 3288 644 3345 eius
674 3287 781 3364 verbu,
811 3306 890 3366 quse
920 3287 958 3344 de
981 3305 1047 3364 pus-

126 3370 215 3427 sioue
233 3369 298 3426 eius
322 3368 484 3447 sonabunt,
506 3371 565 3449 ipsi
579 3371 664 3429 nullo
686 3370 778 3430 modo
794 3369 967 3450 capiebant,
991 3370 1048 3428 uisi

124 3459 198 3530 post
219 3452 410 3529 passionem:
438 3453 522 3513 cuius
549 3455 644 3531 ratio,
674 3456 745 3533 quis
771 3453 948 3533 cogitabant
977 3472 1046 3512 eum

125 3557 188 3597 nou
214 3539 403 3599 moriturum.

125 3712 185 3719 ...-

180 3798 212 3865 ⁸)
233 3798 351 3851 Pulchre
369 3799 507 3850 confessio
527 3802 658 3858 veritatis.
