2356 4200
129 258 174 338 64¹
452 274 600 331 Sermones
619 268 730 331 lutheri

129 441 261 504 cundum
273 449 367 524 patet,
381 443 530 524 quiaideo
539 445 680 527 imponit,
693 449 726 504 ut
736 448 898 522 quaeratur
907 445 1007 526 gratia
1017 451 1049 506 et

40 530 58 575 ’.
131 535 321 605 agnoscatur
333 524 558 607 evacuaturque
571 528 721 608 sapientia
735 528 844 587 carnis.
871 529 931 588 Per
946 528 1049 608 legem

130 610 269 689 cognitio
292 611 421 690 peccati.
456 610 541 670 ,Nam
562 611 588 670 si
609 616 829 690 cognoscatur,
851 610 938 694 qnodj
955 610 1049 671 nullis

129 691 299 772 consiliis,
317 693 409 753 nullis
438 693 560 753 auxiliis
591 694 705 754 nostris
732 694 982 773 concupiscentia
1008 712 1049 754 ex

129 773 219 836 nobis
239 777 340 855 possit
361 775 481 856 anien-i,
502 782 535 836 et
555 775 633 836 haec
646 781 754 837 contra
766 767 868 856 legem
890 784 946 856 est,
968 794 1049 855 quac

129 856 211 938 dicit,
232 876 296 919 non
318 860 528 938 concupisces,
550 865 581 918 et
595 860 769 939 experimur
791 871 898 920 omncs
919 859 1050 920 invinci·

128 939 221 1001 bilem
256 960 325 1002 esse
356 942 640 1022 concupiscentiam
665 942 796 1022 penitus.
818 976 822 987 ι
845 940 926 1016 Quid
951 947 1049 1003 restat

129 1024 243 1083 nisi'ut
264 1025 415 1105 sapientia
436 1025 536 1085 carnis
559 1030 658 1085 cesset
678 1030 711 1084 et
730 1023 830 1103 cadat,
845 1024 1002 1106 -desparet
1015 1024 1050 1085 in

130 1113 228 1166 semet
248 1108 326 1187 ipsa,
348 1114 456 1188 pereat
477 1114 508 1167 et
528 1106 688 1185 humiliata
702 1107 836 1168 aliunde·
849 1114 976 1186 quaerat
995 1126 1048 1168 au·

127 1189 252 1268 xiliurn,
267 1189 349 1268 quod
363 1190 421 1252 sibi
442 1197 600 1270 praestare
622 1190 736 1269 nequit.
778 1179 854 1250 ideo
867 1190 950 1270 dicit,
972 1208 1049 1275 qum

128 1274 189 1332 ties
214 1271 297 1333 volni
326 1291 517 1354 congregare
540 1283 599 1334 eto.
646 1272 730 1333 Ecce
763 1273 919 1353 quomodo
953 1264 1050 1334 etiar‘ri

129 1353 218 1416 offert
244 1356 373 1435 gratiam
401 1374 465 1416 non
498 1355 724 1435 quaerentibus.
767 1355 866 1416 llaior
894 1374 969 1436 ergo
999 1360 1047 1416 est

128 1439 301 1516 accusatio,
333 1437 416 1518 quod
447 1457 510 1500 non
539 1438 640 1499 solum
668 1456 732 1498 non
759 1439 878 1517 quaerit
905 1438 1059 1520 gratim,

127 1519 167 1580 ad
198 1520 279 1600 quod
309 1540 364 1602 per
390 1521 493 1602 legem
526 1520 724 1599 monebatur,
750 1520 811 1580 <sed
845 1529 877 1583 et
910 1520 1048 1583 oblatam

127 1604 261 1683 respuit,
296 1611 327 1663 et
349 1605 467 1684 spiritui
495 1604 613 1685 gratiae
640 1604 860 1665 contumeliam
890 1604 978 1683 iacit,
1015 1611 1048 1665 et

127 1687 324 1767 sanguinem,
355 1688 470 1768 inquo
498 1685 661 1747 mundatus
683 1693 746 1764 est,
772 1687 935 1766 pollutum·
952 1686 1045 1755 ducit.

127 1768 281 1830 Pollutum
303 1789 378 1830 sane
401 1770 492 1848 ducit,
515 1769 586 1829 dum
608 1770 676 1849 ipso
699 1769 784 1829 velut
805 1789 868 1830 non
891 1788 969 1850 opus
990 1769 1046 1830 ha-

127 1851 203 1913 bens
226 1853 287 1912 suis
310 1853 447 1913 consiliis
467 1871 537 1913 sese
558 1853 664 1912 iuvare
685 1853 868 1932 praesumit,
897 1870 959 1912 non
982 1870 1045 1912 cre-

127 1933 214 2014 dens,
236 1935 341 1996 audire
363 1937 488 2013 nolens,
510 1953 670 1995 severum
693 1934 770 2015 legis
793 1940 824 1995 et
843 1936 1046 2014 impotentem

126 2017 264 2098 implere.
306 2018 380 2080 Ideo
404 2018 512 2084 domus
534 2018 598 2078 eius
621 2019 731 2079 merito
745 2017 924 2096 relinquitur
944 2018 973 2078 oi
995 2016 1045 2078 de-

127 2105 218 2162 serta.-
261 2101 323 2163 Sed
344 2119 402 2162 nos
423 2106 457 2161 ιιι
479 2101 633 2181 simplices
653 2099 730 2182 pulli
752 2118 820 2160 cum
841 2100 1045 2180 §.Stephano

126 2182 262 2244 oremus:
297 2191 328 2245 et
359 2185 391 2244 in
424 2184 600 2245 velamento
629 2183 745 2244 alarum
765 2188 884 2243 tuarum
911 2183 1044 2244 exsulta

126 2266 216 2347 bunt,
239 2273 271 2327 et
291 2269 409 2346 itemm,
432 2266 487 2328 sub
509 2267 619 2348 pennis
641 2267 705 2327 eius
723 2266 896 2348 sperabunt.
938 2266 1047 2327 Rom:¹

125 2349 208 2410 Misit
229 2350 312 2410 Deus
340 2349 436 2411 tilium
469 2351 609 2409 suumin
631 2349 829 2411 similitudine
850 2351 950 2413 carnis
973 2366 1044 2430 pec·

126 2434 197 2512 cati,
219 2439 251 2493 et
271 2433 310 2493 de
324 2438 459 2513 peccato
490 2432 648 2493 damnavit
668 2439 845 2513 paccatum,
879 2438 912 2492 ut
937 2430 1046 2492 iustili-

126 2516 208 2577 catio
231 2516 308 2596 legis
328 2518 360 2575 in
390 2502 696 2596 nobis’impleretur.
727 2514 815 2577 -Illud
838 2513 1045 2594 autem-'qumi

128 2597 242 2659 dictum
266 2605 313 2659 est
334 2599 373 2659 de
393 2599 554 2660 voluntate¹
574 2598 742 2678 hominum,
764 2597 847 2677 quod
869 2597 1045 2658 sitconior-

127 2683 183 2742 mis
207 2681 359 2742 voluntati
385 2678 460 2760 Dei,
482 2680 716 2762 intelligendum
745 2688 792 2742 est
824 2680 864 2742 de
891 2681 1046 2761 syntcrcsi

125 2765 291 2843 voluntatis
313 2784 367 2825 scu
395 2766 557 2846 superstite
579 2765 741 2845 portione,
763 2782 843 2843 quae
866 2763 1047 2824 naturaliter

125 2848 191 2908 vult
220 2847 345 2910 bonum.
399 2846 478 2908 Nam
516 2846 555 2909 de
586 2852 653 2908 tota
683 2847 843 2909 voluntate
874 2845 1043 2926 loquendo,

127 2949 226 3011 aeque
248 2932 317 3010 ipsa
336 2929 441 2991 delicit
460 2931 491 2990 in
515 2929 648 2992 amando
670 2929 771 3010 bono,
802 2929 880 2990 sicut
910 2930 989 2989 ratio
1010 2929 1044 2989 in

124 3013 326 3093 intelligendo
358 3021 443 3074 recto
471 3019 502 3074 et
528 3031 614 3075 vero.
657 3012 744 3075 sicut
772 3030 861 3093 crgo·
875 3012 1044 3092 synteresia

124 3097 253 3157 rationis
282 3098 374 3158 etiam
401 3096 567 3158 conformis
595 3100 646 3156 est
675 3096 845 3175 sapientiae
874 3094 941 3174 dci,
969 3095 1044 3154 licat

125 3184 191 3240 tota
211 3180 289 3241 ratio
313 3181 454 3259 omnino,
462 3178 611 3240 difformis
640 3179 745 3257 sitsi,
772 3198 844 3239 nam
873 3194 942 3238 cum
971 3177 1045 3238 utri«

125 3258 186 3341 qu'e
213 3269 368 3345 ponantur
393 3261 559 3324 invisibilia
587 3266 618 3321 et
645 3260 843 3340 abscondita,
860 3266 936 3321 *tam
963 3261 1043 3321 ratio

125 3364 189 3406 non
209 3364 249 3406 ea
273 3347 371 3426 capit,
404 3364 495 3427 quam
524 3344 669 3405 voluntas
698 3362 736 3405 ca
757 3363 821 3404 non
842 3349 941 3422 amat,
970 3343 1045 3404 licet

123 3447 181 3508 per
201 3430 374 3510 synteicsin
400 3428 586 3493 inclinentur
608 3433 640 3488 et
660 3434 734 3507 apto
754 3429 814 3488 sint
836 3444 874 3487 ea
895 3445 990 3486 nossa
1011 3431 1045 3486 et

124 3524 237 3572 amaro.
286 3511 343 3572 llla
373 3512 453 3571 enim
483 3515 568 3571 certa
597 3517 660 3588 cst,
693 3511 754 3571 ista
781 3514 884 3570 autem
910 3507 1044 3571 infirma

123 3594 198 3655 Ideo
221 3595 275 3655 illa
295 3595 418 3654 nonnisi
440 3592 636 3673 verosimilia,
657 3593 678 3656 i.
694 3612 721 3653 e.
742 3598 815 3673 apta
827 3599 858 3653 et
873 3591 1044 3672 operientia

124 3678 190 3738 sive
211 3679 292 3738 intus
314 3677 379 3737 sive
402 3676 476 3738 foris
498 3678 669 3758 cognoscit,
689 3676 750 3736 ista
770 3675 911 3736 similiter
932 3673 1042 3735 eadem

123 3760 227 3841 diligit
250 3765 447 3840 conpotem
474 3779 509 3821 sc
535 3778 630 3841 super
658 3776 697 3821 aa
723 3758 844 3838 mare,
874 3765 909 3818 ut
935 3757 1044 3838 diligat
