2356 4200
365 300 367 304 Α
404 219 428 325 'a
445 274 521 343 Papa
540 271 575 326 ud
593 270 758 342 (inscitiam.
979 267 1041 334 443

127 443 252 503 iecerim
276 461 395 504 summo
417 443 574 525 pontiflci,
601 444 645 505 ita
678 451 710 504 ut
743 461 802 504 nec
827 462 886 525 ego
914 443 1044 524 amplius
1134 497 1136 502 .

126 526 241 605 ahquid
263 527 294 586 in
315 529 383 607 ipsa
397 521 501 588 facere
513 527 655 606 habeam,
676 544 768 606 quam
780 533 960 606 exspectare
978 546 1044 587 san·
1097 589 1101 599 ,

127 609 265 688 tentiam,
287 626 377 689 quam
401 619 433 670 et
455 628 552 693 usque
573 609 666 671 hodie
688 615 845 689 exspecto.

209 691 413 753 Nihilominus
435 699 549 770 tamen,
571 700 605 754 ut
621 693 724 772 audio,
747 699 779 754 et
800 692 881 753 idem
904 709 1047 753 reveren·

127 774 270 835 dissimus
292 775 433 837 dominus
456 776 591 837 Thomas
604 777 635 838 S.
658 776 736 838 sixti
749 775 919 837 cardinatis
942 775 1046 836 scribit

127 857 168 918 ad
197 857 433 919 illustrissimum
456 859 628 940 Principem
654 861 692 922 D.
714 860 899 920 Fridericum
929 866 987 919 sto.
1013 860 1045 919 in

125 941 268 1002 Romana
300 941 393 1003 (iuria
425 943 552 1022 procedi
578 949 688 1004 contra
721 960 785 1021 mc,
820 949 851 1002 et
883 944 1046 1003 autoritate

126 1023 265 1085 eiusdem
287 1018 472 1086 sanctissimi
493 1025 610 1089 domini
632 1027 728 1087 nostri
750 1032 808 1087 etc.
830 1025 947 1086 iudices
959 1042 1034 1105 prae

125 1113 232 1168 tensos
254 1124 378 1169 causam
400 1111 545 1189 prosequi
557 1111 589 1170 in
604 1109 834 1170 damnationem
846 1128 959 1184 meam,
982 1126 1045 1169 non

125 1188 323 1252 attendentes
346 1191 582 1254 meamtideiem
605 1200 637 1255 et
652 1192 951 1273 suparabundantem
974 1191 1045 1261 obe-

126 1273 284 1350 dientiam,
307 1294 366 1354 qua
388 1280 474 1335 tanta
496 1275 676 1337 difficultate
698 1274 855 1356 comparui
877 1275 1045 1355 Augustae,

111 1374 185 1441 ,nec
206 1363 347 1419 curantes
370 1356 559 1420 oblationem
577 1377 678 1420 meam
699 1359 963 1435 honestissimam,
986 1375 1047 1437 qua

126 1458 177 1499 me
198 1438 239 1500 ad
259 1441 494 1522 responsionem
522 1441 675 1522 publicam
703 1448 735 1502 et
762 1443 912 1522 privatam
940 1439 1046 1519 obtuli,

127 1522 261 1601 denique
290 1529 524 1585 contemnentes
553 1544 643 1586 ovam
667 1524 778 1584 Christi
805 1530 962 1604 petentem
993 1523 1045 1583 hu·

127 1605 240 1666 militer
261 1605 366 1667 doceri
387 1609 562 1686 vamtatem,
593 1615 625 1668 ct
650 1605 754 1667 reduci
783 1606 821 1667 ab
844 1616 965 1683 emore,'
990 1602 1046 1666 ssd

126 1688 308 1768 simplicitet
318 1704 393 1751 ¹nac
420 1690 538 1768 audita,
567 1704 625 1750 nec
651 1689 771 1750 reddita
796 1690 932 1767 ratione,
962 1704 1047 1750 mara

127 1778 232 1833 autem
251 1772 414 1855 tyrannide
436 1780 468 1833 et
488 1772 678 1854 plenitudine
700 1774 862 1852 potestatis
875 1788 984 1853 urgere
1004 1772 1044 1833 ad

126 1856 359 1916 revocationem
382 1858 562 1933 sententiae,
584 1868 674 1935 quam
690 1875 728 1916 ex
742 1856 933 1915 conscientia
953 1856 1045 1916 veris

124 1937 376 2016 simamiudiso,
405 1945 438 1998 et
464 1939 505 2000 ad
531 1938 744 2020 abnegandam
767 1937 858 1998 tidem
882 1937 994 1999 Christi
1013 1944 1047 1998 et

126 2016 231 2080 vanam
254 2023 466 2103 apertissimae
488 2024 656 2102 scripturae
674 2021 909 2101 inteiiigentiam
934 2029 1046 2100 (quan-

127 2108 193 2162 tum
213 2118 285 2176 ¹mea
305 2105 387 2184 capit
409 2106 616 2180 conscientia)
641 2101 790 2166 seducere
805 2104 953 2182 volentes,
976 2122 1045 2164 cum

127 2191 266 2267 potestas
287 2184 393 2267 Papae
412 2204 475 2248 non
498 2192 605 2249 contra
630 2206 689 2249 nec
716 2199 822 2267 supra,
851 2186 906 2247 aad
935 2205 992 2266 pro
1015 2191 1047 2247 at

128 2268 207 2328 tohu
229 2270 397 2353 scripturas
418 2278 450 2332 et
469 2272 606 2350 veritatis
629 2271 819 2333 maiestatem
844 2272 891 2344 sitq
914 2289 971 2329 nec
992 2287 1046 2349 po-

127 2357 272 2412 testatam
286 2364 368 2435 papa
382 2355 575 2434 acceperit¹)
590 2371 665 2414 oves
676 2352 835 2434 perdendi,
856 2354 886 2412 in
902 2353 1044 2435 iuporum

128 2434 233 2495 iauoas
253 2436 450 2515 proficiendi,
479 2444 512 2498 et
539 2438 712 2498 in'erroras
732 2452 929 2515 errorumque
952 2436 1046 2516 magi-

128 2523 208 2578 stros
230 2516 379 2595 tradendi,
402 2519 456 2580 sed
479 2519 518 2580 ad
539 2521 698 2581 veritatem
724 2520 820 2594 (siout
836 2524 993 2598 pastorem
1015 2524 1046 2578 m

129 2601 319 2681 episcopum,
343 2603 491 2662 visanum
512 2600 625 2664 Christi
639 2602 756 2677 decet)
779 2601 954 2664 revocandi.
996 2601 1046 2660 Ex

128 2683 238 2762 quibus
260 2703 310 2744 me
331 2685 468 2763 laesum,-
481 2691 705 2767 gravatumque
726 2686 878 2763 candens,
900 2694 968 2770 punt
991 2683 1045 2744 tali
1133 2729 1139 2738 .

128 2765 277 2827 violentia
291 2767 413 2843 uiduam
423 2769 556 2830 iutnrum
579 2784 657 2846 esse,
679 2768 824 2831 utnulius
838 2769 929 2829 etiam
944 2769 1044 2847 ipsum

128 2847 295 2912 Ohristum·
307 2850 420 2912 audeat
440 2851 594 2926 confiteri,
622 2870 680 2911 nec
701 2852 868 2930 scripturas
889 2868 992 2920 sauma
1012 2851 1044 2910 in

128 2931 261 2993 scoiesia
282 2935 483 3016 suaprnpn'a
505 2933 650 3014 profiteri,
672 2939 765 3012 atque
784 2935 899 3001 itumc
920 2948 1053 3013 qqoque

128 3034 148 3074 a
169 3033 258 3092 vera,
281 3028 372 3099 sana,
395 3017 623 3097 christianaque
643 3015 704 3080 tide
719 3022 761 3081 ¹et
786 3016 1044 3097 intelligentia-in

128 3110 224 3158 vanas
255 3104 288 3159 et
318 3099 484 3163 mandaces
512 3099 672 3160 hominum
703 3100 873 3180 opiniones·
895 3098 1046 3160 violenter

128 3178 275 3261 protrudi,
290 3189 329 3243 -et
349 3183 381 3243 in
403 3181 593 3244 seductorias
614 3181 722 3265 popuii
740 3179 905 3242 Christiani
925 3180 1044 3242 fabulas

128 3265 237 3345 urgeri.
279 3264 395 3328 idcirco
418 3284 438 3326 a
458 3266 596 3346 praefato
619 3266 812 3327 ssncdssimo
840 3263 966 3325 domino
990 3282 1044 3324 no·

128 3352 192 3409 stro
213 3347 318 3410 Leone
339 3366 402 3410 non
414 3355 498 3410 recte
514 3349 666 3427 samnito,
688 3360 842 3428 supraque
854 3346 943 3407 dictis
957 3364 1044 3427 proc·

128 3431 223 3491 tensis
245 3433 465 3493 commissione
488 3438 520 3494 et
539 3431 697 3509 iudicibus,
720 3438 751 3491 et
772 3450 879 3493 aarum
898 3429 1045 3494 citatione

128 3530 167 3573 ac
186 3514 343 3593 processu,
365 3522 396 3575 et
418 3514 560 3576 omnibus
586 3514 659 3575 inde
689 3515 800 3576 secutis
828 3519 859 3574 et
886 3513 1043 3591 secuturis,

121 3603 161 3658 ‘et
181 3595 320 3677 quolibet
340 3599 493 3678 ipsorum,
521 3617 558 3658 ac
579 3618 598 3658 a
621 3597 777 3679 quibusvis
799 3598 1044 3659 excommunica-

201 3772 664 3844 1)lncaprinazacceperm.
826 3814 830 3819 .
871 3797 874 3811 =
922 3820 925 3825 Δ
