2356 4200
173 274 241 343 280
422 277 620 335 Boeolutionm
638 277 748 349 Disput.
767 277 845 333 Lntlr.

182 448 305 510 romula
326 453 470 510 tenentur
484 450 622 529 episcopi
637 447 813 529 prohibere,
834 466 877 510 ne
889 448 999 510 einant
1020 447 1101 530 lupos

180 531 295 592 intrare
318 532 413 593 ovilia
435 526 557 611 christi,
579 533 658 593 siout
680 550 828 612 expresse
844 533 1039 613 praecipitur
1057 532 1101 594 lib.

177 617 208 680 5.
231 612 270 675 de
292 633 364 695 poe.
387 623 419 676 et
439 634 482 676 re.
505 633 573 696 oap.
601 633 669 676 oum
695 632 810 691 exeo,
843 620 876 676 ot
895 612 967 679 cle.
997 615 1101 678 eodem

178 710 246 778 etp.
270 696 499 775 Abueionibue,
530 704 564 759 ιιι
589 697 665 758 nihil
695 698 875 778 permittant
894 697 1018 779 populo
1040 718 1101 780 pro

179 796 306 861 ponere,
330 800 421 860 quem
445 779 526 862 quod
549 782 580 840 in
605 799 710 841 eorum
733 781 829 841 literis
851 781 1040 843 continetur.

444 945 672 1007 Conclusio
700 930 826 1008 Lxxl.

181 1068 206 1093 ²
259 1073 376 1136 Contra
405 1075 565 1136 veritatem
595 1073 835 1156 apostolicarum
863 1072 1029 1139 veniarum
1057 1077 1101 1157 qui

177 1157 316 1237 loquitur
337 1157 376 1219 eit
395 1154 449 1219 ille
470 1156 635 1219 anathema
656 1164 688 1219 et
700 1155 891 1219 maledictus.
1010 1230 1014 1237 Ι

260 1239 360 1316 Quia,
382 1241 439 1321 etei
460 1259 509 1301 ree
531 1260 628 1321 parva
656 1241 696 1301 eit
716 1241 877 1302 veniarum
899 1238 1031 1320 largitio
1063 1259 1101 1301 re·

177 1329 284 1405 speetu
311 1323 429 1404 gratiae
451 1323 527 1401 Dei,
561 1329 592 1385 et
617 1322 656 1383 ud
679 1328 796 1384 tantum
825 1322 954 1385 boatum
988 1322 1101 1404 praedi·

177 1406 310 1467 nentium
334 1423 398 1482 eae,
419 1412 522 1467 tamen
545 1411 653 1467 contre
673 1412 860 1487 potestatem
872 1402 1010 1485 superbe
1032 1406 1100 1557 egit,

1036 1507 1101 1551 oe·

220 1486 472 1565 'contradixerit¹
494 1488 565 1550 ideo
581 1488 691 1551 merito
715 1488 926 1567 maledioetur,
946 1507 1021 1551 oum

195 1570 296 1653 fontia
316 1571 529 1645 eooleeiaetioa
550 1591 588 1632 eo
612 1572 652 1632 eit
674 1570 851 1647 mirabilior,
875 1589 937 1651 quo
957 1571 1053 1633 etium
1074 1571 1101 1635 in

177 1651 336 1714 vilioribus
358 1672 414 1714 suo
438 1653 642 1714 sensuioedit
664 1662 695 1714 et
711 1653 894 1715 humiliatur.
939 1651 1033 1729 Quae
1052 1674 1099 1716 ιιι-

176 1740 238 1796 tem
266 1737 305 1796 eit
334 1737 446 1796 veritae
469 1735 743 1819 indulgentiarum,
772 1737 845 1797 eatis
877 1736 1041 1816 hueusque
1062 1742 1103 1799 eet

177 1817 384 1900 disputatum,
419 1826 451 1880 et
483 1818 583 1880 edhuo
617 1826 779 1900 exepeotat
813 1819 1101 1882 determinationem

179 1901 350 1979 ecelesiae,
372 1902 431 1962 nisi
453 1902 535 1983 quod
558 1908 674 1963 eertum
697 1908 754 1980 eet,
776 1922 829 1965 eas
847 1921 917 1963 eoae
940 1901 1102 1965 relaxatio·

176 2003 233 2047 nee
269 1989 387 2051 tantum
421 1984 635 2064 temporalium
674 2004 865 2067 poenarum,
899 2003 1101 2069 quaeeunque

177 2066 302 2128 tandem
327 2066 401 2126 illae
433 2068 503 2128 sint.
546 2067 711 2128 Reloxatio
738 2087 812 2130 vero
843 2087 1019 2148 poenarum
1056 2074 1102 2143 (ιιι

177 2148 257 2215 dixit
288 2149 378 2211 vilius
410 2158 459 2211 eet
480 2149 612 2223 donum,
641 2150 721 2230 quod
754 2151 887 2213 eeclesia
909 2148 1032 2213 donare
1052 2171 1101 2232 po·

177 2236 254 2304 teet,
280 2233 460 2315 praesertim
490 2234 514 2292 ei
546 2252 613 2293 eam
643 2235 739 2295 donet
767 2235 820 2310 lie,
848 2232 958 2314 quibus
982 2234 1100 2315 eulpam

168 2312 337 2395 remiserit.
371 2314 526 2376 Remieeio
549 2335 623 2377 vero
646 2316 756 2397 eulpae
780 2323 827 2378 eet
848 2316 1018 2399 maximnm
1043 2335 1100 2379 om·

157 2398 262 2480 ‘finiam
284 2416 354 2458 oum
376 2403 484 2459 saneto
508 2398 692 2479 evaugelio,
729 2399 812 2478 quod
834 2397 964 2459 illinon
987 2399 1035 2459 ita
1056 2417 1099 2459 ou·

175 2476 247 2567 rapt
267 2486 320 2540 aut
344 2488 427 2540 oerte
448 2481 600 2561 ignorant.

441 2630 661 2693 Gonolneio
687 2630 832 2694 LXXII.

218 2731 245 2825 ‚ss
260 2758 319 2835 Qui
342 2779 416 2821 vero
438 2765 547 2822 eontra
567 2759 723 2819 licentiam
758 2765 790 2819 et
811 2758 967 2820 libidinem
993 2760 1098 2823 verbo·

171 2836 244 2985 {um
252 2841 288 2984 ¹d)
309 2844 538 2984 poncionetorie
560 2843 718 2903 veniarum
741 2861 842 2902 eurem
860 2840 965 2919 habet,
988 2844 1032 2904 sit
1050 2843 1099 2904 ille

199 2942 309 3068 enessii
324 2945 411 3069 ldirim
433 3007 528 3069 hodie
548 3005 643 3068 habet
663 3006 758 3067 vidua
780 3006 903 3083 Christi,
921 3013 1035 3069 eenota
1055 3026 1099 3069 eo·

176 3088 280 3165 olenio,
302 3097 336 3150 ut
356 3090 498 3151 omuibus
516 3090 622 3150 omnia
636 3089 759 3166 lioeent,
780 3091 1004 3170 etpraeeertin
1018 3091 1100 3153 theo·

174 3170 471 3254 logie'Soholastioie,
493 3173 573 3232 inter
594 3190 672 3251 quoe
695 3173 833 3233 iuvenire
854 3175 911 3249 eet,
934 3174 991 3252 qui
1013 3193 1098 3236 verae

169 3255 270 3315 ¹etiem
292 3256 461 3315 sententiae
484 3254 641 3325 damnent
663 3255 749 3315 nulla
770 3273 863 3316 oense
885 3255 945 3315 niei
967 3257 1043 3334 quia
1064 3275 1098 3317 ex

176 3354 232 3398 ruo
253 3337 340 3398 fonte
361 3355 426 3399 non
446 3336 644 3417 prodierunt,
679 3338 755 3417 ipeie
788 3344 891 3398 tumen
924 3337 1002 3399 lioet
1024 3357 1099 3400 aeae·

174 3428 258 3498 rere,
292 3419 373 3498 qnod
401 3419 485 3480 Deus
519 3425 682 3500 peomtum
710 3421 797 3496 ιιοιι,
827 3421 910 3481 Deus
940 3427 991 3482 eet
1012 3439 1099 3483 oauea

135 3555 139 3564 .
175 3500 263 3580 mali,
290 3501 416 3582 eulpae,
448 3511 479 3562 et
507 3500 603 3564 multa
632 3500 702 3564 alia.
745 3501 833 3578 Quae
860 3503 887 3563 ei
918 3504 987 3583 quie
1009 3509 1098 3586 poeta

175 3583 227 3646 vel
249 3590 356 3647 orator
381 3590 433 3661 (ιιι
454 3587 585 3663 vocant)
610 3590 665 3645 aut
686 3603 808 3665 graece,
829 3585 935 3664 latine,
957 3584 1112 3648 hebraiee'
1144 3630 1149 3642 .

230 3781 261 3848 1)
282 3781 314 3834 ln
332 3780 375 3835 ed.
393 3781 466 3837 lam:
486 3783 609 3837 verbum.
