2356 4200
161 270 227 339 5oe
462 265 541 321 Hert.
558 264 645 345 iroth«
656 263 790 321 nefando
856 312 859 317 .
882 310 885 315 .

165 438 310 517 tuterunt,
332 436 416 518 quod
438 456 501 499 non
523 443 589 499 erat
601 454 713 497 eorum.
724 432 847 511 offerre,
869 433 929 497 aed
949 433 1089 512 reddere,
1161 436 1165 443 '

162 523 205 602 hi,
226 520 311 602 quod
331 540 394 582 non
417 525 656 600 assumpserunt.
678 515 981 583 Juaenimdivinam
999 518 1089 580 etiam

184 624 219 670 er
239 611 370 667 mortem
392 604 506 666 assumi
529 602 642 681 debet,
670 607 702 663 et
723 600 808 662 nulia
831 619 928 666 eausa
944 599 1089 681 ¹relinqui.

161 624 235 767 gad,
255 696 289 750 ut
310 687 383 762 dixi,
394 686 521 765 Eooiua,
542 687 596 765 qui
614 683 778 747 in.luoidia
798 683 916 749 soholie
939 693 1091 765 vereatur,

162 769 224 833 alia
248 777 353 849 eurat,
381 789 473 850 quem
496 783 528 830 ut
549 768 782 849 grammaticam
803 765 912 830 discet.
943 766 1019 828 Ideo
1048 769 1088 849 ig-

164 853 355 917 noscendum
377 853 519 914 inscitiae
540 854 617 929 eiua,
639 849 734 929 quod,
755 849 944 932 nequequid
966 852 1017 929 eit,
1039 870 1088 911 ne·

164 954 225 1017 qne
247 936 404 1015 quomodo
428 933 611 997 servandum
635 935 675 994 eit
695 933 742 994 iua
766 933 915 1012 divinum,
936 935 1069 998 noverit

310 1087 513 1149 Artiouiue
536 1087 699 1167 quintus
723 1092 761 1145 et
780 1078 944 1147 aextua.¹

46 1286 50 1293 ι
164 1212 256 1276 Nulla
285 1214 362 1276 dixit
391 1232 460 1275 esse
491 1201 623 1276 tonsilia
649 1212 846 1294 evangeliea,
869 1211 942 1272 'aed
977 1217 1088 1295 omnia,

212 1290 307 1383 ‘quae
326 1299 359 1359 in
381 1298 546 1378 evangelio
565 1303 646 1374 aunt,
667 1295 748 1357 dixit
768 1314 838 1356 ease
858 1304 1040 1376 praeoepte.

165 1413 251 1476 Dixit
272 1415 382 1493 etiam,
417 1413 500 1493 quod
524 1414 608 1476 Deua
636 1416 775 1495 exigeret
802 1432 955 1475 summam
977 1415 1089 1494 perseo

163 1497 281 1567 tionem
312 1496 491 1577 aquoiibat
512 1496 704 1573 Christiano,
741 1503 772 1559 et
793 1494 1026 1565 observantiam
1047 1505 1089 1560 to-

239 1594 241 1598 ’
499 1581 559 1642 tius
579 1578 750 1662 Evangelii.
931 1610 933 1614 ·

247 1685 391 1765 Fratres,
423 1687 536 1765 quiex
558 1706 608 1747 me
629 1684 809 1762 audierant,
830 1703 894 1746 aon
915 1704 990 1747 eoae
1010 1686 1090 1748 huno

165 1767 323 1829 articulum
346 1769 384 1830 eb
407 1768 471 1830 ullo
494 1767 619 1847 dietum,
641 1769 738 1829 nihilo
760 1769 860 1828 aeoiua
893 1766 1090 1848 effinxerunt,

102 1893 105 1897 ψ
166 1849 276 1912 etitem
299 1852 434 1932 priorem
456 1860 583 1931 partem.
627 1852 760 1930 Verum,
782 1850 878 1912 Eooio
897 1870 986 1914 eram
1005 1853 1089 1934 igno·

166 1940 271 2011 tarne,
294 1934 377 2014 quod
400 1935 503 1996 alieno
525 1935 689 1996 mendacio
710 1934 818 1995 foieaet
839 1934 1012 2016 aeduotne,
1033 1937 1090 1998 aiei

165 2015 304 2079 viderem
333 2019 397 2079 suia
427 2019 546 2078 naeniis
578 2038 648 2078 aeae
678 2015 841 2079 ostendere
862 2018 1006 2098 ignarum
1029 2028 1088 2081 tem

165 2107 401 2180 praeceptorum
425 2119 517 2181 quam
539 2101 747 2163 consiliorum.
774 2100 892 2161 Ponam
922 2120 1000 2183 ergo
1022 2104 1089 2164 erti-

166 2182 267 2244 oulom
289 2185 451 2265 integrum.
479 2183 529 2244 Sio
551 2183 664 2245 dietum
696 2192 757 2244 est:
796 2181 937 2245 Consilia
959 2204 1089 2268 evange·

165 2264 226 2327 liae
246 2285 308 2327 non
331 2274 403 2327 eunt
424 2286 533 2347 supra,
558 2266 613 2327 aed
634 2267 713 2328 infra
733 2275 919 2347 praecepta,
950 2267 1014 2330 hoo
1035 2277 1089 2347 eat,

165 2349 296 2411 oonsilio
317 2358 389 2411 aunt
409 2349 560 2429 quaedem
572 2352 641 2411 viee
664 2357 695 2411 et
718 2350 903 2428 compendia
923 2350 1046 2413 feoiliua
1062 2361 1092 2413 et

164 2431 282 2495 felioius
303 2431 453 2512 implendi
478 2433 613 2494 orendati
635 2433 664 2508 ¹)
682 2434 749 2495 Dei.
771 2431 847 2494 Ideo
871 2434 967 2494 etiam
988 2454 1089 2497 serva·

165 2515 205 2576 tia
226 2516 363 2576 oonsiiiie
385 2513 522 2576 nondum
544 2518 703 2596 impletum
733 2523 780 2577 eat
800 2524 1004 2598 praeceptum
1025 2520 1089 2595 Dei,

165 2615 236 2659 nanr
249 2597 375 2661 Rom.7.
399 2599 560 2678 apostolae
583 2600 665 2676 dioit,
688 2619 722 2660 ee
743 2600 858 2660 servire
880 2599 946 2681 legi
970 2604 1088 2681 peooati

165 2687 198 2742 et
219 2680 334 2743 habere
354 2690 516 2761 peecatum
538 2683 569 2742 in
592 2702 684 2743 earne
706 2702 761 2743 sua
788 2678 891 2764 (quod
914 2685 1026 2764 utique
1046 2695 1089 2746 eat

165 2771 273 2826 eontra
284 2774 481 2844 praeceptum
493 2763 582 2847 Dei),
606 2773 638 2826 et
658 2774 761 2825 tamen
775 2764 900 2827 vivebat
921 2769 956 2827 in
969 2786 1089 2829 summo

165 2844 264 2924 gradu
289 2847 498 2909 consiliorum.

247 2926 318 2987 Non
331 2947 407 3011 ergo
430 2930 585 2992 distinotio
608 2939 656 2990 eat
675 2933 756 2992 inter
768 2931 934 2992 eonsilium
957 2942 992 2994 et
1008 2953 1090 3015 prae·

164 3014 297 3088 ceptum,
320 3011 404 3090 quod
426 3013 586 3074 eonsilium
610 3013 679 3093 plus
701 3032 793 3093 quam
814 3025 1022 3096 praeoeptum
1044 3019 1089 3094 eit,

164 3090 208 3150 aio
229 3092 310 3152 enim
323 3103 426 3154 errant
447 3102 478 3156 et
499 3106 653 3176 nugentur
674 3096 822 3177 theologi,
844 3097 900 3157 sed
924 3100 1013 3178 qnod
1024 3109 1092 3162 eant

163 3171 265 3234 madia
299 3176 510 3239 commodiora
541 3179 582 3240 ad
602 3186 812 3260 praeoeptum.
839 3179 979 3244 Faoiliua
1011 3184 1091 3245 enim

164 3257 312 3336 eontinet,
334 3259 505 3338 quividuue
527 3269 581 3322 eut
603 3263 692 3343 virgo
710 3269 758 3322 eet
776 3270 941 3342 reparatus
964 3285 986 3326 a
1007 3286 1091 3345 sexu,

163 3356 255 3482 qmdm
278 3342 440 3483 ogpnlatue
463 3361 532 3404 oum
555 3364 642 3422 sexu,
664 3347 717 3425 qui
740 3347 1020 3425 concupiscentiae
1041 3349 1092 3411 eli-

162 3423 213 3500 qui
256 3441 292 3484 oe
315 3427 346 3488 it.

242 3503 392 3587 Proinde,
413 3515 502 3587 'quae
522 3508 635 3572 Eooiue
657 3531 697 3571 ex
719 3511 864 3591 apostolo
890 3511 930 3596 *)
956 3513 1093 3595 adducit,

174 3622 597 3644 Μαι-

213 3681 245 3743 1)
266 3680 298 3734 In
318 3683 362 3738 ed.
380 3684 456 3740 Jen.:
475 3686 618 3743 mandata.

214 3749 245 3820 *)
267 3753 292 3807 1.
311 3753 374 3809 Cor.
395 3755 421 3812 2.

1161 2818 1167 2941 ἰ

1163 2952 1167 3019 t
