2356 4200
506 269 657 327 usuarii.
982 265 1044 333 431

123 434 213 514 negti
233 437 318 499 illam
345 439 506 501 transferre
537 437 746 504 consuevisse,
799 438 849 497 Ac
880 445 1045 518 propterea

125 538 255 585 omues
268 527 332 583 tam
364 523 452 584 vivos
479 540 593 600 quam
599 519 794 598 defunctos,
815 519 869 598 qui
896 521 1045 583 veraciter

125 621 234 662 omnes
255 601 465 685 Indulgentiae
487 602 662 664 huiusmodi
685 604 842 669 consecuti
864 601 1044 681 tascium

124 691 213 747 tauta
232 687 407 784 tmporali
415 706 518 768 poena
543 685 710 746 secuudum
744 685 877 745 divinam
899 686 1044 746 iustitiam

124 786 182 848 pro
203 772 339 848 peccatis
362 771 426 832 suis
447 769 618 832 actualibus
640 767 744 831 debita
765 768 901 847 liberari,
931 775 1045 848 quauta

125 869 295 914 concessae
317 859 348 913 et
369 853 537 933 acquisitae
556 852 770 932 Indulgentiae
790 851 972 931 aequivalet.
1006 851 1045 913 lat

126 936 170 995 ila
192 933 230 995 ab
253 936 395 997 omnibus
417 937 513 999 teneri
530 944 567 1003 at
587 935 758 1017 praedicari
781 934 892 997 debere
913 933 970 995 sub
993 954 1044 996 ax-

125 1020 413 1081 communicationis
434 1016 696 1085 laussenautiae
712 1035 823 1099 poena,
846 1035 940 1096 aqua
961 1017 1044 1079 illam
1125 1070 1128 1076 .

125 1100 315 1163 incurrentes
334 1102 372 1163 ab
396 1097 467 1181 alio,
489 1120 581 1181 quam
603 1121 622 1161 a
643 1100 786 1163 Romano
807 1100 965 1179 Pontifice,
987 1102 1044 1161 nisi

125 1185 156 1245 iu
179 1187 284 1245 mortis
307 1185 446 1265 articulo,
464 1191 619 1264 nequeant
640 1183 842 1245 absolutionis
864 1182 1044 1247 beneficium

126 1265 282 1341 obtinere,
316 1269 480 1331 autoritate
514 1266 704 1348 apostolica,
740 1267 908 1329 earundem
938 1274 1045 1333 tenore

125 1353 333 1430 praesentium
354 1350 553 1416 deseruimus.
580 1396 583 1403 -
682 1369 686 1380 ·

84 1442 87 1453 '
209 1433 249 1495 Et
271 1454 310 1494 ue
331 1434 483 1514 quispiam
504 1433 544 1494 de
570 1433 746 1513 praemissis
775 1432 876 1494 valeat
902 1435 1045 1513 ignorau-

125 1517 201 1577 tiam
222 1517 302 1597 alleg
283 1536 366 1595 aare,
387 1517 657 1597 circumspectioni
673 1516 951 1594 tuaamaudamus,
971 1535 1052 1596 quse,

124 1605 232 1663 tenus
250 1602 408 1661 uniuersos
442 1607 472 1662 et
508 1598 646 1678 singulos
673 1597 860 1661 Germaniae
887 1599 1045 1695 archiepi-

126 1699 251 1778 scopos,
273 1684 458 1764 Episcopos‚
480 1689 511 1743 et
532 1683 609 1745 alios
632 1681 778 1745 lucorum
786 1681 990 1759 ¹ordinarios,
1012 1683 1046 1747 ia

127 1765 238 1827 virtute
258 1772 386 1842 sanctae
415 1764 633 1842 obedieutiae,
652 1771 683 1825 ct
710 1763 767 1829 sub
795 1765 1006 1845 suspensionis
1026 1784 1051 1827 a·

127 1846 237 1909 divims
259 1862 383 1928 poena,
391 1867 531 1927 moneas,
552 1848 659 1926 eisque
681 1846 1055 1929 districtepraecipiautio,¹

126 1929 269 2002 mandes.
306 1939 339 1992 ut
373 1936 551 2012 praesentas
583 1930 687 1993 literas
718 1930 785 1995 sius
809 1949 918 1991 eurum
950 1938 1053 1995 trans.

97 2065 114 2086 ,
127 2022 292 2094 sumptum,
314 2014 392 2079 infra
413 2014 533 2110 tompus
556 2030 612 2094 per
632 2012 940 2093 circumspectionem
961 2020 1053 2078 tuam

127 2097 172 2159 eia
201 2096 450 2176 praeligendum,
478 2099 511 2159 in
547 2115 653 2163 eorum
683 2095 838 2173 ecclesiis,
870 2095 941 2157 dum
970 2095 1053 2163 inibi.

126 2179 267 2274 papuli
255 2179 416 2242 multitudo
439 2179 482 2241 ad
500 2176 804 2256 diviuaoonvenerit‚
826 2177 993 2259 publicare,
1008 2186 1053 2245 etz

127 2261 209 2327 cinca
228 2261 437 2342 indulgentias
471 2261 658 2343 praedictas,
671 2224 848 2342 supradicta
876 2260 933 2323 sub
954 2261 1045 2323 simii

126 2346 454 2409 excommunicationis
477 2345 558 2411 latae
578 2346 750 2407 sententiae
768 2353 991 2425 poeuatenera
1013 2351 1044 2407 at

126 2427 309 2508 praedicare
330 2427 472 2507 debeant,
494 2435 526 2488 at
545 2427 646 2495 nullus
661 2436 771 2499 contra
784 2447 824 2491 aa
838 2427 1045 2508 quovismodo

126 2511 240 2573 directe
262 2513 310 2572 vel
333 2511 480 2573 indirecte
502 2510 610 2572 venire
626 2519 812 2592 pnsesumat
854 2511 922 2577 Tibi
936 2511 1055 2577 sibilo.

127 2594 228 2657 miuus
258 2600 368 2655 contra
389 2601 625 2691 praesumentes
653 2601 684 2657 st
704 2593 915 2659 inobedientes
937 2611 1045 2674 proca·

126 2675 228 2754 uendi,
250 2677 382 2757 illosque
404 2676 512 2738 debitia
535 2678 653 2762 poenis,
676 2677 785 2757 quibus
808 2677 861 2738 tibi
883 2675 1043 2756 videbitur,

125 2759 272 2838 puniendi
297 2759 421 2840 plenam
449 2767 479 2821 et
502 2759 629 2823 libatam
658 2762 753 2822 etiam
784 2779 851 2840 par
865 2767 1044 2841 praesentes

126 2842 324 2907 cunemannus
345 2843 574 2920 facultatem,
566 2863 596 2903 rn
630 2843 814 2905 contrarium
837 2862 900 2904 non
922 2842 1045 2907 nunsu-

126 2923 208 2987 tibua
228 2925 468 3005 quibuscunque.
495 2976 498 2983 .

208 3008 248 3070 Et
269 3009 341 3088 quia
363 3007 484 3069 difficile
505 3007 583 3073 toret
596 3007 719 3069 easdem
740 3008 1047 3088 praeseuleabitaras

125 3089 166 3155 ad
187 3092 309 3171 singula
330 3109 470 3171 quaeque
492 3089 571 3169 loca,
593 3092 625 3152 in
639 3090 748 3170 quibus
766 3092 933 3172 expediens
945 3092 1045 3169 fuerit,

125 3172 260 3253 deterre,
293 3173 434 3236 volumus
476 3182 507 3234 et
543 3173 626 3235 dicta
651 3175 815 3237 autoritate
843 3174 1047 3255 decernimus

124 3255 244 3317 illarum
283 3257 497 3337 transsumptis
533 3276 625 3317 manu
645 3294 647 3299 ‹
666 3256 784 3338 publici
815 3256 933 3319 Notarii
972 3258 1056 3321 inde.

123 3340 227 3419 rogati
252 3338 447 3420 subscriptis,
482 3346 514 3401 et
548 3338 648 3419 sigillo
678 3339 806 3401 alicuius
829 3339 959 3402 Praelati
988 3360 1055 3403 seu

125 3421 281 3483 Personae
302 3423 332 3481 in
356 3423 504 3503 dignitate
532 3422 740 3483 ecclesiastica
770 3425 954 3486 constitutae
979 3443 1044 3487 mu·

107 3503 206 3584 'uitia
228 3505 277 3566 vel
299 3505 402 3567 curias
417 3506 656 3583 ecclesiasticae,
671 3525 710 3568 aa
730 3524 855 3586 prorsus
877 3507 908 3567 in
930 3507 1043 3569 iudicio

125 3593 157 3647 et
177 3595 281 3665 carba,
315 3606 354 3648 ac
382 3587 458 3650 alias
488 3587 613 3659 ubilibet
633 3587 710 3649 fides
733 3588 931 3666 adhibeatur,
964 3609 1044 3670 quas

123 3669 336 3750 praesentibus
364 3669 572 3749 adhiberetur,
595 3671 626 3743 ‚si
652 3671 783 3733 fuissent
808 3670 965 3743 exhibitas
994 3673 1044 3735 val

125 3760 276 3819 ostensae
326 3753 443 3823 Datum
466 3753 599 3827 Romae.
612 3753 695 3835 apud
723 3753 754 3817 R
777 3755 919 3838 Petrum,
950 3755 1047 3825 Anna.

383 3890 407 3915 ΓΒ

370 3904 415 3965 aa

380 3970 399 3987 *b
