2356 4200
469 310 495 352 a.
514 297 715 356 tott'habrtr.··
1007 299 1050 369 49

134 462 328 547 hensibiliter‚
342 466 423 547 2quis
443 468 526 531 enim
548 467 640 551 dieat,
663 468 991 549 qu0m0d0.·formetur
1012 473 1051 537 ab

134 569 191 612 ore.
233 550 353 627 Tertio,
374 548 475 610 induit
485 568 605 613 vocem.
649 544 777 633 Quarto,
800 552 940 637 indutum
962 574 1051 636 vose,
1157 576 1160 580 ·

132 652 195 694 oum
218 634 259 694 sit
279 654 385 712 unum,
406 633 441 693 in
453 632 567 696 multos
581 634 767 717 dispergitur
789 643 820 696 st
831 636 943 698 multas
961 657 1051 700 aures

131 716 233 798 replet
275 715 412 795 Quinto,
444 718 580 783 maxima
606 736 677 799 pars
711 720 777 779 eius
813 738 876 780 non
906 722 991 782 venit
1018 723 1050 782 in

130 818 214 861 aures
247 800 304 860 sed
336 801 369 859 in
395 817 503 880 auras,
532 799 584 862 ubi
612 820 676 862 non
710 803 877 882 persipitur
904 802 942 864 ab
976 804 1051 882 uilo,

130 884 196 962 quia
218 901 296 944 aura
317 901 381 944 non
410 881 512 959 habet
530 903 630 959 aures.
673 883 769 945 Sexto
796 883 836 945 ad
864 903 953 945 aures
981 905 1050 947 oum

128 966 287 1047 pertingit,
318 971 475 1026 ettamen
496 962 559 1027 uon
580 965 702 1039 auditur
722 973 755 1028 st
774 973 893 1047 movet,
923 973 955 1028 et
976 969 1050 1029 mui-

128 1056 172 1110 tae
215 1048 299 1117 alise
339 1048 533 1115 oonditiunes
572 1049 744 1129 mirabiles,
790 1068 881 1129 quas.-
907 1051 1048 1130 relinquo

127 1132 201 1192 aliis.
245 1130 328 1223 Quia
350 1118 541 1217 orgo-Filids
562 1132 623 1194 Dei
642 1133 819 1193 incarnatus
839 1132 946 1194 ornnes
973 1134 1049 1194 istas

127 1214 322 1277 conditiones
349 1215 457 1295 habet,
483 1217 605 1296 optime
634 1208 927 1279 vocatur-verbim.
969 1215 1049 1277 Nam

127 1299 242 1377 primo,
276 1297 361 1378 quod
387 1300 427 1358 sit
451 1296 605 1380 sapientia
631 1303 662 1359 et
689 1299 816 1378 veritas,
848 1297 962 1359 dietum
991 1306 1048 1364 est.

127 1379 282 1460 emunda,
304 1399 421 1442 exors
442 1382 593 1455 altissimo
617 1380 730 1462 prodit,
756 1382 835 1442 siout
854 1380 974 1443 Eooies.
996 1383 1047 1445 24.

126 1462 249 1544 dieitur,
282 1461 460 1525 ineffabilis.
479 1465 611 1539 seilicet.
660 1463 765 1524 Tertio
796 1463 897 1524 induit
926 1483 1047 1542 vooem,

126 1547 180 1608 ie.
205 1565 335 1609 earnem
346 1546 508 1618 visibilem.
551 1546 667 1623 Quarto
691 1547 736 1606 sio
748 1545 888 1607 indutum
910 1552 942 1607 et
952 1567 1046 1607 unum

126 1628 312 1710 dispergitur
332 1630 373 1691 in·
385 1629 511 1710 multos,
530 1631 605 1710 quia
627 1650 646 1691 a
669 1628 770 1689 multis
786 1648 823 1690 oo
847 1630 993 1710 noscitur,
1016 1638 1048 1691 et

126 1712 223 1793 replet
243 1731 337 1775 aures
358 1713 677 1794 eorumperauditnm
695 1710 778 1774 fidei.
821 1649 935 1787 duinto
949 1713 1048 1775 maior
1098 1713 1100 1717 ”

126 1815 198 1875 pars.
215 1797 306 1856 venit
329 1797 361 1857 in
384 1815 497 1881 auras„
515 1798 591 1876 ‚quia
619 1796 706 1857 multi
732 1794 882 1865 inereduli
902 1802 934 1857 et
955 1797 1047 1876 pauni

127 1877 241 1945 fideles.
286 1877 394 1957 Sexto,
416 1879 457 1940 ad
474 1879 612 1941 auditum
633 1885 737 1940 tamen
758 1879 844 1940 veuit
865 1884 896 1940 et
916 1879 990 1939 iaait
1011 1898 1045 1940 se

125 1962 221 2023 solum
250 1960 367 2041 aedui,
395 1963 414 2023 i.
444 1981 472 2037 a
499 1963 599 2024 solam
625 1960 718 2022 fidem
744 1961 882 2035 nondum
909 1963 1045 2042 speeiem

124 2044 263 2125 exhibet,
291 2043 351 2105 sed
378 2051 482 2107 tamen
504 2047 535 2105 in
557 2047 617 2106 isto
639 2043 745 2105 auditu
770 2042 1045 2121 intusetiioaoiter

124 2134 270 2208 operatur
282 2126 494 2205 eruditionem
502 2134 533 2189 et
543 2128 685 2207 salutem,
708 2129 787 2189 siout
798 2127 912 2188 dietum
931 2127 1041 2190 Ps.21:

124 2209 294 2273 deseendet
321 2212 402 2272 siout
421 2211 526 2292 pluvia
546 2213 579 2271 in
600 2211 699 2273 vellus
728 2214 760 2272 et
786 2212 866 2270 siout
887 2209 1043 2270 stillicidia

123 2294 272 2355 stillantia
305 2314 399 2374 super
425 2302 554 2374 terram,
586 2293 668 2374 quod
696 2294 852 2374 proprium
881 2299 928 2354 est
948 2291 1042 2371 verbi,

113 2376 179 2439 [hoo
208 2378 295 2438 enim
318 2378 363 2437 sio
389 2377 472 2439 eadit
496 2397 589 2458 super
608 2377 760 2456 homines,
783 2383 813 2436 et
833 2376 938 2455 utique
959 2375 1042 2436 Chri-

124 2467 184 2520 stus
196 2462 244 2521 sio
257 2459 420 2521 deseendit
431 2480 487 2542 per
497 2460 745 2541 praedicationes
760 2461 791 2519 in
804 2458 937 2540 populos
952 2476 1042 2538 quos·

124 2562 253 2622 cunque,
275 2544 320 2603 uti
333 2545 401 2603 siue
423 2563 518 2624 opere
539 2563 683 2605 manuum
705 2543 818 2624 pluvia,
841 2547 872 2602 et
894 2542 960 2602 siue
980 2561 1041 2601 ms-

123 2627 183 2686 ritis
205 2627 311 2707 gratia
322 2625 436 2687 Christi
459 2626 629 2690 descendit.
672 2625 743 2688 Non
761 2625 917 2686 invenitur
938 2631 1040 2685 autem

123 2709 249 2771 verbum
272 2710 305 2769 in
326 2709 389 2770 alia
413 2716 566 2788 ereatura„
585 2711 724 2789 quamuis
740 2710 773 2769 in
793 2707 954 2768 iamdictis
975 2707 1041 2768 iite-

122 2794 159 2852 ris
182 2791 314 2863 verbum
334 2793 366 2853 in
396 2793 533 2872 qualibet
553 2794 726 2854 inveniatur
747 2790 880 2871 aliquid,
907 2790 988 2870 quod
1012 2792 1041 2851 ei

123 2876 187 2935 viae
208 2874 297 2937 verbi
319 2881 382 2954 est,
411 2882 443 2936 et
463 2876 495 2937 id
517 2878 545 2938 ei
567 2876 648 2955 facit,
672 2875 755 2954 quod
783 2875 904 2935 animae
927 2874 1040 2954 eogita-

123 2958 162 3018 tio
183 2957 236 3021 vel
269 2960 392 3038 corpori
418 2958 551 3020 hominis
582 2959 708 3019 verbnm
734 2957 853 3022 vooale.
897 2955 977 3032 Quin
998 2958 1040 3029 vi-

123 3039 248 3102 deamus
272 3041 497 3122 paululumpro
520 3042 720 3105 meditatione
741 3046 856 3119 nostra,
878 3046 912 3101 ut
929 3042 955 3100 si
976 3060 1039 3101 non

123 3123 150 3183 in
172 3125 260 3185 omni
281 3144 316 3185 re
337 3124 464 3187 verbum
486 3126 696 3205 inveniamus,
723 3123 806 3204 quod
834 3123 960 3186 verbum
982 3125 1040 3186 Dei

124 3206 257 3285 audiret,
290 3214 396 3269 tamen
429 3207 543 3287 aliquid
573 3209 673 3270 simile
707 3207 799 3269 verbo
835 3208 1039 3288 inveniamus,

124 3289 203 3367 quod
237 3290 411 3357 seeundum
448 3311 536 3351 suurn
567 3292 695 3372 gradum
726 3292 800 3351 linet
832 3291 1038 3372 imperfectius

123 3371 200 3434 idem
222 3380 446 3455 repraesentet.
489 3374 584 3455 Igitur
604 3380 751 3456 ponatur:

147 3925 232 3973 tader!
244 3943 295 3980 opp,
314 3926 334 3972 V.
347 3932 375 3972 A.
388 3926 420 3972 ad
429 3935 471 3976 tot
483 3935 533 3977 litat
547 3938 562 3978 t
575 3950 600 3990 p.
618 3940 660 3984 Vol
673 3944 691 3986 Ι,
805 3911 829 3985 4
