2356 4200
121 287 185 351 444
530 292 661 357 laetiori

128 478 208 540 inus,
231 462 347 523 utiam
369 462 408 523 sit
430 462 566 542 spiritum
589 461 801 539 exhalaturus,
823 462 899 523 alias
922 463 1047 543 quando

127 544 185 606 erit
215 546 385 606 necessitas
415 545 575 606 extrema?
621 545 785 624 Videlicet,
814 547 900 625 quasi
924 548 1046 626 spiritns

125 633 249 689 sanctus
264 629 305 699 ait
316 620 396 690 adeo
414 629 566 704 indoctus,
587 634 704 705 ut,onm
719 628 897 708 simpliciter
913 632 1045 692 necessi·

124 718 219 771 tatem
243 709 362 790 dixerit,
385 731 447 772 non
470 711 632 789 intellexit,
655 731 708 773 seu
731 711 843 773 oblitus
864 718 915 802 pst
930 713 1046 775 addere

124 800 306 870 extremam,
327 795 377 854 vel
400 796 501 874 quasi,
527 795 609 874 quod
631 795 744 856 nostris
766 795 958 857 scholasticis
982 804 1047 858 erat

123 877 374 956 relinquendum,
404 898 444 938 ne
465 878 576 939 trustra
596 879 655 958 ipsi
678 896 801 956 quoqne
822 879 973 940 vixissent
994 888 1045 943 aut

50 1022 53 1027 ,
121 959 316 1036 docuissent,
349 981 418 1038 cur,
447 980 581 1039 quaeso,
607 963 675 1040 ipsa
702 960 875 1021 humanitas
897 963 1044 1026 naturalia

123 1043 278 1121 tantam1)
302 1043 397 1109 habet
416 1043 596 1123 bonitatem,
618 1050 652 1104 ut
672 1044 766 1124 gratis
783 1063 817 1104 se
834 1043 954 1122 offerat,
978 1047 1041 1122 nul-

123 1127 183 1186 lam
213 1136 371 1206 exspectet
398 1129 631 1198 necessitatem,
660 1127 722 1187 imo
750 1126 883 1197 sollicita
912 1134 975 1206 est,
1004 1149 1043 1190 uc

124 1210 160 1268 rit
186 1211 386 1295 necessitas,
423 1216 454 1270 et
482 1212 592 1271 ear-itas
621 1210 678 1270 Dei
716 1209 1039 1289 incomparabiliter²)

123 1293 282 1372 'renignior
311 1293 426 1353 nullum
456 1293 577 1355 illorum
608 1293 702 1352 facit?
749 1293 886 1353 Videsne
921 1295 1041 1372 iterum,

122 1376 380 1436 contaminatores
417 1385 486 1436 esse
529 1378 696 1456 scripturae
743 1375 887 1436 doctores
924 1377 1040 1439 schola

124 1457 234 1519 rticos?

200 1540 256 1603 Ec.
278 1541 370 1602 Plura
391 1550 520 1621 possent
542 1542 602 1601 dici
624 1541 663 1601 de
684 1540 882 1619 sequentihus
900 1542 1039 1623 proposi·

131 1623 268 1700 ionibus,
298 1643 425 1704 quarum
445 1625 549 1705 plures
572 1632 643 1685 sunt
662 1625 804 1684 incoctas
826 1629 858 1685 et
878 1624 1039 1704 insipidae,

124 1706 176 1765 risi
201 1707 294 1785 dicas,
316 1705 399 1786 quod
421 1707 601 1769 Bohemianr
623 1707 752 1788 sapiant

200 1789 288 1851 Luth.
309 1790 393 1851 Ecce
416 1809 452 1851 os
475 1789 589 1851 effrene
617 1797 649 1850 et
676 1790 800 1870 plenum
823 1789 1038 1852 maledictione

92 1915 95 1925 f
128 1878 149 1931 c
175 1873 387 1933 amaritudine.
429 1873 661 1954 Propositiones
683 1873 772 1950 illae,
802 1873 960 1952 quianon
982 1872 1037 1934 nisi

127 1956 274 2016 ¹critatem
299 1962 330 2016 et
351 1957 497 2036 pietatem
519 1957 650 2036 proximi
672 1955 858 2016 fructuosam
870 1957 1037 2034 continent,

128 2037 186 2098 deo
200 2039 348 2099 sterilium
361 2038 630 2120 indulgentiarum,
649 2046 681 2098 et
701 2038 776 2098 nulli
797 2038 856 2098 nisi
879 2057 935 2099 suo
959 2058 1037 2101 com·

129 2120 210 2182 nodo
241 2121 359 2181 utilium
393 2128 514 2183 amator
540 2121 724 2189 Bohemicas
753 2126 854 2181 vocat.
905 2121 947 2181 at
967 2141 1037 2202 quo·
1064 2130 1066 2135 '

122 2203 211 2265 nodo
241 2211 344 2283 potest
377 2204 493 2264 invidia
527 2204 610 2264 aliud
646 2222 770 2283 nomen¹
801 2204 875 2264 dare
910 2206 1036 2281 caritati,

129 2306 207 2364 lnam
228 2288 419 2367 pessimum?
461 2286 546 2368 Ego,
568 2288 687 2347 etiamsi
708 2286 819 2346 Eccius
841 2293 925 2347 esset
948 2307 1036 2368 anga-

129 2389 173 2447 us,
194 2370 224 2428 in
248 2369 349 2430 medio
373 2369 545 2450 Seraphim,
567 2369 667 2430 adhuc
689 2368 759 2430 dico
782 2371 881 2448 ipsum
899 2389 970 2432 esse
987 2373 1037 2431 im·

128 2452 286 2512 dissimum
308 2452 429 2514 hostem
452 2453 585 2513 caritatis
608 2452 864 2531 seductoremqne
892 2453 1037 2534 simplicis

130 2535 240 2615 repuli,
269 2534 339 2595 dum
363 2535 455 2613 docet
477 2536 597 2596 steriles
618 2535 825 2616 indulgentias
848 2536 966 2616 populo
989 2536 1037 2598 bo·

128 2637 171 2676 ras
193 2637 280 2696 esse,
302 2637 339 2677 ac
361 2619 496 2678 caritatis
519 2617 780 2699 praedicationem
806 2637 875 2678 esse
897 2619 1036 2680 Bohemi-

128 2719 185 2772 rum
212 2719 365 2781 saporam.

197 2782 253 2846 Ec.
274 2782 317 2844 At
338 2784 535 2844 irreverentia
552 2784 581 2842 in
596 2784 640 2843 eis
655 2782 858 2863 ponderanda
870 2791 918 2844 est
929 2786 1035 2848 summi

126 2866 201 2943 ronJ
226 2867 269 2926 cis
292 2874 409 2928 sancta.

164 2946 285 3011 stum.
308 2949 393 3010 Prius
415 2949 456 3009 fui
476 2948 657 3029 haereticus,
680 2948 846 3024 Bohemus,
858 2949 1036 3027 virulentus,

128 3030 249 3110 lenique
271 3032 343 3110 quid
366 3031 451 3093 non?
494 3031 583 3091 Nunc
600 3051 639 3092 ne
656 3032 730 3091 nihil
742 3032 814 3092 mali
828 3051 891 3093 non
903 3032 1036 3111 fecerim,

40 3116 45 3123 “
129 3133 286 3176 rreverens
314 3135 381 3175 sum
411 3133 530 3174 summo
559 3113 706 3195 pontifici.
756 3115 882 3192 Eccius,
913 3116 1035 3191 iuratus,

128 3202 150 3256 rt
179 3215 228 3256 me
258 3197 367 3259 obruat
393 3196 626 3273 maledictione,
655 3197 765 3257 Timon
795 3197 905 3276 aliquis
941 3199 1035 3260 iactus

125 3288 174 3357 est,
197 3286 250 3342 aut
270 3279 391 3362 dignus,
414 3280 465 3360 qui
482 3279 600 3360 Lyndio
622 3280 747 3340 Herculi
762 3299 882 3341 summo
901 3281 1035 3362 iungere·

126 3361 363 3425 ‚ursacerdotio
385 3363 468 3424 Deus
486 3362 576 3440 bone,
596 3363 711 3422 nihilne
732 3362 814 3423 aliud
837 3365 924 3424 novit
945 3365 1034 3426 homo

129 3452 191 3523 ste,
228 3465 318 3524 qnam
351 3445 550 3523 maledicere,
580 3444 809 3522 contumeliari,
844 3444 1031 3522 calumniari,

123 3528 354 3608 -rtasphemaret
386 3536 416 3588 et
438 3529 598 3604 interiml)
629 3535 731 3588 tamen
754 3537 801 3588 est
822 3529 1033 3590 reverendissi-

312 3667 462 3675 .....-.—.—....
468 3669 535 3675 .—

169 3735 198 3798 1)
227 3736 259 3788 In
283 3734 327 3788 ed.
359 3735 433 3789 dem:
466 3740 583 3788 tantum.
620 3735 653 3799 2)
680 3734 763 3788 Ibid:
800 3737 1030 3806 comparabiliter.

121 3806 147 3876 l)
167 3806 197 3861 ln
217 3806 260 3862 ed.
280 3807 355 3860 Witt.
376 3811 403 3860 et
421 3806 495 3876 apud
512 3806 643 3861 march:
667 3808 792 3865 interae..
