2356 4200
122 284 186 352 252
371 286 566 344 Resolutionss
585 286 692 357 Disput.
713 286 791 342 lauth.

123 478 194 538 nes,
215 464 308 540 atque
333 459 558 539 indulgentiae,
591 465 623 521 et
651 478 743 520 verae
766 452 983 541 indulgentiae
1006 461 1045 537 (si

121 540 252 625 rigidam
280 542 364 604 verbi
394 541 649 624 significationem
680 543 892 622 accipimus),
932 543 966 604 id
994 542 1046 620 est,

123 625 301 686 molliculae
343 624 561 706 permissiones
595 625 815 703 delicatorum,
857 624 1047 704 frigidorum,

124 707 268 770 durorum
292 707 550 788 Christianorum,
588 709 707 788 idest,
749 708 998 770 Gabaonitarum
1020 715 1049 770 et

123 790 397 872 Hydrophororum
420 811 458 853 ac
478 811 648 870 servorum,
669 793 768 874 magia
791 810 884 871 quam
897 791 1047 857 Israelita·

123 894 189 936 rum
211 875 381 956 principum
404 881 496 954 atque
518 873 702 951 tiliorum*).

279 1074 404 1136 Probo
427 1081 552 1137 autem
575 1074 890 1159 conclusionem:
955 1132 960 1149 ,
1024 1070 1029 1077 ’

205 1201 237 1264 Si
267 1207 362 1284 opera
390 1204 524 1264 cantatis
545 1203 661 1265 fervide
689 1205 845 1284 agentium
867 1210 942 1264 sunt
965 1204 1048 1283 talis,

122 1294 155 1347 ut
184 1305 275 1347 nemo
306 1287 337 1347 in
367 1286 410 1345 eis
439 1285 594 1348 confidere
622 1293 821 1361 autsecurus
844 1305 916 1347 essa
939 1287 1049 1368 possit,

123 1369 272 1450 siquidem
305 1376 336 1430 et
366 1368 427 1430 Job
455 1370 664 1430 sanctissimus
675 1367 731 1442 *ἢ
782 1375 906 1430 veretur
944 1371 1049 1433 omnia

124 1471 219 1535 opera
240 1471 304 1531 sua,
328 1458 372 1512 et:
394 1452 507 1512 Beatus
530 1453 575 1513 vir
584 1455 634 1532 qui
656 1453 743 1513 timet
754 1452 932 1531 Dominum,
957 1453 1047 1515 item:

122 1535 236 1596 Beatus
258 1535 304 1594 vir
325 1536 376 1614 qui
398 1554 520 1614 semper
548 1543 596 1596 est
623 1534 770 1616 pavidus,
802 1543 918 1615 quanto
950 1537 1048 1617 magis

123 1618 234 1678 veniae
261 1617 542 1698 incomparabiliter
568 1619 728 1679 inferiores
757 1617 868 1679 talibus
892 1618 1048 1698 operibus,

121 1699 192 1780 plus
214 1719 306 1780 quam
329 1719 398 1761 cum
420 1702 530 1762 timore
553 1695 778 1781 suscipiendae,
800 1701 944 1762 etminus
958 1720 1047 1783 quam

122 1781 266 1843 fiduciam
289 1785 455 1860 minimam,
477 1782 507 1844 id
531 1790 593 1862 est,
614 1783 728 1845 nullam
750 1802 876 1864 prorsus
899 1782 1048 1846 debemus

122 1862 245 1927 habere.
290 1864 419 1927 Sanctus
441 1868 538 1944 timet,
562 1887 601 1927 ne
623 1868 721 1926 minus
745 1873 897 1946 operetur,
919 1873 977 1928 ant
997 1886 1047 1948 pe·

122 1951 215 2009 tiatur
236 1969 327 2028 quam
350 1948 451 2011 debet.
485 1949 526 2009 Et
546 1949 597 2009 ubi
618 1955 765 2030 peccator
785 1949 851 2028 erit,
873 1950 922 2009 cui
945 1950 1048 2010 remit

123 2032 204 2110 titur,
226 2039 259 2092 ut
280 2033 380 2092 minus
403 2038 490 2112 agat,
515 2033 581 2112 et¹)
607 2051 699 2112 agere
721 2032 842 2111 possit?
884 2031 926 2092 Et
955 2051 1048 2112 quan-

122 2121 186 2174 tum
208 2121 331 2175 nostros
354 2115 537 2193 vaniloquos
560 2123 591 2176 et
613 2115 759 2175 mentium
783 2121 983 2194 corruptores
1004 2116 1046 2176 in·

124 2197 242 2276 telligo,
264 2197 379 2257 faciunt
400 2197 489 2258 nobis
512 2217 551 2258 ex
573 2197 699 2277 negotio
720 2197 981 2276 indulgentiarum
999 2218 1047 2259 ne

123 2281 240 2360 gotium
270 2278 487 2360 perambulans
516 2281 548 2340 in
580 2280 734 2358 tenebris,
770 2287 801 2340 et
834 2281 1046 2360 operationem

126 2364 257 2440 erroris,
290 2362 361 2422 dnm
387 2382 443 2442 per
464 2361 532 2457 illap
554 2362 728 2431 hominibus
750 2362 893 2422 fiduciam
917 2363 1049 2424 suadent

125 2444 284 2524 omnibus,
307 2463 387 2524 quae
408 2450 512 2505 tamen
534 2447 640 2526 paucis
663 2446 868 2520 conveniunt,
902 2452 933 2505 et
971 2445 1046 2521 iis²)

128 2526 180 2612 (ut
201 2527 282 2601 dixi)
307 2527 424 2608 frigidis
447 2546 484 2587 ac
504 2527 641 2589 infirmis.
684 2527 772 2605 Vide,
794 2546 835 2588 ne
858 2526 973 2589 exinde
989 2528 1047 2590 iar>¹

125 2621 187 2672 tum
212 2612 260 2688 sit,
283 2611 430 2690 magistro
454 2617 561 2672 sancto
584 2612 706 2692 spiritu,
739 2616 772 2671 ut
792 2612 917 2690 proprio
942 2630 1047 2672 eorum

126 2694 303 2754 testimonio
338 2692 495 2773 appellent
521 2693 685 2775 Negotium
709 2693 739 2754 S.
762 2693 857 2770 Patri,
886 2695 1047 2775 negotium

127 2777 224 2836 sancti
247 2777 379 2856 spiritus,
402 2777 488 2854 quasi
502 2776 625 2856 ipsimet
641 2775 852 2853 confiteantur,
875 2777 1047 2858 negotiato-

128 2878 176 2918 res
199 2877 267 2918 sese
291 2875 360 2919 essa
383 2865 414 2917 et
435 2855 683 2941 Simonieuses³)
708 2856 858 2918 nundinas
881 2858 1008 2920 habere.

207 2939 297 3015 Quod
326 2946 427 3002 autem
456 2941 533 3019 dixi,
572 2947 643 3001 sunt
665 2942 770 3020 utiles,
798 2941 956 3022 intelligo,
985 2960 1045 3003 non

125 3023 276 3101 omnrlrus,
297 3024 360 3083 imo
383 3026 479 3084 veteri
490 3024 615 3103 homini,
638 3031 669 3085 et
681 3022 876 3085 stertentibus
889 3026 1047 3104 operariis,

128 3125 165 3167 eo
191 3105 272 3185 quod
295 3105 403 3166 melius
428 3108 467 3167 sit
493 3106 552 3167 illis
576 3126 628 3167 eas
649 3107 762 3168 remitti
789 3124 924 3185 poenas,
955 3126 1046 3187 quam

124 3197 158 3250 ut
178 3189 292 3249 ferrent
311 3189 422 3267 invite,
443 3194 642 3250 verumtamen
662 3190 723 3250 ista
743 3189 900 3250 voluntate
919 3190 964 3250 eis
981 3209 1047 3272 per·

124 3273 232 3349 missa,
261 3277 387 3353 propter
415 3274 511 3332 maius
534 3270 646 3332 malum
669 3271 825 3333 vitandum
847 3290 910 3332 non
934 3271 1047 3334 debent

126 3374 232 3417 secure
245 3354 301 3414 frui
315 3372 416 3434 neque
426 3356 458 3415 in
474 3374 510 3415 ea
527 3354 692 3435 confidere,
704 3355 758 3415 sed
775 3373 812 3416 eo
829 3355 926 3436 magis
942 3355 1047 3417 dolere

126 3443 158 3498 et
179 3439 296 3514 timere,
318 3436 400 3517 quod
422 3437 500 3498 tales
521 3444 599 3517 sunt,
622 3437 672 3517 qui
695 3443 789 3519 egent
801 3445 929 3518 propter
950 3440 1046 3499 maius

126 3577 335 3592 m

179 3644 256 3709 1)1n
276 3643 317 3696 ed.
337 3643 412 3696 lan:
436 3659 528 3712 quam.
566 3643 599 3713 2)
621 3644 650 3696 ln
670 3643 711 3697 ed.
732 3645 806 3698 len:
825 3643 878 3697 his.
916 3644 945 3713 3)
964 3645 1047 3699 Ibid:

125 3717 313 3770 Simoneuees.

180 3787 207 3855 ⁴)
228 3784 317 3841 dudio.
331 3785 357 3843 9.
396 3784 445 3856 “)
474 3786 537 3841 tob.
554 3786 580 3844 9.
