2356 4200
403 278 433 333 D.
453 278 529 337 Mart.
548 278 660 333 lutheri
679 276 791 337 concio.
993 272 1055 339 333

136 446 175 511 sn
202 447 366 515 ,carnalem
393 446 550 511 homiuem
578 467 685 529 perum
704 452 860 523 movent,
897 443 1053 525 quomodo

135 528 263 605 caditur
283 540 339 611 per
367 529 493 595 verbum
524 528 779 611 praedicationis,
810 529 854 587 sic
881 526 962 589 enim
991 547 1055 591 non

134 612 189 687 uisi
211 614 405 695 speculative
427 613 562 692 videtur,
585 613 779 691 concretive,
802 610 865 671 sive
884 629 941 706 per
962 609 1055 690 aliud,

133 694 274 777 honest,
295 695 430 777 exempli
451 697 567 778 gratia,
597 703 631 757 ut
650 693 796 757 intuearis
817 692 975 773 homines,
1003 695 1053 775 qui

132 778 184 839 tali
207 780 324 840 virtute
344 779 463 858 lucent,
499 799 629 861 quorum
657 779 793 841 omniurn
816 776 972 858 speculum
993 778 1053 859 pri·

132 880 213 923 snum
237 869 288 923 est
308 862 462 942 Christro,
485 861 596 939 deinde
618 863 715 924 sancti
737 863 769 922 in
791 858 890 925 coelo.
923 860 1053 926 .Verum

132 944 239 1007 rudem
275 953 307 1007 et
343 947 542 1027 incipientem
581 948 715 1007 maxime
750 952 878 1005 movent
912 944 1057 1025 exempla

131 1030 310 1109 praesentia
331 1035 363 1090 et
384 1031 432 1091 sui
452 1028 558 1093 seculi.
954 1096 957 1101 ,

211 1110 290 1183 Ideo
312 1113 516 1195 virginitatem
543 1113 574 1173 in
597 1110 764 1193 virginibus
786 1117 818 1171 et
838 1109 1053 1172 innocentibus

131 1196 235 1275 pueris
257 1195 386 1276 intuere,
408 1194 597 1277 usquedum
619 1214 726 1277 gemas
748 1214 768 1255 a
789 1194 868 1257 facie
889 1193 1052 1274 pulchritu-

132 1277 212 1341 dinis
235 1280 312 1359 eius,
334 1280 378 1341 sic
400 1280 584 1359 castitatem,
606 1279 775 1355 caritatem,
796 1277 985 1357 patientiam,
1008 1298 1053 1339 re·

131 1360 292 1441 liquesque
315 1368 445 1427 omnes'
788 1418 797 1425 ..

213 1443 268 1507 Sic
288 1446 369 1507 enim
388 1446 422 1507 B.
444 1444 609 1505 Anselmus
633 1442 953 1505 docetaseenderead
969 1463 1053 1509 amo·

130 1546 192 1589 rem
217 1528 276 1589 Dei
298 1548 338 1589 err
359 1547 466 1590 surore
487 1526 621 1589 hominis
643 1526 727 1588 boni.
768 1522 821 1587 ‘sic
846 1526 881 1588 Β.
909 1526 1052 1608 Augusti-

129 1630 184 1671 nus
214 1631 303 1673 suam
332 1613 548 1673 contritionem
588 1611 750 1689 hausit-ex
783 1609 890 1671 intuitu
919 1608 1052 1691 illorum,

132 1712 210 1773 quos
233 1713 275 1757 ex
295 1694 449 1757 Pontiano
471 1694 603 1774 audivit,
633 1700 664 1757 et
684 1694 751 1775 ipse
773 1690 935 1753 confitetur
956 1691 1052 1757 eccle-

131 1778 207 1841 siam
230 1776 289 1841 sibi
313 1778 487 1839 ostendisse
508 1778 608 1859 plenis
630 1774 771 1839 manibus
794 1774 937 1872 exempla
965 1777 1053 1857 virgi-

129 1879 203 1921 uum
225 1867 258 1921 et
280 1862 513 1937 continentium,
535 1867 566 1921 et
587 1861 631 1920 sie
652 1858 748 1925 odore
760 1858 813 1919 illo
832 1877 850 1919 o
875 1868 949 1920 tuno
962 1859 1053 1920 allec·

128 1949 201 2003 tum.
248 1942 300 2005 Sic
311 1951 342 2005 et
352 1943 553 2025 spostolus*)
568 1963 601 2003 se
614 1962 682 2005 esse
695 1943 811 2011 bouum
824 1878 961 2020 odorem,
983 1942 1052 2002 aliis

128 2028 157 2087 in
181 2026 296 2105 vitam,
325 2028 393 2089 eliis
415 2029 446 2088 iu
469 2035 610 2088 mortem.
664 2024 794 2107 Signum¹
818 2031 865 2103 est
892 2025 973 2086 enim
999 2045 1049 2086 ve-

127 2129 179 2171 rse
209 2110 416 2189 contritionis,
437 2112 463 2171 si
484 2111 625 2190 inspecto
650 2108 776 2170 homine
797 2115 900 2187 casto,
932 2106 1049 2188 humili,

128 2191 275 2274 benigno,
298 2195 432 2274 suspires
455 2213 494 2255 ex
517 2192 619 2270 corde,
642 2192 795 2271 quianon
821 2190 960 2253 esttalis.
999 2189 1050 2252 Sic

127 2283 158 2337 et
177 2275 316 2337 ecclesia
339 2283 423 2358 orat,
452 2284 484 2337 ut
503 2278 587 2337 Dens
610 2295 667 2337 nos
689 2295 744 2355 per
765 2274 908 2354 exempla
929 2281 1049 2341 saneto.-

125 2379 190 2421 rum
227 2377 351 2420 suorum
384 2367 543 2421 restauret.
586 2359 626 2419 Et
656 2358 690 2419 B.
726 2358 913 2439 Augustinus
943 2357 995 2420 lib.
1018 2360 1047 2422 8.

124 2442 266 2504 Confess.
289 2442 401 2507 Psalm.
429 2444 526 2524 120¹)
552 2443 597 2503 sic
613 2441 756 2522 exponit:
786 2438 923 2521 Sagittae
940 2448 1048 2523 poten-

125 2527 162 2587 tis
185 2533 297 2586 acutae
320 2546 390 2586 curn
413 2525 596 2587 carbonibus
615 2524 831 2601 vastatoribus,
854 2525 982 2604 sagittas
1005 2527 1048 2585 in-

125 2616 300 2689 terpretans
322 2609 416 2671 verba
437 2611 564 2671 virtutes
586 2608 795 2688 praedicantis
823 2607 862 2668 ad
891 2609 1047 2669 abstracti-

125 2711 199 2753 vam
218 2694 441 2773 cognitionem,
463 2699 494 2753 et
514 2691 665 2754 carbones
689 2697 875 2769 vastatores,
905 2693 1048 2771 exempla

124 2782 303 2837 sauctorum
326 2777 480 2837 vastantia
502 2795 625 2838 omnem
647 2774 783 2856 linguam
804 2772 962 2855 dolosam,
984 2776 1046 2836 imo

123 2859 238 2945 inulam
260 2859 468 2940 cupiditatem.

208 2943 262 3005 Sic
283 2942 454 3005 admirabili
475 2942 627 3023 sapientia
648 2940 709 3002 Dei
731 2939 780 3020 fit,
807 2946 840 3000 ut
866 2940 966 3001 nullus
989 2940 1048 3003 sibi

124 3025 205 3086 bene
234 3026 327 3087 vivat.
376 3026 417 3087 Et
438 3028 560 3107 saepius
588 3022 640 3104 fir,
668 3030 701 3085 ut
728 3023 801 3085 boni
828 3022 896 3092 aliis
929 3024 1048 3104 prosint

130 3107 203 3171 dum
235 3111 392 3188 nesciunt,
426 3111 488 3170 imo
512 3109 575 3169 fere
602 3127 725 3188 semper
746 3106 900 3185 nesciunt,
923 3106 1048 3186 quia2),

125 3191 197 3253 dum
220 3191 368 3253 incedunt
388 3192 583 3272 simpliciter,
605 3191 657 3251 alii
679 3210 785 3251 eorum
808 3188 908 3253 verbis
933 3197 964 3250 et
985 3191 1048 3252 vita

125 3282 289 3337 morentur
317 3277 392 3336 miro
421 3275 542 3337 affectu.
590 3274 731 3353 Denique
754 3280 785 3334 et
805 3273 894 3353 pueri
915 3273 1047 3353 infantes

123 3359 166 3419 ita
189 3358 279 3420 nobis
297 3360 412 3437 vivunt,
434 3366 467 3421 ut
478 3359 567 3420 nobis
578 3358 775 3418 innocentiae
786 3358 922 3437 speciem
932 3357 1046 3417 suavis-

125 3443 202 3503 sime
218 3441 447 3522 commendent,
469 3450 562 3521 atque
577 3439 616 3502 ed
633 3440 855 3520 poenitentiam
866 3448 1060 3520 provocent.¹

131 3611 272 3619 --—--—

177 3719 208 3787 ⁸)
230 3719 256 3774 2.
273 3718 335 3772 Cor.
354 3717 381 3773 2.

177 3793 208 3858 l)
229 3791 260 3843 ln
279 3790 322 3846 ed.
337 3793 424 3859 princ.
445 3793 472 3842 et
490 3790 560 3859 orig.
580 3802 605 3845 a.
627 3786 708 3845 ¹519:
734 3787 794 3844 119.
832 3786 866 3855 2)
886 3787 970 3845 ibid:
989 3789 1045 3862 qut.
