2356 4200
189 276 254 345 176,
437 278 755 349 &immoravimus
774 278 857 335 anm.

189 451 350 530 vestigium
381 450 490 530 prioris
533 448 631 512 Adae.
672 449 759 512 Haec
786 456 890 511 autam
907 454 1115 523 vetustescat

189 553 282 609 error,
304 534 570 616 coucupiscentia,
593 534 656 609 ira,
679 534 783 610 timor,
805 551 893 614 spes,
927 531 1113 613 desperatio,

188 616 271 678 mala
292 616 470 693 concientia,
482 614 591 677 horror
612 616 718 678 mortis
739 626 798 678 etc.
830 615 916 677 Haec
936 616 1020 677 enim
1041 623 1114 689 aunt

187 700 298 761 veteris
311 708 342 761 et
359 698 489 761 carnalis
502 698 645 775 hominis,
666 700 841 768 minuuntur
856 703 960 759 autem
980 696 1013 759 in
1029 716 1113 769 nouo

187 782 327 859 homine,
355 782 409 844 sed
435 800 497 843 non
525 783 775 862 exstinguuntur,
798 781 898 853 donec
920 788 951 842 et
970 781 1039 863 ipse
1060 801 1112 843 ex·

186 866 357 946 atinguatur
379 885 435 946 per
456 872 595 942 mortem,
618 867 696 926 sicut
716 865 1004 945 aitApoetolus‘lz
1027 863 1115 927 Licet

188 951 224 1028 is,
246 949 297 1028 qui
318 946 391 1009 foris
413 956 469 1027 ast,
493 954 596 1009 noster
617 948 710 1009 homo
732 955 953 1028 corrumpatur,
975 946 1026 1007 ille
1059 947 1112 1027 qui

187 1033 268 1093 intus
290 1039 351 1112 eet,
378 1040 482 1092 tamen
501 1038 667 1093 renovatur
701 1030 861 1092 dedicio
885 1029 975 1098 diam,
1016 993 1114 1110 I’gitur

187 1115 246 1176 ista
268 1114 349 1175 mala
368 1114 562 1194 reliquiorum
577 1115 737 1175 vetustatis
750 1133 805 1194 per
817 1112 1110 1194 indulgentiasmon

188 1197 350 1273 tolluntur,
378 1215 436 1257 nco
457 1215 512 1277 per
533 1205 675 1278 coeptam
698 1196 930 1273 contritionem,
964 1195 1017 1257 sed
1038 1197 1112 1257 inci·

181 1326 185 1331 -
208 1281 274 1341 iunt
294 1280 368 1358 tolli,
390 1298 428 1340 ac
448 1279 638 1360 proficiendo
661 1281 759 1360 magis
779 1297 818 1341 ac
838 1279 936 1360 magis
955 1278 1109 1340 tolluntur.

186 1301 273 1425 hlacc
296 1370 342 1423 est
364 1363 479 1424 sanitas
496 1364 628 1444 spiritns,
651 1362 725 1423 nihil
738 1362 830 1441 aliud,
853 1379 944 1441 quam
962 1360 1039 1425 tides
1054 1381 1108 1423 seu

189 1447 301 1508 caritas
323 1446 353 1505 in
377 1445 507 1510 Christo.
1034 1508 1037 1513 ,

269 1528 331 1589 lsto
360 1529 404 1588 sic
431 1529 533 1608 posito
555 1536 639 1608 patet
659 1529 818 1590 conclusio
841 1528 931 1605 satis,
964 1521 1053 1606 quia,
1085 1527 1111 1586 ei

187 1613 339 1692 quispiam
361 1611 451 1672 inerit
472 1619 715 1692 praeoccupatus
730 1618 847 1691 morte,
869 1611 1045 1690 priusquam
1058 1611 1109 1670 ‘eit

187 1695 342 1776 perfectae
364 1695 508 1771 caritatis,
530 1711 609 1773 quac
630 1695 771 1755 timorem
792 1693 903 1773 pellat,
932 1694 1108 1757 necessario

188 1797 257 1839 cum
288 1777 400 1841 timore
426 1784 459 1839 et
487 1777 613 1838 horrore
635 1778 776 1856 moritur,
804 1777 904 1838 donec
933 1774 1109 1855 perficiatur

187 1861 314 1939 caritas,
346 1869 377 1920 et
402 1859 485 1921 foras
507 1860 605 1921 mittat
626 1861 766 1921 timorem
786 1859 881 1924 illum.
911 1857 986 1921 ¹llio
1008 1866 1110 1925 autam

185 1945 279 2007 timor
307 1954 355 2005 est
383 1945 451 2023 ipsa
480 1943 668 2005 conscientia
690 1943 771 2005 mala
792 1950 822 2004 et
843 1939 961 2020 trepida
982 1948 1110 2023 propter

188 2027 339 2090 delectum
370 2025 457 2104 fidei,
484 2025 568 2087 nulla
598 2034 645 2086 est
666 2027 746 2093 enim
768 2024 968 2091 formidoloso
989 2027 1108 2088 conam·

189 2113 284 2194 entia,
314 2109 372 2169 nisi
398 2128 477 2189 qnae
500 2107 560 2168 flde
583 2109 630 2169 vel
652 2128 751 2169 vacua
779 2108 829 2169 vel
850 2105 1029 2188 imperfecta
1051 2115 1109 2172 est.

189 2192 239 2255 Sic
268 2193 348 2253 enim
371 2199 402 2251 et
424 2191 592 2273 Apostolus
620 2192 742 2274 ait**):
786 2192 971 2271 Sanguinem
995 2189 1106 2251 Christi

187 2276 316 2336 liberare
349 2275 552 2341 conscientiae
583 2282 704 2353 nostras
732 2273 770 2335 eh
804 2273 947 2353 operibus
970 2275 1107 2334 mortuis.

187 2359 228 2420 Iit
254 2359 361 2419 iterum
393 2357 461 2417 Ebr.
494 2358 549 2419 10:
582 2357 710 2438 Aspersi
738 2352 832 2418 corda
866 2378 885 2417 a
917 2357 1108 2419 conscientia

189 2443 322 2504 malain
343 2440 531 2522 plenitudine
552 2439 633 2503 fidei.
1009 2490 1012 2495 .

270 2525 422 2602 Breviter,
449 2525 473 2583 si
495 2541 622 2607 possum
643 2523 790 2604 probare,
819 2522 901 2603 quod
923 2540 1027 2582 causa·
1040 2521 1107 2584 hor-

187 2610 264 2669 roris
287 2615 317 2668 et
338 2605 455 2670 timoris
477 2611 516 2666 sit
537 2605 719 2687 diffidentia,
740 2626 858 2667 rursum
880 2624 975 2667 cauea
997 2606 1108 2666 securi·

187 2693 258 2752 tatis
281 2692 320 2750 sit
340 2690 426 2768 fides,
448 2689 540 2750 credo
563 2689 652 2759 simul
673 2689 835 2770 probatum
847 2708 925 2766 esse,
947 2687 1032 2767 quod
1045 2705 1106 2747 mo-

186 2775 267 2836 riens
290 2775 319 2834 in
343 2773 404 2834 tide
431 2773 609 2853 imperfecta
631 2774 805 2833 necessario
834 2774 921 2832 timet
942 2781 972 2831 et
995 2771 1106 2832 horret.

188 2857 248 2918 Sed
270 2855 466 2917 diffidentiam
488 2874 557 2915 esse
574 2875 698 2916 cansam
721 2858 853 2935 terroris,
872 2854 1106 2936 desperationis,

189 2938 726 3019 detractionisinevangeliosaepius
742 2941 860 3020 legitur.
887 2935 1105 3014 Primum***)

188 3023 311 3103 quando
325 3022 429 3082 Petrus
443 3021 606 3097 Dominum
624 3041 688 3083 ase
700 3024 788 3084 iussit
804 3025 897 3098 exire,
919 3022 992 3101 quia
1014 3020 1107 3082 homo

187 3113 333 3186 peccator
371 3123 430 3184 ego
472 3124 554 3182 sum,
596 3106 700 3184 inquil.
748 3105 954 3183 Secundo†),
984 3102 1107 3184 quando

188 3190 291 3269 coepit
314 3190 409 3263 mergi
431 3196 557 3269 propter
577 3189 729 3249 modicam
752 3188 951 3250 suamfldem.
993 3187 1107 3263 Tertio,

188 3271 311 3350 quando
333 3269 474 3351 discipuli
494 3289 568 3350 prae
589 3271 761 3333 turbatione
783 3272 945 3332 voluerunt
963 3269 1107 3342 clamare,

188 3353 239 3414 uhi
267 3354 417 3415 Christum
452 3372 544 3433 super
575 3373 658 3415 mare
685 3354 891 3416 ambulantem
924 3353 1108 3434 phantasma

188 3436 347 3517 putabant,
384 3435 586 3514 Quo1·to††),
608 3438 731 3516 quando
756 3437 866 3498 turbati
890 3436 1107 3498 existimabunt

187 3538 222 3580 se
242 3521 379 3599 spiritum
400 3518 513 3596 videre,
535 3537 603 3579 cum
625 3521 749 3582 intraret
771 3521 810 3580 ad
831 3539 885 3581 eos
906 3520 1007 3580 ianuis
1028 3519 1106 3580 clau

243 3706 272 3775 *)
293 3707 319 3762 2.
340 3706 446 3761 Cant
481 3706 644 3770 “tEbrae.
665 3705 689 3760 9.
718 3705 869 3759 Ebrae.tO·
902 3701 968 3769 ⁸”)
982 3704 1070 3757 Lucae
1083 3703 1105 3758 5.

185 3778 220 3852 p)
240 3778 335 3832 nauh.
356 3778 409 3832 lh:
434 3777 484 3847 ἡ)
502 3778 592 3832 hucac
609 3776 652 3834 24.
791 3790 792 3795 ’
