2356 4200
148 269 213 343 ΜΒ
451 270 530 331 ls'rt.
548 273 628 331 lutis.
646 273 776 329 uatem

83 504 86 509 .
149 443 235 527 quud
258 461 423 524 personum
440 442 521 505 Petri
541 440 584 505 ibi
605 462 669 505 nou
690 461 747 524 prs
768 441 989 523 sportularum
1009 461 1075 523 per

149 544 231 591 rsus
250 526 404 607 iutelligit
458 525 527 587 Hoe
554 527 637 587 enim
664 534 738 587 tuus
768 525 919 606 egebam,
951 544 1017 589 neu
1036 545 1075 589 su

149 610 259 675 Petrus
280 618 364 672 esset
384 615 479 689 petre.
521 607 652 687 Deinde,
674 607 756 705 quod
778 627 836 689 per
862 616 991 704 'petrum
1019 608 1075 671 sibi

150 691 1076 855 tftlttglttzdlmfflt.&tedred

151 857 329 934 munere,
350 865 383 919 et
403 875 466 919 nou
487 856 553 917 illie
573 859 676 936 iguem
698 859 915 939 exstinguere,
937 858 992 919 ubi
1011 858 1075 921 uui·

149 940 201 1005 lus
220 938 329 1016 ardet,
357 940 416 1001 nisi
436 939 537 1019 quod,
566 949 599 1003 ut
626 939 707 1007 dixi.
728 940 824 1003 uodo
853 941 951 1003 multe
972 939 1074 1003 disere

150 1022 208 1089 tuit
227 1023 430 1104 propesitum,
452 1041 545 1101 quem
560 1030 633 1103 epte
646 1029 751 1085 eutem
771 1030 805 1085 et
824 1032 921 1100 reete,
942 1024 1074 1104 stupidis

149 1104 319 1173 lemuribus
341 1105 461 1167 seiebet
480 1124 543 1167 nou
573 1125 644 1167 esse
666 1107 892 1183 necessarium,
919 1107 973 1185 qui
994 1107 1073 1169 euim

152 1187 236 1269 vulgi
259 1187 404 1249 iudieium
426 1195 458 1249 et
478 1188 592 1251 semem
613 1195 800 1268 aucupatur,
822 1190 944 1251 etiamsi
968 1188 1075 1251 deliret
1177 1235 1178 1259 1

155 1270 269 1351 (nude
291 1271 332 1332 sit
352 1271 530 1350 copiosus),
551 1271 643 1333 fusile
665 1271 825 1334 obtinebit
1173 1302 1176 1311 ·

235 1353 381 1417 Similiter
413 1360 447 1414 et
474 1353 551 1417 illud
587 1373 679 1435 quem
716 1354 896 1435 theologice
926 1354 1075 1430 eeufutst

153 1435 236 1517 quud
247 1435 429 1514 Deeretelis,
451 1456 533 1517 quae
546 1437 644 1500 hebet
653 1436 780 1499 verbum
790 1437 944 1512 Peuli*):
966 1437 1075 1499 Truus

151 1518 217 1581 luto
239 1518 429 1591 sacerdotio,
452 1539 583 1583 neeesse
602 1526 652 1583 est
671 1527 707 1581 ut
724 1520 804 1601 legis
827 1520 992 1582 treusletio
1012 1518 1075 1591 liet,

153 1600 228 1662 dieit
249 1620 298 1662 me
318 1603 421 1681 potius
451 1603 588 1683 glossam
618 1622 710 1682 quem
739 1609 856 1664 textum
890 1605 943 1680 (ut
965 1604 1019 1684 qui
1039 1604 1076 1664 sit

152 1682 316 1765 Augustini
338 1691 370 1745 et
390 1686 494 1763 Pauli)
525 1686 728 1767 improbasse.
776 1685 952 1749 Ridiculum
976 1692 1075 1767 eaput,

102 1800 107 1807 ·
153 1767 242 1848 qussi
263 1773 382 1827 textum
403 1768 613 1848 improbarim,
636 1768 759 1849 quando
781 1769 942 1850 Pelegiuur
964 1769 1074 1850 impre-

152 1848 235 1929 bavi,
255 1850 288 1911 in
308 1850 509 1930 praesedeuti
528 1858 655 1933 puueto,
675 1870 714 1913 ee
733 1871 798 1915 uon
819 1852 925 1932 potius
947 1851 1073 1915 ebusum
1168 1920 1172 1935 ‚

153 1936 272 2011 textus,
301 1940 332 1993 et
371 1941 524 1995 extortum
552 1936 796 2016 expositionem,
829 1934 968 2014 uunquid
995 1936 1074 1999 euim
1168 1952 1171 1959 ·

152 2020 221 2081 tete
242 2015 305 2077 hue
324 2019 452 2098 negotio
474 2023 577 2081 textus
597 2016 755 2098 improbo,
782 2017 908 2098 quaudo
929 2018 1075 2099 deprave-
1147 2022 1151 2039 '

154 2099 255 2161 tiones
276 2099 387 2179 impius
407 2098 493 2161 Eeeii
516 2100 706 2181 persequer?
1165 2140 1168 2167 ;

155 2264 162 2278 ι
236 2180 285 2243 Ite
317 2181 369 2243 hie
400 2202 464 2247 non
495 2183 553 2245 fuit
579 2184 772 2264 propositum
807 2202 927 2260 meum,
960 2189 1074 2245 textum
1164 2216 1168 2259 ς

153 2263 729 2411 ddlttdildutlddtllt
747 2265 1077 2430 ldtgtssttrflz
1164 2302 1168 2371 r

154 2430 280 2495 suilibet
300 2437 387 2510 putet
416 2430 542 2512 legenti.
591 2432 670 2493 Nem
698 2432 777 2495 elias
798 2451 861 2493 nou
883 2439 992 2512 petest
1011 2431 1074 2495 deri

153 2531 258 2589 deuse,
280 2531 334 2573 eur
352 2514 385 2577 iu
408 2532 446 2575 eo
469 2515 540 2579 loeo
562 2514 602 2576 de
615 2514 886 2578 eonstitutionibus
907 2514 993 2577 hune
1014 2523 1074 2579 teu·

153 2602 218 2661 tum
240 2595 328 2659 Psuli
348 2596 546 2675 adduxerint,
574 2599 634 2660 nisi
656 2616 712 2677 pre
734 2596 853 2679 legibus
882 2598 965 2674 suis,
1000 2599 1077 2658 sieut
1164 2624 1168 2637 ·

153 2679 261 2760 glossa
282 2678 364 2741 dieit.
407 2680 519 2741 Eeeius
541 2681 614 2741 iuris
635 2680 755 2743 Ductor
777 2687 841 2758 est,
862 2688 895 2743 et
915 2683 1019 2743 nescit
1039 2700 1076 2743 ex

152 2761 243 2823 titulo
269 2762 443 2844 intelligere
471 2781 599 2843 scopum
621 2762 715 2843 legis,
743 2764 775 2823 in
806 2763 917 2825 eodem
949 2765 1076 2844 poeitae.

153 2841 204 2907 Aa
225 2850 273 2903 etl
292 2844 365 2905 iuris
394 2846 517 2909 sorbilis
545 2845 624 2907 forte
645 2845 763 2909 Deetor
791 2846 890 2926 magis
920 2865 1015 2925 quem
1037 2848 1077 2907 iu·

152 2923 345 3004 telligibilis?

382 3124 586 3186 Artieulus
608 3123 847 3189 undeeimus.

239 3248 330 3326 Quod
356 3252 426 3333 plus
456 3253 496 3314 sit
516 3253 704 3319 eredendum
725 3253 856 3335 simplici
880 3253 966 3319 luico
989 3259 1081 3339 serip-
1167 3234 1170 3253 '

155 3336 254 3399 uirum
274 3333 423 3431 ellegeuti
435 3355 525 3416 quum
540 3356 641 3418 pepee
663 3335 713 3399 vel
733 3337 867 3399 coneilio
888 3336 1081 3420 Seripumm
1166 3358 1169 3373 =

155 3433 220 3477 m
237 3415 471 3562 inllffianltlleeius
504 3500 598 3582 (lieet
629 3500 750 3563 Gerson
784 3486 906 3565 fortiter
950 3506 979 3567 ei
1012 3507 1082 3569 resi.

226 3761 260 3834 ·)
279 3764 379 3823 ituris
398 3765 424 3823 7.
