2356 4200
121 298 184 364 264
373 296 568 351 ltssolntlonss
585 290 694 364 Dispnt.
714 292 794 348 Loth.

127 477 162 532 ut
181 469 360 549 simpliciter·
381 472 512 547 sumpta,
536 473 607 527 sunt
627 465 757 527 meliora
767 466 917 529 nostriso
941 466 1052 543 eribus,

128 552 184 615 sed
205 554 250 613 sio
271 570 334 613 nou
357 558 428 611 sunt
449 550 669 631 indulgentiae,
692 549 743 610 vel
764 568 821 630 per
841 486 1053 633 indulgentias

127 638 172 698 sio
195 654 257 696 nou
281 652 297 694 a
321 633 483 713 plicantur,
505 632 697 711 accipiuntur
708 636 824 711 autem,
845 640 943 713 prout
952 633 1052 695 solum

126 726 198 780 sunt
219 652 444 778 satislletoriae
467 733 523 795 pro
544 715 673 857 poeuis,
700 715 813 776 otiolo
836 714 935 777 modo
957 712 1054 859 appli-

11 842 15 849 -
125 806 241 863 eantur.
270 797 468 879 Respondeo,
490 816 546 877 pro
569 796 692 875 equod
716 796 802 875 dieis,
824 796 899 877 qnid
914 798 1000 861 sino
1024 818 1054 859 ιιι

124 883 204 945 istud
229 883 282 944 tibi
305 879 430 942 eredere
453 878 535 940 nuda
555 879 713 941 narranti?
741 878 875 941 Probare
893 880 1052 957 iubeor')

126 967 266 1048 spiritns,
288 983 327 1024 an
351 982 390 1023 ex
408 962 477 1023 Deo
500 962 570 1022 sint.
613 960 849 1041 Seound0,'ubi
870 982 958 1024 nuno
977 962 1054 1025 illud

127 1056 188 1127 ast,
220 1046 303 1127 quod
328 1045 555 1127 supradictum
577 1045 651 1125 fuit,
683 1044 754 1105 ideo
784 1044 838 1105 illa
867 1066 925 1127 per
946 1040 1054 1115 nenias

126 1129 314 1211 dispensari,
342 1128 413 1207 quia
441 1146 503 1187 non
527 1134 632 1188 essent
652 1134 862 1204 remunerata,
894 1122 960 1189 sed'
982 1128 1055 1209 quia
1082 1192 1088 1199 ,

127 1214 275 1274 fecissent
295 1210 456 1291 quaedam,
480 1228 559 1289 quae
581 1228 643 1268 uon
661 1208 852 1270 debuerant?
872 1210 965 1279 Talia
978 1228 1054 1295 ergo

127 1300 281 1357 sunttam
312 1292 385 1353 vilia
414 1293 539 1368 merita,
573 1299 606 1352 ut
635 1290 763 1352 nullam¹
779 1292 872 1353 aliam
899 1293 1056 1391 resipiant

127 1375 311 1452 mercedem,
334 1393 424 1455 quam
446 1381 480 1436 ut
501 1374 713 1435 siut-aliorum
735 1376 891 1456 pigrorum
915 1376 1055 1439 satralw

129 1458 253 1521 tiones?

152 1589 161 1601 .,
208 1538 296 1601 Tune
324 1558 419 1619 arguo
447 1541 508 1615 sio,
546 1556 642 1618 opera
669 1540 955 1621 supererogationis
985 1546 1056 1603 sunt

129 1624 265 1685 omnium
287 1621 479 1681 nobilissima
492 1628 523 1682 et
535 1620 833 1700 perfectissima**].
862 1621 1056 1685 Admittitis'l

127 1706 184 1767 lta.
235 1704 276 1765 Et
307 1704 382 1763 talia
416 1723 479 1764 uon
518 1710 751 1764 remunerantur
779 1704 981 1785 martyribus·
1005 1704 1056 1767 val

129 1788 261 1861 sanetis,
289 1786 342 1846 sed
367 1785 578 1847 conceduntur
598 1787 694 1867 pigris
718 1793 749 1847 et
768 1786 993 1848 stertentibus?
1026 1794 1057 1851 et

130 1872 174 1931 sio
195 1868 293 1929 saneti
315 1877 560 1946 remunerantur,
584 1868 751 1929 seeundum
775 1888 870 1950 opera
890 1877 925 1930 et
945 1870 1056 1933 merita

130 1970 186 2014 sua
208 1952 337 2028 minora',
360 1952 431 2031 quia
452 1951 637 2031 perfectiora
657 1950 834 2031 relinquunt
853 1950 950 2013 aliis?
978 1952 1055 2029 Quia

128 2036 173 2096 ita
194 2034 338 2112 insaniat,
362 2034 440 2093 oro?
477 2032 561 2113 Ergo
585 2030 616 2093 S.
638 2032 803 2094 catharina
823 2052 880 2115 pro
903 2036 1054 2117 martyrio

132 2125 164 2178 et
183 2116 358 2197 virginitate
380 2135 436 2175 sua
456 2115 534 2176 nibil
556 2117 691 2196 aceepit,
725 2115 778 2176 sed
799 2116 879 2177 haee
899 2116 1055 2179 ecelesiae

130 2199 289 2279 relinquit,
317 2205 348 2258 et
370 2197 482 2258 suffieit
503 2199 532 2258 ei
554 2199 723 2277 praemium
746 2199 910 2277 orationis,
935 2200 1055 2283 vigilia

131 2300 208 2353 rum,
230 2288 262 2341 et
283 2279 411 2341 aliorum
433 2280 585 2340 bonorum
609 2280 757 2361 operum?
778 2279 869 2355 Quod
885 2280 913 2342 si
929 2280 1054 2359 dixeris,

131 2363 214 2444 quod
236 2363 325 2423 simul
348 2370 379 2422 et
400 2381 455 2443 pro
479 2364 523 2422 eis
541 2364 724 2423 remunerati
747 2370 826 2440 sunt,
849 2371 880 2423 et
901 2363 995 2424 simul
1017 2384 1054 2427 aa

129 2447 330 2526 reliquerunt,
353 2445 404 2505 ubi
425 2444 501 2505 illud
526 2443 608 2523 qnod
631 2444 744 2506 dietum
766 2445 835 2506 luit:
868 2464 1054 2525 coaequae

130 2528 211 2607 dam,
234 2546 312 2607 quae
334 2546 396 2587 uon
419 2536 490 2587 sunt
512 2527 726 2589 remunerata?
748 2526 895 2607 Videsne,
919 2528 995 2609 quid
1017 2529 1055 2589 sit

130 2612 197 2671 sine
218 2610 382 2671 autoritate
404 2609 489 2689 loqui
510 2618 540 2669 et
561 2628 616 2689 per
639 2610 781 2670 tenebras
803 2609 966 2671 divinare?

212 2692 303 2768 Quod
326 2694 499 2772 olimpium
522 2702 569 2751 est
590 2692 701 2766 dioere,
725 2693 807 2771 quod
830 2712 926 2773 opera
949 2712 1052 2775 super·

131 2776 333 2856 erogationis,
363 2774 412 2834 vel
433 2774 536 2854 plura,
566 2793 655 2854 quam
680 2774 850 2835 debuerunt
870 2776 987 2857 saneti,
1010 2776 1053 2836 sio

130 2859 192 2917 sint
213 2857 286 2917 vilia
308 2864 338 2916 et
360 2858 404 2917 eis
426 2875 488 2916 non
511 2864 716 2935 remunerata,
738 2864 853 2936 quanto
876 2858 977 2939 magis
1000 2858 1052 2921 im·

129 2940 213 3021 pium
236 2942 299 3017 est,
332 2938 443 3000 Christi
466 2958 577 3018 opera,
613 2958 692 3019 quae
725 2942 828 3000 omnia
855 2948 928 3001 suut
947 2958 1052 3023 supar-

131 3021 333 3097 abundantia,
363 3021 409 3082 sie
435 3021 601 3081 vilifluara?
645 3021 747 3097 Quare
774 3022 983 3102 indulgentias
1011 3023 1053 3083 ita

68 3096 75 3108 '
131 3102 344 3183 magnificare,
373 3112 403 3164 et
432 3110 533 3163 tamen
555 3122 675 3164 rursum
698 3106 809 3164 nostris
831 3102 977 3185 operibus
1000 3124 1053 3167 aas

131 3186 293 3256 minorare,
314 3185 374 3246 hoo
395 3193 452 3260 est,
475 3184 626 3245 Christum
650 3194 680 3247 et
701 3196 826 3247 sanatos
848 3187 914 3247 eius
936 3188 968 3247 in
991 3188 1052 3248 suis

131 3269 245 3329 maritis
267 3266 494 3349 blasphemare,
522 3268 579 3327 nisi
609 3268 640 3327 id
663 3286 790 3330 erronee
811 3275 842 3330 et
862 3287 925 3329 non
949 3269 1053 3330 volen-

130 3358 177 3411 ter
196 3348 260 3411 fiat.

213 3431 339 3507 Quarta,
361 3449 484 3491 resumo
510 3452 544 3492 ar

545 3402 702 3575 {usquod
719 3432 837 3531 glosl)
863 3430 903 3531 fle
925 3453 999 3516 poe.
1025 3444 1054 3499 et

130 3532 172 3574 na.
195 3533 263 3595 eap.
287 3512 369 3594 quod
393 3519 504 3591 autem,
528 3533 546 3575 a
569 3515 671 3593 duort,
694 3517 826 3595 sorbeat,
846 3534 871 3575 sr
893 3514 1053 3599 rndnlgen·

203 3689 234 3751 l)
254 3691 284 3742 ln
303 3690 346 3744 ad.
365 3691 439 3745 dam:
459 3691 493 3745 da
512 3692 567 3763 glo.

204 3761 232 3827 *)
255 3763 265 3812 l
287 3761 382 3814 Iohan.
401 3762 427 3816 4.
466 3761 516 3828 ⁸⁸)
535 3763 600 3816 bae.
621 3759 663 3816 10.
