2356 4200
326 276 423 326 contra
441 271 504 328 Hal.
522 270 642 326 Johsnn.
663 271 738 325 [lculi
757 270 845 329 Judic.
980 269 1043 336 477

123 440 278 520 futandos,
299 442 490 522 inredivino,
514 443 639 504 multam
654 461 730 503 sans
749 443 869 502 evomit
890 441 1042 522 probatio·

123 543 196 584 num
220 526 385 606 crapulam,
408 528 588 588 autoritates
610 525 786 605 Scripturas
807 532 839 585 et
854 525 976 586 Petrum
998 527 1043 586 sic

123 613 269 686 tractans,
291 615 324 669 ut
344 615 492 691 appareat
513 629 532 669 a
548 609 703 688 convivio,
726 615 787 669 eta
802 607 949 697 calicibus
963 608 1043 668 hanc

122 690 279 770 crapulam
303 691 341 754 ab
364 711 401 754 eo
424 699 600 753 eructatum.

206 772 309 835 Primo
349 775 462 857 probat
503 795 543 836 ex
579 774 785 855 promissione
818 774 908 835 Petro
951 773 1041 852 facta

124 855 230 918 Matth.
245 858 298 919 16:
320 857 366 918 Tu
387 877 421 919 es
433 858 539 919 Petrus
562 865 594 919 st
614 876 706 938 super
726 855 807 917 hanc
818 856 938 918 Petram
960 856 1043 918 sedi·

123 937 224 1022 ticabo
246 946 304 1002 stc.
328 941 396 1002 Hoc
424 948 471 1002 est
501 943 588 1003 iuxta
608 940 752 1019 Eccium,
780 940 824 999 Tu
856 959 890 1001 ss
912 941 1042 1002 vicarius

125 1021 247 1101 Christi,
270 1030 301 1084 st
322 1023 533 1104 apostolorum
550 1026 703 1106 princeps,
725 1025 784 1084 ists
806 1029 854 1083 est
875 1025 956 1084 enirn
978 1043 1042 1086 mo-

124 1105 182 1165 dus
204 1105 378 1187 Scripturas
396 1107 644 1188 interpretandae
665 1105 747 1186 apud
769 1106 905 1168 Eccium.
935 1106 1043 1186 Neque

125 1189 206 1249 enim
228 1189 317 1249 aliter
339 1189 429 1252 decst
461 1211 545 1268 eum,
579 1192 630 1271 qui
665 1191 894 1270 grammaticam
930 1191 1043 1270 insigni

124 1270 247 1332 fastidio
270 1279 471 1335 contemnens
493 1274 719 1354 grammatistas
751 1280 783 1332 st
812 1272 1043 1352 pulverulentus

124 1354 251 1415 scholae
273 1357 435 1436 magistros
457 1357 609 1436 appellat,
643 1357 695 1433 qui
713 1374 784 1416 suas
811 1356 918 1417 lamias
943 1358 974 1416 in
998 1375 1043 1416 sa-

125 1438 184 1498 cris
207 1438 300 1498 literis
330 1457 392 1498 non
426 1439 567 1500 adorant.
610 1437 670 1499 Sed
698 1439 856 1499 videamus
886 1438 1043 1520 sophistas

124 1521 235 1601 impias
257 1521 421 1583 verborum
443 1520 555 1582 Christi
577 1520 825 1601 depravationes.

207 1603 362 1684 Principio
382 1605 443 1665 hoc
463 1604 590 1665 verbum
602 1603 728 1664 Christi:
750 1603 796 1664 Tu
818 1623 852 1665 ss
864 1606 969 1665 Petrus
984 1612 1042 1668 etc.

125 1693 248 1766 oportet
269 1691 352 1766 quod
374 1687 488 1751 habeat
507 1707 611 1766 unum,
632 1688 769 1768 primurn,
792 1688 991 1768 principalem
1013 1696 1045 1749 st

124 1771 280 1850 proprium
303 1791 443 1850 sensum,
477 1773 508 1831 in
535 1788 595 1849 quo
619 1769 755 1831 Christus
785 1773 884 1850 ipsum
907 1771 1043 1852 protulit.

124 1853 183 1912 Hic
204 1860 306 1914 autem
329 1854 379 1914 vel
401 1861 448 1915 est
468 1856 536 1931 iste,
559 1853 642 1933 quod
664 1873 719 1934 per
733 1861 850 1934 petram
864 1854 1045 1934 intelligitur

125 1934 262 1996 Christus
283 1938 358 2016 ipse,
381 1938 430 1998 vel
452 1937 612 2018 apostolus
633 1936 756 2016 Petrus,
786 1943 914 2016 uterquc
934 1939 1043 2016 princi-

125 2019 203 2099 palis
226 2039 294 2080 esse
316 2039 378 2082 non
400 2026 514 2101 potest,
537 2021 609 2099 quia
627 2039 667 2080 ex
683 2019 803 2079 duobus
816 2019 956 2081 sensibus
968 2020 1042 2081 nihil

126 2102 250 2181 probari
270 2110 383 2183 polest.
428 2103 460 2165 Si
482 2102 764 2182 utrumqueEocius
788 2102 960 2180 confitetur,
981 2104 1042 2163 iarn

125 2204 250 2264 prorsus
272 2187 346 2246 nihil
369 2187 494 2266 probat,
531 2187 604 2266 quia
632 2186 867 2265 qua·lacilitate
900 2187 1044 2265 ipseper

125 2277 242 2348 petram
255 2269 387 2343 Petrum,
409 2269 518 2330 eadem
540 2288 599 2350 ego
615 2268 768 2330 Christum
790 2270 949 2349 surripiam.
979 2270 1043 2332 lruo

125 2369 188 2412 non
209 2351 373 2428 licet-nisi
395 2351 477 2414 bono
495 2352 715 2431 moderamine,
738 2351 910 2431 quodinfra
932 2351 1042 2429 dicam,

124 2434 251 2495 verbum
274 2435 449 2515 Scripturas
471 2435 511 2496 de
523 2434 645 2496 Christo
661 2433 778 2496 dictum
797 2435 886 2496 alteri
900 2435 1042 2497 tribucre.

126 2517 157 2579 Si
178 2525 280 2578 autem
293 2518 421 2579 alterum
435 2525 550 2579 tantum
567 2518 712 2596 sequitur,
726 2519 852 2597 scilicet,
866 2518 948 2598 quod
958 2527 1044 2598 petra

125 2601 165 2661 sit
178 2599 294 2681 Petrus,
316 2620 375 2662 neo
396 2602 487 2662 simul
507 2602 657 2683 permittit
667 2600 760 2661 alium
783 2619 906 2681 quoque
929 2601 1043 2680 valere,

125 2686 185 2744 iam
207 2684 318 2765 impius
342 2683 526 2765 depravator
544 2692 592 2746 est
605 2684 726 2760 Ennius,
749 2683 831 2763 quod
854 2684 1043 2746 demonstro.

207 2767 326 2847 Primo,
360 2768 443 2847 quod
470 2787 621 2847 nusquam
648 2769 680 2828 ia
702 2769 797 2828 sacris
820 2768 914 2828 literis
936 2767 1043 2828 Petrus
1106 2834 1114 2840 ,

125 2857 212 2930 petra
234 2850 352 2927 dicitur,
376 2851 429 2911 ssd
454 2851 591 2912 Christus
613 2862 647 2911 ut
669 2855 696 2914 1.
719 2849 855 2914 Corinth.
876 2853 933 2915 10:
953 2850 1043 2911 Petra

124 2941 227 3009 autem
249 2932 479 3012 sratChristus‚
503 2934 652 2994 etllatth.
674 2937 704 2997 7.
728 2933 955 3013 comparabitur
976 2934 1042 2995 viro

125 3017 265 3096 sapienti,
288 3016 338 3096 qui
362 3015 537 3084 aedificavit
556 3016 682 3080 domum
695 3035 781 3076 suam
802 3036 894 3096 supra
913 3023 1043 3096 petram,

126 3105 157 3159 st
176 3099 270 3160 inira:
293 3099 432 3159 Fundata
454 3101 534 3160 enirn
558 3105 727 3178 eratsuper
744 3106 872 3178 petram.
899 3098 1043 3160 Adducat

125 3201 199 3263 ergo
223 3181 335 3242 Eccins
357 3182 448 3242 etiam
471 3183 521 3243 vel
543 3201 637 3242 unum
658 3181 763 3242 locum
784 3180 968 3262 Scripturas,
992 3180 1043 3242 ubi

125 3264 231 3325 Petrus
255 3265 373 3326 dicatur
393 3270 490 3345 petra.
532 3264 604 3325 Plus
634 3265 707 3325 mihi
740 3265 823 3326 valet
850 3285 927 3325 unns
955 3264 1043 3325 locus

124 3347 409 3428 Scripturae,quam
427 3367 535 3409 omnes
551 3347 696 3409 doctores
708 3347 896 3428 perEccium
909 3347 1043 3426 adducti,

125 3449 309 3510 quamquam
338 3449 398 3492 nec
417 3432 503 3512 ipsos
524 3439 609 3491 recte
631 3430 774 3509 adduxit,
807 3438 840 3491 ut
861 3430 1041 3496 videbimus,
1141 3436 1145 3443 '

207 3513 361 3592 Secundo,
383 3515 475 3574 stiam
497 3516 528 3575 in
551 3514 707 3594 praesenti
727 3513 799 3576 loco
823 3513 960 3575 Christus
982 3533 1043 3574 ma·

124 3597 236 3658 nilsstc
257 3596 415 3677 distinguit
429 3598 553 3658 Petrum
575 3615 594 3656 a
615 3605 711 3677 petre,
733 3615 805 3657 nsru
826 3598 853 3658 si
874 3596 969 3658 vellet
989 3616 1045 3676 per

123 3687 246 3760 petram
268 3679 400 3760 intelligi
420 3679 558 3759 Petrum,
579 3679 722 3741 dixisset:
751 3678 802 3748 Tu,
828 3699 862 3740 es
882 3679 991 3743 Petrus
1013 3688 1053 3761 st,
1101 3680 1111 3688 “

123 3781 217 3842 super
238 3769 268 3824 ts
291 3761 462 3826 aedificabo
475 3763 638 3825 ecclesiam
655 3781 766 3843 meam,
787 3770 910 3825 etcum
933 3763 1045 3844 repetit
