2356 4200
517 271 543 312 e.
563 256 634 314 tttt
651 255 757 370 huelp
1028 251 1092 324 199

165 424 231 487 rem
260 425 361 490 Deum
392 425 539 489 offendet.
588 427 736 508 Alioquin
774 427 932 506 quomedo
961 447 1089 490 uxorem

165 508 343 589 relinquet?
373 529 441 571 eum
474 512 544 592 ipse
565 509 663 589 diuet,
698 509 780 590 quod
808 510 892 573 Deus
921 512 1089 592 coniunxit,

163 592 260 653 homo
282 611 347 654 non
359 599 492 674 reperet,
514 600 547 654 et
567 613 623 674 per
644 593 831 673 epoetolum,
853 595 1010 674 praeeipio
1026 614 1089 656 non

164 693 244 756 ego,
274 676 330 736 eed
352 677 524 754 Dominus,
552 695 723 738 uxorema
744 676 809 736 viro
834 695 897 737 non
919 676 1088 740 diseedere.

164 757 196 818 Ie
215 757 362 838 relinquit
384 778 530 838 uxerem,
560 760 612 838 qui
634 765 761 838 propter
782 777 912 820 uxorem
934 779 1087 840 nunquem

163 841 239 903 feeit
269 841 353 921 quod
380 843 449 903 Dee
478 841 629 925 displicet.
683 841 734 902 eie
761 842 822 903 Job
849 842 937 920 teuit,
965 842 1088 925 quando

164 943 228 985 non
253 924 417 987 maledixit
445 925 559 1002 Deum,
589 930 622 986 ut
649 944 727 986 uxor
754 925 867 986 veluit:
896 932 970 986 tune
997 924 1088 1004 filios,

164 1005 290 1086 qundo
316 1009 456 1068 'similiter
487 1007 692 1069 obedientium
721 1007 779 1068 Dei
806 1009 970 1089 praeponit
991 1010 1088 1070 emori

164 1087 309 1171 filiorum,
334 1092 413 1175 eleut
426 1081 584 1151 Abraham
605 1091 679 1151 feeit
699 1091 728 1150 in
751 1091 848 1170 Ieeee,
870 1097 901 1152 et
921 1090 1002 1152 idem
1017 1091 1088 1168 Job,

165 1171 291 1252 quande
314 1180 424 1234 eeutre
440 1172 541 1235 Deum
561 1173 637 1234 nihil
650 1173 770 1234 loeutus
794 1181 843 1234 eet
862 1181 988 1255 prepter
1007 1172 1088 1235 filios

164 1255 299 1318 neuros.
342 1255 384 1317 Et
403 1256 463 1317 iete
483 1274 587 1335 emor,
608 1256 669 1317 hoc
690 1256 876 1336 relinquere,
900 1276 991 1337 quem
1013 1255 1087 1317 diffi-

165 1338 224 1399 eile
246 1343 279 1398 et
299 1358 403 1400 rerum
424 1339 463 1399 eit
484 1339 559 1400 setis
580 1346 679 1419 putet:
709 1346 853 1420 parentes
883 1342 966 1401 enim
988 1339 1086 1401 Deum

165 1428 198 1482 et
218 1423 325 1485 emnie
345 1421 448 1502 potine
469 1421 646 1501 relinquunt
667 1441 757 1502 quem
787 1421 883 1502 filios,
910 1424 973 1484 imo
995 1442 1086 1504 quem

166 1503 292 1565 stultum
315 1511 347 1566 et
363 1504 515 1565 eumelem
539 1504 681 1580 effectum
704 1506 735 1564 in
757 1504 850 1566 tilios,
887 1505 954 1566 Nee
968 1506 1086 1585 mirum,

165 1605 290 1648 earnem
313 1593 480 1669 generent,
504 1593 683 1667 temnunt,
707 1606 829 1648 earnem
852 1588 997 1669 diligunt,
1021 1607 1085 1649 eer-

165 1669 278 1730 neliter
298 1671 431 1750 eupiunt,
454 1675 563 1730 neture
584 1690 688 1731 verum
710 1689 847 1732 emerem
873 1670 1005 1732 filiorum
1022 1689 1084 1733 non

166 1751 275 1830 hebet,
298 1751 352 1814 sed
375 1752 443 1814 sole
464 1754 581 1834 gratie:
616 1753 728 1814 etheo
749 1755 858 1813 mirum
887 1753 1006 1814 videtur
1032 1754 1085 1814 ho·

166 1833 309 1896 minibus.
357 1834 531 1914 Numquid
555 1855 627 1896 vere
650 1835 787 1914 similius,
810 1856 902 1915 quem
926 1836 1008 1917 quod
1033 1855 1085 1916 pe·

160 1921 268 1978 rentes
297 1918 427 1999 diligent
454 1917 555 1996 filios,
583 1925 614 1981 et
641 1920 789 2000 eoniugee
818 1939 851 1979 se
886 1920 1031 1995 invicem,
1055 1925 1086 1979 et

160 2007 267 2061 temen
289 2021 354 2062 non
378 2006 426 2061 eet
446 2021 568 2079 verum,
591 1997 646 2062 eed
667 2009 797 2082 apparet
818 2021 888 2062 esee
917 2021 1022 2074 emor,
1053 2008 1086 2061 ut

159 2088 262 2164 petet,
291 2085 365 2180 quie
383 2083 560 2163 relinquunt
580 2084 691 2146 Deum.
734 2083 805 2144 Non
828 2086 873 2145 eie
894 2085 976 2145 euim
997 2083 1084 2145 redu-

161 2171 249 2226 eetur
270 2166 351 2246 fillo,
379 2185 438 2226 nee
460 2167 506 2226 eie
527 2174 647 2244 ament,
678 2186 716 2226 ne
738 2167 781 2226 illi
804 2167 918 2227 sacient
940 2166 1023 2246 qnod
1046 2168 1085 2227 eit

159 2256 270 2313 eontra
289 2251 403 2310 Deum:
432 2255 466 2309 ut
486 2248 546 2309 Job
570 2269 642 2310 suee
665 2249 790 2327 dilexit,
818 2249 941 2328 quando
967 2269 1023 2329 pre
1046 2250 1083 2308 iis

160 2329 365 2410 eeerifieavitp
390 2352 430 2393 ne
459 2332 538 2392 forte
560 2331 793 2394 benedixissent
813 2333 912 2395 Deum
934 2333 966 2393 in
989 2331 1083 2392 eorde

160 2433 234 2492 eu03
256 2414 311 2476 sed
334 2420 453 2477 tentum
476 2415 515 2474 ed
539 2434 577 2475 ee
598 2414 729 2495 diligunt
750 2435 822 2495 eos,
854 2415 962 2494 quibus
989 2416 1082 2495 impe·

160 2496 241 2562 dien
270 2517 378 2559 eorum
395 2497 501 2570 ‚selue
552 2497 611 2558 Sie
624 2498 745 2559 Persius
768 2497 807 2557 de
829 2498 929 2559 stultis
954 2504 1082 2559 metrum

159 2579 242 2644 rotie
270 2580 387 2643 ueribit:
436 2579 525 2640 Hune
553 2587 640 2660 optet
667 2600 815 2661 generum
848 2600 903 2641 rex
926 2587 957 2641 et
976 2581 1084 2661 regina

160 2661 302 2743 puellae,
325 2662 468 2742 quiequid
490 2663 541 2724 hie
562 2664 743 2740 eeieeverit,
776 2663 836 2723 hoc
866 2683 939 2724 rese
961 2662 1029 2740 liet,
1053 2670 1084 2723 et

161 2745 265 2809 craesi
288 2747 412 2806 mittunt
433 2746 464 2804 in
492 2744 602 2824 eedee,
632 2747 651 2805 i.
674 2765 701 2807 e.
723 2745 875 2826 glorium,
909 2746 1083 2825 voluptates

159 2828 222 2889 illie
242 2833 358 2895 tentum
382 2833 500 2907 optent,
522 2849 585 2889 non
608 2830 651 2888 ite
673 2830 814 2889 timerem
837 2829 894 2889 Dei
918 2834 949 2889 et
970 2835 1082 2889 etatum

124 2979 127 2982 .
160 2909 278 2975 salutm
315 2911 439 2971 Piorum
461 2918 562 2972 eutem
584 2918 745 2991 parentum
768 2917 815 2970 est
836 2912 921 2972 omni
943 2909 993 2972 die
1014 2930 1082 2971 eum

159 2992 223 3055 Job
244 2992 437 3055 eetetifieere
459 2993 539 3054 filios
568 3013 641 3055 euos
672 3000 703 3054 et
723 2993 889 3054 Dominum
919 3012 1024 3071 orare,
1052 3000 1085 3054 ut

161 3075 216 3139 det
246 3077 290 3136 eie
317 3076 447 3157 gratiam
475 3077 592 3138 timeris
624 3076 686 3137 Dei
714 3082 746 3136 et
773 3078 840 3157 ipse
867 3084 1083 3157 paternorum

161 3159 211 3223 sit.
255 3158 333 3220 Nem
356 3158 523 3238 desperent
545 3159 584 3219 de
606 3178 662 3220 sue
685 3159 801 3239 studio,
834 3179 893 3219 nee
915 3159 989 3220 boni
1010 3158 1085 3219 flent

161 3242 298 3303 humane
322 3239 435 3319 officie,
458 3243 536 3302 sieut
557 3241 644 3302 multi
665 3249 873 3321 praesumunt.

225 3324 353 3404 Agimus
364 3324 458 3384 hodie
474 3324 504 3385 S.
515 3325 601 3385 Pauli
616 3326 861 3403 conversionem,
874 3329 957 3386 eerte
971 3324 1083 3404 dignis·

162 3408 283 3470 eimem.
304 3406 363 3466 Hie
373 3407 453 3466 enim
467 3414 515 3469 eet
525 3409 648 3487 proprie
662 3407 771 3468 doctor
779 3414 811 3468 et
819 3408 965 3488 magister
972 3415 1004 3467 et
1012 3426 1083 3486 apo-

163 3489 277 3566 stolus,
296 3490 368 3567 quie
381 3487 491 3551 doetor
502 3497 533 3550 et
546 3490 707 3569 apostolus
722 3490 860 3570 gentium
878 3490 980 3552 nDeo
995 3488 1084 3550 datus

162 3570 273 3652 grandi
289 3571 446 3649 miraeum,
466 3572 548 3650 quod
572 3574 610 3636 12
633 3572 767 3652 apostoli
788 3571 924 3649 ludaeis,
946 3592 1023 3632 unus
1035 3573 1085 3632 hie

163 3654 306 3734 gentibue
320 3653 410 3714 datus
425 3661 479 3715 eet.
504 3655 565 3716 Sed
580 3654 752 3716 honorandi
765 3655 887 3715 fuerunt
902 3654 946 3716 illi
959 3664 1085 3735 propter

162 3738 401 3819 promissionem
430 3745 560 3819 petrum.
611 3738 726 3800 Verum
755 3744 787 3798 et
814 3738 874 3799 hoe
904 3739 1081 3818 mysterium
