2356 4200
123 283 186 353 230
371 285 573 343 memnonos
589 287 698 358 nimus
715 287 795 347 both

123 457 263 524 fabulatu-
280 457 365 518 illam
386 457 554 519 mendaciis
587 459 729 521 refertam
765 458 804 521 ab
837 458 901 519 ullo
925 457 1051 535 dicum,

124 542 284 618 videlicet,
307 539 390 621 quud
412 541 443 602 in
466 541 600 621 quodam
623 542 695 602 loco
723 543 829 605 nescio
858 548 935 623 quot
967 542 1053 611 milla

90 665 97 682 2
126 628 171 706 (si
191 632 276 685 recte
292 624 427 698 memini,
450 624 508 685 tria
523 624 574 685 vel
590 626 742 704 quinque)
755 626 926 693 animarum
939 625 1053 695 tuerint

123 709 282 787 redempta
303 724 359 786 per
390 705 445 767 has
472 707 596 784 venias,
628 708 708 769 inter
745 726 822 787 quas
848 707 955 769 solum
989 716 1051 773 trss

123 794 244 855 luerunt
278 790 459 867 damnatae,
499 791 576 868 quia,
604 788 802 851 detraxerant
837 790 1050 872 indulgentiis.

123 875 223 939 Nemo
246 873 327 933 hanc
349 871 434 948 dixit,
457 871 512 932 sed
530 873 710 952 passionem
727 873 838 934 Christi
853 875 1051 937 narrantibus

124 955 351 1036 talla·populus
372 954 498 1031 audivit,
519 962 573 1016 aut
593 959 704 1036 postea
718 956 841 1017 audisse
856 955 960 1021 unxit-
979 957 1051 1019 Nou

124 1039 218 1103 oredo
250 1058 373 1117 verum,
411 1038 494 1117 quod
522 1039 635 1117 passim
664 1039 732 1099 sive
759 1038 950 1116 vectoribus,
986 1041 1052 1105 sire

123 1121 315 1203 hospitibus,
341 1126 393 1181 aut
415 1121 491 1181 alias
520 1121 723 1182 servientibus
753 1141 810 1201 pro
846 1124 947 1202 pretio
977 1122 1051 1187 dant

123 1213 264 1286 quatuor,
285 1203 430 1282 quinqua,
452 1203 502 1263 vel
527 1205 639 1283 quotu
661 1203 780 1269 libitum
797 1205 1051 1284 tirarit„animaa

205 1287 277 1349 Non
301 1284 409 1363 credo,
441 1285 525 1364 quod
548 1287 579 1346 in
602 1287 744 1367 pulpitis,
766 1294 932 1367 postquam
954 1289 1050 1370 impe

124 1379 214 1433 tuoso
251 1369 369 1446 mugitu
403 1367 653 1448 despumaven'nt
700 1389 770 1430 suas
806 1370 1050 1449 exhortationes,

122 1453 197 1527 εΗ)
223 1458 256 1526 ut
275 1450 408 1530 populus
429 1452 584 1531 imponat,
613 1451 874 1536 clamaverint³):
909 1454 1049 1534 Impone,

122 1539 265 1616 impono,
293 1534 419 1613 impone
444 1534 542 1607 (hanc
564 1536 646 1595 enim
668 1534 801 1615 populus
823 1555 934 1597 vocem
958 1546 1051 1618 caput
1083 1559 1087 1569 ·

124 1625 155 1681 et
176 1617 322 1689 caudam,
346 1614 410 1677 imo
434 1624 465 1677 et
486 1624 624 1678 ventrem
648 1630 690 1678 ‘ac
711 1625 808 1679 totum
829 1619 1049 1698 pene'serrno

123 1721 193 1763 usm
217 1718 288 1769 esse
310 1697 431 1779 lingit),
465 1706 529 1760 tum
558 1707 592 1761 ut
624 1700 788 1780 apostolici
818 1701 1049 1781 praedicatores

123 1803 187 1845 ram
212 1802 273 1844 nou
297 1780 397 1842 verbis
420 1781 529 1859 modo,
559 1782 613 1845 sed
636 1783 782 1862 exemplo
805 1783 971 1863 quoqual)
998 1785 1049 1846 do·

124 1854 434 1944 cent‘descendunt,
455 1866 606 1944 primique
628 1865 667 1926 ad
690 1867 798 1929 cistam
821 1875 909 1944 eunt,
931 1867 964 1929 in
987 1887 1049 1931 urn-

122 1951 206 2011 nium
229 1946 345 2024 oculis,
367 1948 522 2010 irritantes
544 1955 802 2028 etprovocantes
825 1949 1003 2030 simplicem
1020 1958 1051 2013 et

123 2032 249 2097 stultum
272 2029 431 2109 populum,
454 2037 487 2090 ut
504 2032 627 2111 penitus
641 2039 794 2112 exsugant
808 2031 961 2093 medullas
978 2035 1049 2097 eius.

123 2116 290 2195 Imponunt
310 2113 415 2191 itaque
437 2113 600 2192 splendido
622 2121 712 2193 gestu
733 2120 827 2194 atque
854 2131 974 2181 sonoro
996 2117 1050 2178 tin·

123 2199 199 2275 nitu,
221 2204 285 2257 turn
305 2197 469 2274 mirantur,
491 2197 515 2257 si
539 2217 601 2256 non
626 2197 735 2276 pluant
757 2199 850 2259 ceteri
873 2218 986 2261 ournes
1009 2206 1049 2277 to

124 2287 188 2343 tum
210 2299 262 2339 aes
285 2296 388 2355 suum,
417 2277 550 2339 arrident
577 2279 822 2358 imponentibus,
851 2281 1050 2362 indignantur

125 2360 386 2437 omittentibus5).
429 2361 499 2422 Non
530 2362 599 2422 dico
624 2381 684 2441 ego
707 2363 781 2422 istas
803 2363 959 2425 nundinas
983 2384 1049 2429 ease

124 2447 293 2507 animarum
313 2450 344 2502 et
357 2445 547 2524 monopolio,
569 2445 723 2524 poputotr
737 2444 891 2526 indignor,
915 2449 969 2525 qui
990 2456 1047 2509 tam

125 2531 177 2610 pia
197 2526 298 2588 studia
320 2545 375 2605 pro
398 2545 456 2603 sua
464 2526 608 2605 ruditate,
629 2546 692 2589 non
708 2530 858 2607 speciem,
879 2530 937 2591 sed
954 2549 1049 2610 usque

122 2611 162 2673 ad
196 2612 346 2685 furorem,
380 2610 538 2671 avaritiam
570 2611 818 2689 interpretatur„
854 2610 1047 2692 Quamquam

100 2694 197 2754 ‘mihi
217 2695 297 2754 forte
319 2689 429 2771 dignus
457 2693 549 2752 venia
578 2692 715 2752 videatur
744 2693 893 2773 populus,
953 2696 985 2756 ui
1004 2715 1049 2759 ,ax

123 2779 190 2838 iotis
214 2777 303 2837 novis
324 2773 479 2852 spiritibus
500 2776 551 2836 vel
572 2795 685 2837 novam
715 2782 866 2852 mentem,
895 2713 952 2838 vel
971 2797 1049 2839 erro·

124 2880 187 2920 rem
216 2856 364 2938 accipiat,
391 2874 461 2917 cum
487 2859 572 2937 prius
602 2860 700 2939 magis
728 2858 834 2919 erudire
861 2860 903 2919 sit
931 2861 1049 2938 solitus,

125 2961 203 3021 quaa
226 2941 264 3002 ad
288 2939 446 3000 caritatem
470 2947 503 3000 et
524 2940 726 3001 humilitatem
748 2940 957 3021 pertincutl).

207 3024 267 3086 sed
290 3022 315 3083 si
337 3022 514 3102 catalogum
536 3028 786 3104 portentoeorum
816 3024 979 3086 auditunm
1003 3047 1048 3087 va·

124 3107 175 3168 lim
199 3123 399 3188 percensere,
432 3124 515 3165 novo
547 3106 704 3170 volumine
736 3107 826 3168 fuerit
847 3125 937 3186 opus.
982 3109 1048 3192 Ego

124 3209 197 3251 vcro
231 3209 300 3250 mea
332 3188 484 3247 sententia
505 3188 614 3265 credo,
647 3190 671 3249 si
704 3189 917 3270 indulgentiae
947 3193 1049 3253 essent

124 3276 214 3333 etiam
237 3274 422 3353 praeceptae
447 3275 477 3331 et
507 3270 674 3348 salutares,
714 3281 815 3332 tamen
839 3274 912 3352 quia
933 3277 964 3334 in
989 3282 1049 3335 tam

124 3355 272 3436 grandem
296 3369 366 3414 sunt
385 3371 467 3412 nnuc
489 3352 617 3414 abusum
640 3361 670 3415 et
691 3354 869 3415 scandalum
893 3357 1048 3423 redactae,

196 3564 424 3629 lllnad.lan:
450 3572 534 3639 quod.
569 3572 802 3642 9)1bicl.desst:
826 3581 860 3627 et.
899 3577 984 3634 3110
1004 3577 1043 3630 od.

123 3636 183 3689 len.
209 3637 326 3708 legitur:
355 3640 503 3697 clamitant
544 3644 574 3707 d)
592 3645 624 3696 In
645 3645 774 3700 odolen.
805 3645 896 3700 deest:
928 3665 1045 3718 quoqne.

124 3709 156 3769 5)
171 3707 240 3761 lbid.
260 3710 378 3780 legitur:
397 3715 562 3768 omittentes.
591 3714 623 3782 6]
644 3716 727 3770 lbid.:
747 3717 892 3787 pollulum.
913 3721 946 3786 7)
967 3721 1045 3777 Ibida

38 3839 44 3857 ι
99 3781 289 3849 ‘pertineant
