2356 4200
484 285 512 325 a.
530 269 600 328 1516
617 272 713 326 habiti.
977 271 1048 338 ¹119

138 437 182 498 vel
201 457 301 517 sanes,
323 438 380 500 sed
400 458 459 509 nee
481 459 575 500 unum
597 460 725 521 granum
748 461 804 521 pro
826 443 908 503 victu
931 450 984 505 tuo
1006 443 1047 504 ef-

136 520 222 582 ficias.
265 521 327 582 Sed
358 524 443 583 caeci
477 543 596 601 sumus,
633 525 720 586 obliti
754 525 905 586 bonorum
938 534 969 587 et
989 528 1047 587 Dei

136 603 350 668 benefactores.
392 606 566 667 Redeamus
589 607 628 668 ad
650 610 810 669 materiam
833 616 985 691 nostram,
1007 609 1047 671 ad

134 688 294 749 seeundum
314 690 528 770 Praeceptum.

165 959 312 1055 Sermo
341 888 388 1055 in
416 959 882 1188 festptolppppholomaei
911 961 1020 1079 Apo.

138 1246 149 1273 ’
206 1273 376 1334 Historiam
408 1274 446 1334 de
475 1280 582 1335 sancto
612 1272 850 1338 Bartholomaeo
880 1276 1048 1336 coutemni-

128 1376 191 1416 nus
215 1358 362 1436 maxime,
384 1377 454 1417 cum
475 1355 855 1418 Eusebius-EcclesHist.
878 1358 897 1418 Ι.
911 1361 938 1422 3.
962 1378 988 1418 c.
1007 1360 1046 1422 25

127 1441 263 1501 omnium
280 1440 494 1520 apostolorum
516 1446 601 1500 actus
623 1440 708 1499 velut
730 1459 748 1499 a
768 1441 920 1520 pravitate
941 1442 1047 1502 haere·

127 1523 186 1584 tica
207 1525 371 1584 convictos
392 1522 613 1603 propellendos
637 1523 728 1583 dicat.
770 1523 861 1584 Adeo
888 1524 963 1585 nihil
994 1545 1047 1605 pu-

124 1606 189 1666 duit
210 1606 329 1686 bonos,
352 1613 385 1666 ut
407 1607 451 1666 sic
472 1606 587 1681 dicam,
610 1605 804 1685 collectores,
827 1624 864 1668 ea
886 1608 1048 1668 corradere

125 1689 339 1768 undecunque,
361 1708 441 1768 quae
462 1708 545 1749 nova
567 1695 601 1748 et
618 1690 695 1748 mira
717 1695 827 1749 essent.
871 1690 949 1750 Nam
972 1690 1048 1750 illud

125 1791 216 1852 qaam
237 1773 398 1852 pulchrum
416 1779 473 1849 eat,
495 1771 578 1850 quod
595 1771 679 1832 solus
694 1772 949 1833 Bartholomaeus
966 1773 1047 1833 filius

125 1857 205 1936 regia
240 1857 320 1915 inter
348 1856 509 1935 apostolos
542 1854 652 1914 dicitur
680 1862 710 1914 et
736 1862 863 1935 propter
884 1876 954 1917 eum
975 1877 1047 1917 con-

126 1940 222 1999 tentio
256 1939 336 2000 inter
362 1937 523 2018 apostolos
546 1944 613 1998 orta
639 1944 687 1997 est
709 1937 747 1997 de
770 1940 953 2018 majoritate.
988 1940 1047 1999 De-

125 2020 196 2082 inde
227 2021 311 2101 quod
340 2022 501 2081 incesserit
528 2021 559 2079 in
582 2021 674 2100 regiis
703 2020 865 2099 sandaliis,
896 2029 927 2082 et
956 2023 1048 2083 etiam

125 2106 155 2165 in
169 2124 306 2185 purpura
328 2105 450 2184 petierit
469 2101 623 2180 incedere,
646 2104 749 2181 eredo,
772 2104 854 2182 quod
877 2106 929 2164 sic·
941 2104 975 2164 lit
987 2105 1047 2165 fao

126 2196 172 2247 tus
193 2208 250 2247 rex
278 2207 334 2247 seu
356 2186 436 2247 lilius
465 2189 565 2266 regis,
599 2188 677 2246 sicut
710 2194 740 2246 et
769 2187 822 2246 ille
852 2195 1046 2248 astronomus

124 2271 339 2347 Ptolomaeus,
361 2289 473 2349 nempe
496 2290 535 2329 ex
556 2271 745 2349 ignorantia,
778 2278 852 2349 puta
875 2271 955 2349 quod
977 2272 1046 2331 Pto-

124 2354 266 2416 lomaeus
288 2372 402 2413 nomen
424 2355 541 2432 regium
573 2362 619 2412 est
648 2354 678 2410 in
702 2353 857 2433 Aegypto.
900 2354 966 2414 Imo
1000 2374 1046 2413 su-

125 2439 244 2518 spicata
264 2436 320 2496 fuit
342 2437 483 2516 imperita
497 2437 662 2512 temeritas,
684 2442 717 2495 ut
732 2457 786 2496 rex
798 2436 889 2496 fuerit
900 2437 1046 2517 Aegypti,

126 2528 155 2580 et
176 2522 239 2580 Bar
259 2519 411 2580 Hebraioe
433 2518 527 2578 tilium
552 2525 656 2595 sonat,
685 2519 939 2580 Bartholomaeus
967 2520 1046 2579 lilius

124 2604 309 2679 Ptolomaei,
331 2605 350 2663 i.
370 2621 396 2662 e.
427 2601 593 2661 secundum
617 2602 738 2661 illorum
761 2603 943 2682 sapientiam
964 2601 1045 2661 tilius

125 2688 223 2767 regis,
255 2705 323 2745 cum
346 2686 543 2745 Ptolomaeus
566 2686 605 2743 sit
632 2705 696 2744 rex.
746 2686 858 2745 Cetera
884 2693 1045 2765 praetereo

124 2769 359 2847 absurdissima,
393 2787 472 2846 quae
505 2768 688 2828 dissentiunt
719 2769 856 2828 totaliter·
883 2789 902 2828 a
927 2769 989 2828 fide
1016 2775 1048 2828 et

124 2854 269 2930 veritate,
302 2872 342 2911 ne
381 2853 490 2910 iterum
525 2851 608 2910 dicar
641 2860 672 2910 et
699 2850 805 2911 videar
837 2850 1047 2911 scandalizare

124 2935 262 2995 infirmos
280 2936 349 3013 **),
393 2933 561 2994 Prudenter
583 2935 700 3013 agitur,
732 2934 814 3012 quod
836 2954 899 2993 non
921 2941 1046 3010 temere,

124 3027 242 3079 contra·
256 3017 398 3078 consulta
414 3017 474 3076 dici
493 3017 624 3094 auditur,
647 3017 708 3076 sed.
724 3018 748 3076 si
770 3018 814 3076 ita
831 3018 923 3080 etiam
946 3023 1048 3076 actum

124 3102 250 3176 fuisset,
283 3120 352 3160 cum
383 3120 421 3160 ea
453 3101 639 3179 inciperent,
673 3119 753 3177 quae
784 3120 867 3160 nuuc
898 3107 1049 3161 consueta

126 3193 212 3263 sunt,
236 3185 380 3261 maxime,
404 3202 472 3241 cuim
495 3203 535 3242 ex
555 3182 639 3242 nulla
660 3192 798 3243 veterum
822 3189 940 3262 patrum
963 3189 1048 3242 auto-

182 3410 212 3479 *)
234 3410 313 3462 Hunc
335 3427 492 3478 sermonem
524 3428 597 3463 anno
626 3412 694 3466 tato
722 3411 846 3464 habitum
874 3416 901 3464 et
925 3427 960 3470 ex
986 3411 1048 3465 cod.

126 3483 200 3551 MSo,
220 3498 302 3550 quem
323 3499 406 3550 saepe
425 3483 556 3548 diximus,
572 3483 708 3536 redditum
720 3483 889 3536 Loescherus
909 3485 1050 3551 specimen

127 3571 187 3608 esse
207 3553 274 3605 dicit
292 3555 489 3607 invectivarum
510 3556 618 3608 Lutheri
645 3557 672 3605 in
693 3560 798 3607 veteres
819 3556 988 3622 papistarum
1012 3555 1050 3604 la-

125 3627 215 3766 bltt
236 3625 402 3749 viletta
420 3626 515 3750 'ald
537 3625 1048 3753 allelaelidiatum

127 3775 190 3824 aute
207 3765 300 3824 theies
317 3770 355 3822 de
368 3714 552 3840 inddlgenliis
571 3766 712 3841 quosdam
732 3715 891 3828 offedd'use.
