2356 4200
129 256 191 325 352
361 262 516 330 Responsio
543 260 626 343 Erid.
644 261 710 316 Sex.
727 261 816 317 Eleet.

212 431 374 510 Ceterum,
409 435 443 489 ut
464 429 567 508 audio,
587 430 705 491 Dootor
726 430 875 490 Martinus
897 449 1052 510 nunquam

129 535 193 576 non
216 514 345 589 obtulit,
377 530 415 572 se.
432 531 537 574 eoram
559 515 684 595 aequis,
707 510 901 594 commodis,
924 531 989 574 non
1009 533 1053 574 eu·

128 599 241 678 speotis
264 604 296 658 et
316 594 515 677 prudentibus
537 595 704 673 iudicibus,
730 594 791 656 fide
812 595 939 675 publiea
961 597 1053 665 mnni-

127 686 202 760 tum,
225 679 404 751 obedienter
425 679 673 758 comparitunlm,
694 678 865 741 doctrinam
879 699 969 741 suam
989 680 1054 761 ipse

129 763 319 841 defensurus,
339 769 370 822 et
391 761 519 824 meliora
541 768 634 841 atque
657 763 813 840 sanctiora
834 782 876 822 ex
897 763 1054 844 seripturis

106 846 249 910 sanetis
284 845 428 907 edoctum
461 863 530 905 sese
565 846 830 926 obtemperantem
854 845 1052 919 etduotilern

126 936 361 1011 praestaturum.

211 1011 261 1072 Ad
282 1011 343 1073 hoo
364 1010 455 1069 audio
477 1010 537 1090 ipsi
558 1010 715 1072 admotum
726 1010 980 1072 Commissarium
1002 1013 1054 1073 Ar-

129 1096 359 1177 ohiepisoopum
396 1099 426 1153 et
447 1092 623 1154 Electorem
645 1094 867 1155 Trevereneem
890 1095 948 1177 *),
978 1097 1054 1155 arni·

128 1198 197 1241 aum
220 1198 337 1257 meum,
372 1176 410 1236 ad
440 1177 524 1235 ouius
553 1178 747 1238 vocationem
777 1196 841 1237 non
864 1177 973 1240 dubito
996 1177 1054 1239 lide

127 1261 251 1343 publiea
273 1259 369 1340 probe
391 1265 422 1319 et
444 1260 518 1319 satis
540 1260 689 1320 munitum
703 1260 911 1339 obsequenter
933 1279 1053 1343 oompa

127 1346 277 1423 riturum,
298 1351 332 1403 ut
352 1361 444 1403 nemo
468 1341 541 1402 mihi
565 1342 730 1422 quidquam
751 1342 813 1404 hoo
834 1347 965 1405 nomine
987 1362 1053 1426 pos·

129 1430 168 1489 sit
188 1429 253 1487 iure
277 1426 396 1486 crimini
418 1433 548 1486 vertere:
591 1425 640 1485 Ex
661 1427 765 1487 animo
800 1427 880 1486 enim
904 1427 982 1488 mihi
1004 1427 1053 1488 do·

128 1511 214 1590 leret,
236 1528 306 1569 mea
326 1509 386 1569 hao
407 1512 509 1569 aetate
530 1528 649 1569 errores
676 1511 707 1568 in
730 1516 837 1570 sanata
859 1508 922 1571 lide
945 1508 1054 1572 (latho-

128 1593 189 1653 lioa
211 1591 351 1670 suboriri,
375 1598 467 1671 atque
490 1593 633 1672 existere,
656 1592 777 1671 hocque
795 1592 959 1653 molestius
983 1592 1053 1655 mihi

129 1682 221 1752 esset,
247 1694 366 1736 errores
389 1695 408 1735 a
429 1695 479 1735 me
500 1674 637 1753 provehi.
680 1675 710 1737 A
733 1695 793 1755 qua
813 1677 994 1755 impietate,
1025 1682 1055 1736 nt

129 1778 195 1835 oro,
218 1777 267 1819 me
280 1758 363 1818 Deus
387 1757 555 1818 elementer
575 1765 753 1836 praeservat
772 1760 1002 1820 intaminatum.
1023 1756 1053 1819 ld

149 1841 210 1901 uod
234 1841 303 1921 ¹Car.
325 1848 447 1901 vestrae
470 1840 508 1900 ad
527 1840 630 1922 literas
652 1842 747 1921 ipsius
770 1842 856 1902 nolui
873 1843 955 1903 olam
979 1860 1054 1921 esse,

127 1861 272 2005 flagitans
294 1924 350 1984 has
373 1942 458 1984 meas
480 1923 585 1984 literas
608 1944 670 1984 non
703 1926 876 1985 inamanter
900 1926 1053 2007 excipien-

57 2050 61 2059 t
129 2007 184 2069 das
207 2015 300 2086 atque
321 2005 560 2088 intelligendas,
583 2025 674 2085 quam
696 2008 762 2068 Deo
787 2010 997 2089 omnipotenti
1017 2008 1053 2070 fe

128 2091 227 2159 lioiter
248 2090 492 2151 conservandam
515 2090 712 2151 commendo.

431 2173 544 2233 Datum
567 2192 606 2232 ex
627 2172 781 2254 Angusta,
805 2172 841 2234 V.
865 2175 1017 2255 Augusti,

555 2256 647 2318 Anno
670 2256 837 2319 MDXVIll.

424 2517 507 2612 Leo
546 2518 669 2637 Papa
713 2484 764 2613 X.

125 2719 281 2779 Dileoto
304 2717 406 2778 Filio
429 2717 563 2779 Nobili
584 2719 694 2793 Viro,
716 2719 933 2796 Friderioo,
956 2721 1047 2782 Dnoi

126 2802 342 2880 saxoniae,
371 2800 482 2863 Saori
509 2802 674 2861 Romani
696 2802 854 2882 Imperii
877 2805 1047 2885 principi

458 2883 662 2963 Electori,
685 2884 715 2946 S.

208 3048 328 3108 Dileate
350 3047 402 3126 fili,
425 3048 561 3110 Salutem
585 3055 616 3109 et
636 3050 839 3130 apostolieum
864 3051 1045 3113 benedictio·
1078 3072 1082 3087 ·

125 3151 206 3192 nem.
230 3131 306 3190 Cum
329 3133 477 3192 memoria
488 3133 651 3193 recolimus
668 3132 892 3193 nobilissimam
904 3134 1045 3196 familiam

124 3223 230 3291 tuam,
264 3221 355 3301 teque
388 3216 486 3294 ipsum
514 3221 607 3295 oaput
628 3223 659 3275 et
680 3227 894 3276 ornamentum
917 3218 1046 3280 familiae

124 3298 164 3357 ad
185 3294 304 3357 ceteras
324 3297 432 3357 laudes
455 3301 594 3378 proprias
627 3301 750 3379 generis
772 3302 864 3362 vestri
886 3300 971 3362 hano
997 3303 1044 3382 pri-

125 3398 206 3440 mam
228 3386 262 3440 et
280 3381 473 3461 potissimam
495 3400 564 3442 esse
583 3382 739 3460 voluisse,
771 3392 805 3442 nt
837 3403 893 3462 per
916 3404 976 3446 vos
997 3384 1044 3445 Dei

124 3460 201 3522 fides
225 3483 262 3523 ao
282 3462 408 3542 religio,
447 3471 478 3524 et
504 3465 592 3524 huius
621 3472 746 3525 sanotae
768 3465 856 3526 Sedis
886 3467 992 3530 honor
1014 3483 1044 3527 aa

125 3544 275 3625 dignitas,
313 3547 572 3625 quemadmodum
595 3549 716 3628 quidem
747 3549 837 3610 deoet
866 3556 899 3611 et
926 3551 975 3612 l'as
996 3558 1043 3624 eet,

128 3685 337 3697 -ι-ι--υ-

179 3764 209 3832 *)
231 3765 264 3818 ot.
282 3764 428 3819 Loesulrer.
447 3765 512 3821 ibid.
