2356 4200
123 252 184 362 ’ὁδ’
471 288 749 355 Satnibttes'botbsri

133 468 181 531 lus
203 468 299 532 bomo
322 469 397 533 velit
418 469 570 553 damnari,
593 471 661 547 sola
677 471 829 552 sapientia
849 471 948 532 carnis
968 464 1053 552 iacit,

131 553 218 634 quod
240 554 392 636 sapientia
412 556 471 617 Dei
491 557 574 617 nnnc
594 555 691 633 dicet,
713 574 772 636 ego
790 555 875 615 volui
897 560 929 616 et
949 561 982 616 tu
997 574 1051 617 no-

129 636 222 699 luisti.
266 637 407 700 Mirabile
428 639 509 700 enim
533 645 593 721 est,
625 637 707 718 qnod
721 636 920 699 'contradicat
940 639 999 700 sibi
1020 645 1052 701 et

131 719 288 782 discordet
308 722 452 785 voluntas
464 722 524 783 Dei
545 728 578 785 et
597 727 713 783 nostra.
756 720 818 783 sed
832 726 943 782 'nmen
965 726 1052 802 patet

11 844 18 859 .
127 802 300 948 pp'imnmb¹
307 802 498 869 thimotha.
511 811 542 866 et
551 805 741 887 experientia
750 804 1049 887 cuiuslibet'propsia.

154 887 184 948 le
206 885 288 957 eninr
300 886 383 969 dicit,
403 886 498 969 Deus,
521 890 572 968 qui
589 889 655 950 vult
672 880 779 949 omnes
791 885 1050 961 homines‘salvos

123 969 193 1055 ¹ileri
216 977 248 1033 et
262 970 506 1051 adagnitionem
517 972 655 1033 veritatis
667 972 791 1050 venire3
813 976 844 1031 et
858 968 977 1034 aneon
994 968 1033 1055 ¹3.
1041 993 1048 1032 :

127 1052 209 1115 lium
220 1053 293 1135 q'uid
300 1052 467 1137 voluntatis
480 1056 540 1116 mei
553 1061 601 1116 est
610 1073 693 1115 mors
704 1053 812 1135 impii?
831 1052 983 1116 etPsalm.
993 1055 1048 1121 27:

122 1134 282 1213 Quoniam
301 1138 349 1197 ida
358 1138 390 1198 in
402 1134 615 1218 indignatione
630 1142 661 1199 et
672 1139 736 1198 vita
747 1138 779 1198 in
791 1136 1049 1216 volontate'eins,

131 1226 163 1281 et
177 1220 354 1300 sapientiae
374 1217 458 1281 Dens
481 1225 612 1282 mortem
632 1224 701 1282 non'
719 1220 807 1296 iecit,
830 1218 1049 1295 'nec‘delacta

126 1308 176 1365 tur
195 1303 227 1362 in
253 1300 426 1384 perditione
458 1305 499 1364 im
522 1305 637 1366 iorum:
650 1312 654 1327 “
668 1305 760 1382 item,
790 1298 1050 1365 donabile's'fecit

125 1385 270 1475 nationes
293 1385 375 1448 orbis
398 1390 456 1449 et'c.
498 1325 539 1448 dt
560 1385 689 1468 quilibet
705 1387 889 1466 requisitus,
911 1386 1049 1447 an'velit

127 1468 250 1551 salvari,
271 1466 439 1550 respondet
448 1470 531 1550 volo,
555 1468 704 1548 damnari,
726 1475 758 1530 et
777 1468 946 1550 respondet
958 1469 1045 1530 nolo.

125 1550 168 1612 nt
188 1554 262 1613 non'
276 1550 456 1614 mirabiliter
484 1553 532 1630 dt,
564 1558 598 1613 ut
628 1551 707 1613 haec
738 1564 801 1612 una
816 1566 818 1571 ·
833 1553 872 1612 sit
902 1552 1047 1612 voluntas

120 1632 187 1695 liei
209 1642 240 1696 et
260 1634 437 1715 hominum,
465 1640 497 1697 et
518 1634 714 1697 alteradicat
734 1635 775 1696 ad
787 1633 941 1711 'alteram
963 1634 1048 1695 volui

127 1722 159 1778 e't
179 1718 314 1781 noluisti.
356 1716 437 1778 liam
469 1720 531 1780 ista
562 1718 731 1800 synteresis
757 1719 791 1778 in
812 1718 972 1778 voluntate
993 1717 1047 1777 bu-

126 1802 272 1861 manain
294 1808 475 1882 perpetuom
498 1805 618 1882 manet,
641 1800 722 1881 quod
735 1800 944 1878 velitsaluari,
966 1800 1048 1862 bene

129 1881 281 1964 beateque
302 1885 423 1962 vivere,
450 1884 530 1946 nolit
560 1890 591 1946 et
613 1882 697 1945 odiat
718 1883 872 1962 damnari,
903 1883 985 1943 'sicot
1015 1889 1047 1944 et

124 1966 253 2026 rationis
266 1967 433 2047 synteresis
443 1965 734 2048 inexstinguibiliter
745 1967 927 2046 deprecatur
937 1965 977 2027 ad
990 1983 1045 2048 op

126 2049 210 2129 tima,
233 2049 366 2129 advera,
388 2055 482 2127 mota,
505 2050 595 2114 iusta.
623 2048 801 2111 Haecenim
814 2049 980 2129 s'ynteresis
997 2055 1046 2109 est

126 2133 321 2194 conservatio
356 2132 520 2213 reliquiae,
554 2132 729 2225 residuum,
759 2136 913 2212 superstes
942 2132 1044 2211 portio

126 2220 253 2276 naturae
285 2217 535 2297 incorruptione
564 2222 595 2277 et
615 2216 690 2277 vitio
713 2214 868 2295 perditae,
896 2232 933 2274 ac
960 2214 1046 2275 velut

126 2294 242 2374 fomes,
270 2317 376 2358 semen
410 2302 442 2359 et
470 2299 597 2360 materia
616 2297 848 2360 resuscitandas
876 2304 908 2358 et
927 2302 1044 2358 restam

124 2379 239 2440 randae
251 2381 316 2441 eins
333 2383 538 2463 pergratiam,
562 2380 740 2442 sicutliisa.:
763 2378 955 2442 Arundinem
969 2397 1042 2440 oon-

127 2468 301 2545 quassatam
322 2482 387 2524 non
409 2464 598 2546 confringet,
634 2468 666 2525 et
685 2463 782 2524 linum
803 2463 956 2544 fumigans
979 2480 1043 2524 non

126 2539 318 2629 exstinguet,
342 2547 428 2626 quasi
451 2547 581 2626 diceret,
613 2546 667 2608 sed
688 2547 791 2627 potius
813 2544 1044 2626 redintegrabit,

126 2626 347 2709 consolidabit,
375 2630 524 2692 accendet
558 2637 590 2693 et
615 2628 825 2690 inflammabit.
868 2627 919 2690 Sic
933 2627 1044 2701 ,‚idem:

124 2708 191 2772 Nisi
215 2710 364 2773 Dominus
384 2713 561 2794 reliquisset
580 2712 670 2774 nobis
692 2730 816 2790 semen,
839 2712 924 2790 quasi
946 2708 1044 2772 dodo

126 2806 177 2855 ma
199 2794 378 2874 fuissemus,
399 2797 418 2858 i.
441 2816 469 2858 a.
493 2795 650 2857 moraliter
669 2793 846 2874 loquendo,¹
865 2794 924 2853 nisi
943 2800 1044 2874 synte-

127 2877 207 2937 resin
232 2884 263 2938 et
283 2877 428 2958 reliquias
449 2886 577 2940 naturae
599 2884 830 2953 conservasset,
853 2882 918 2937 tota
938 2877 1043 2956 periis-

126 2967 181 3021 set.
224 2959 265 3021 lit
282 2960 380 3040 Hiob,
412 2960 530 3044 lignum
559 2960 652 3022 habet
680 2964 782 3040 spem',
817 2960 842 3018 si
873 2960 1045 3040 praecisum

125 3042 230 3122 fuerit,
251 3063 371 3104 rursum
391 3046 531 3124 virescit,
550 3044 578 3104 si
599 3049 736 3104 mortuns
752 3043 842 3103 luent
864 3043 895 3101 iu
915 3043 1045 3122 pulvere

126 3132 249 3186 truncus
272 3127 337 3187 eius
360 3133 392 3188 et
413 3127 549 3189 senuerit
560 3125 649 3187 radix
671 3126 736 3187 eiu‘s
758 3127 790 3185 in
801 3130 899 3204 terra,
915 3124 956 3185 ad
970 3124 1054 3201 odo„

127 3220 193 3268 rem
215 3228 314 3290 aquae
335 3209 519 3292 germinabit
539 3216 571 3270 et
590 3209 684 3270 faciet
705 3226 840 3284 comam,
870 3208 956 3287 qnasi
974 3224 1045 3267 cum

127 3293 260 3372 primum
289 3292 475 3374 plantatum
493 3298 550 3354 e'st.
592 3290 823 3352 Resuscitabilis
855 3291 960 3370 itaque
998 3294 1046 3350 est

126 3382 252 3455 natura,
286 3376 344 3435 nisi
378 3381 512 3456 ponatur
542 3374 624 3436 obex
659 3379 690 3435 et
722 3375 841 3455 gratiae
876 3373 1045 3452 resistatur,

128 3457 210 3537 quod
232 3458 347 3518 faciunt
367 3459 467 3538 impii,
492 3459 543 3538 qni
561 3457 634 3518 freti
656 3476 711 3517 sua
726 3457 898 3536 ,synteresi,
921 3461 952 3516 et
970 3472 1075 3536 prael

124 3540 285 3602 voluntate
306 3560 344 3602 ac
364 3543 517 3621 sapientia
527 3541 651 3622 propria
669 3539 779 3601 nolunt
787 3539 966 3617 restaurari,
989 3538 1044 3600 sed

127 3625 194 3684 sani
216 3623 274 3684 sibi
295 3623 447 3688 videntur.
488 3625 584 3706 Igitur
606 3623 685 3684 adeo
707 3620 882 3683 radicaliter
895 3621 955 3681 ista
974 3641 1044 3702 por·

126 3706 172 3767 tio
194 3706 361 3767 voluntatis
382 3708 477 3787 inest,
505 3713 538 3768 nt
558 3707 653 3767 etiarn
675 3707 706 3765 in
728 3704 882 3766 damnatis
903 3704 979 3765 sola
1005 3705 1045 3765 sit

126 3807 219 3852 cansa
246 3790 340 3851 totius
359 3808 454 3871 ,pene
477 3790 604 3871 inferni,
642 3787 725 3870 quod
752 3787 863 3851 nolunt
896 3802 995 3868 aum,
1009 3795 1046 3849 et
