2356 4200
613 192 631 227 Ι,
654 180 658 187 .

420 262 450 317 n.
471 261 596 318 summ
614 264 762 317 anenata.
986 260 1049 326 353

128 434 217 495 sione
247 440 300 494 tua
323 436 372 499 19.
414 433 483 514 Ego
506 453 581 497 vero
609 453 678 495 oum
705 433 938 511 divossThoma,
966 434 1052 497 enine

127 516 285 594 doctrina,
316 522 463 660 guantum
495 516 535 578 ad
556 516 650 579 iidem
672 523 703 578 et
724 536 827 579 mores
850 516 975 593 attinet,
997 534 1053 596 per

126 598 267 680 regulam
297 598 369 662 flei
398 599 562 662 ecclesiam
589 600 762 663 Romanam
797 606 829 661 et
853 598 994 660 discussa
1022 606 1053 660 et

125 681 260 763 probata
282 689 346 761 est,
376 681 445 744 dico
468 682 552 763 quod
575 685 626 766 qui
649 689 818 765 purgantur
839 683 940 744 soiunt
962 700 996 743 se
1017 682 1051 743 li-

111 763 292 845 *berandoa
314 767 452 846 alioquin
473 786 493 828 a
514 765 603 828 nobis
626 765 770 847 suffragia
781 786 846 828 non
861 770 1053 846 expeterent,

125 847 211 993 guod
244 847 354 946 crebro
387 849 521 931 iaciunt,
557 856 590 911 ut
632 848 730 930 liquet
773 869 813 910 ex
849 849 902 912 lib.
937 847 1053 929 dialog.

153 953 169 993 r
213 949 282 995 orn.

169 949 355 1077 egSecunda
375 1034 449 1077 vero
472 1015 589 1077 falsitas
611 1022 672 1095 est,
703 1015 786 1096 quod
813 1017 866 1095 qui
887 1020 1055 1096 purgentur

126 1099 275 1177 timeant,
303 1107 517 1179 praeterquam
540 1098 688 1176 filialiter,
718 1118 797 1179 quae
819 1100 901 1159 enim
922 1099 984 1159 iam
1006 1117 1053 1159 su-

126 1182 244 1243 stinent
263 1183 296 1241 in
317 1183 481 1262 praesenti,
504 1201 566 1243 non
589 1183 712 1259 timent,
743 1184 816 1262 quia
836 1183 928 1243 timor
949 1182 988 1241 de
1009 1180 1052 1240 iu-

125 1271 195 1327 turo
219 1271 269 1325 est
289 1264 392 1343 malo,
415 1265 477 1326 alia
498 1271 601 1326 autem
624 1265 721 1344 mela,
753 1272 875 1344 praeter
897 1284 952 1343 ea,
973 1282 1053 1342 quae

127 1347 185 1408 sibi
218 1348 299 1407 inter
328 1347 521 1427 purgandum
555 1347 696 1424 haerent,
731 1367 793 1408 non
823 1349 947 1426 timent,
983 1365 1052 1407 oum

126 1431 228 1491 sciant
261 1449 295 1491 se
323 1430 363 1494 ab
384 1431 432 1492 hie
453 1431 542 1493 malis
566 1431 606 1492 ad
635 1431 765 1512 gloriam
794 1431 991 1508 transituros,
1021 1437 1054 1489 ut

126 1512 322 1574 dictumest.
603 1510 612 1531 ³

207 1595 313 1658 Tertia
342 1597 460 1658 falsitas
495 1604 557 1678 est,
597 1597 681 1676 quod
711 1597 761 1657 hic
794 1598 886 1658 timor
914 1614 948 1657 se
972 1595 1052 1657 solo

125 1681 204 1741 satie
222 1680 264 1739 sit
283 1678 384 1759 iacere
414 1699 549 1761 poenam
577 1681 801 1760 purgatoriam,
835 1678 919 1759 qnod
949 1681 1052 1757 utique

125 1761 238 1827 falsum
261 1760 391 1842 affirmo,
413 1765 486 1843 quia
506 1782 566 1824 nec
586 1763 688 1824 iacere
709 1768 813 1843 potest
835 1781 905 1823 oum
927 1763 1052 1840 nonsit,

126 1864 186 1906 neo
207 1864 243 1905 ee
265 1844 345 1925 solo,
369 1847 506 1927 alioquin
526 1848 638 1926 impius
661 1853 744 1907 esset
754 1847 850 1924 Deus,
872 1846 986 1925 quippe
1001 1845 1053 1924 qui

125 1934 250 2009 praeter
271 1929 362 1990 istam
384 1929 586 1991 sufficientem
612 1931 664 2006 (ut
684 1927 813 2011 astruis)
830 1927 1052 2009 poenamaiias

125 2018 277 2093 apponat,
299 2020 374 2093 puta
395 2013 591 2074 assistentiae
614 2011 811 2092 daemonum,
833 2010 990 2092 ligationis
1012 2009 1052 2070 ad

125 2100 246 2156 certum
266 2094 379 2175 locum,
392 2096 547 2157 dilationis
560 2102 685 2175 optatae
703 2094 832 2175 gloriae,
845 2103 876 2155 et
888 2092 1052 2155 eiusmodi.

211 2178 269 2252 16)
286 2179 373 2239 Mart.
385 2179 536 2240 Videntur
551 2178 697 2256 infernus,
710 2180 920 2258 purgatorium
936 2182 967 2237 et
984 2195 1052 2238 coe-

126 2260 190 2321 lum
212 2259 349 2339 differre,
372 2264 451 2323 siout
471 2262 663 2341 desperatio,
685 2280 782 2341 prope
804 2260 997 2341 desperatio,
1022 2265 1053 2319 et

125 2345 278 2407 securitas
301 2343 453 2406 differunt.

209 2426 265 2490 Sil.
288 2427 356 2488 Hoo
377 2428 497 2489 videtur
519 2427 642 2507 quidem
665 2428 744 2487 forte
767 2427 831 2506 tibi,
855 2426 927 2487 mihi
949 2425 1051 2487 antem

124 2529 195 2571 oum
221 2509 294 2571 divo
322 2511 443 2572 Thoma
464 2511 597 2590 videtur,
612 2509 703 2589 ‘quod
726 2512 777 2589 qui
805 2516 974 2591 purgantur
999 2509 1051 2568 ha-

126 2594 202 2654 bent
225 2613 311 2673 spem
334 2602 449 2655 sermm
472 2595 589 2672 salutis,
612 2602 643 2654 et
660 2601 888 2672 consequenter
906 2612 970 2653 non
984 2601 1054 2652 sunt

124 2675 294 2757 desperati,
316 2678 366 2738 vei
387 2680 474 2757 quasi
497 2679 562 2738 sive
584 2696 682 2757 prope
699 2676 863 2757 desperati.
900 2675 1052 2736 Differunt

123 2765 231 2820 autem
259 2760 418 2840 praedicta
445 2763 523 2822 siout
550 2779 652 2840 poena
679 2767 829 2840 perpetua
851 2778 920 2820 oum
943 2758 1051 2838 despe-

122 2843 248 2903 ratione
271 2843 433 2921 evadendi,
456 2851 488 2904 et
507 2844 668 2905 voluntate
690 2848 840 2923 perpetuo
863 2841 1050 2902 adhaerendi

124 2931 268 3005 peccato,
290 2927 373 3006 quod
393 2928 513 2988 inferno
537 2927 687 3006 congruit,
711 2933 742 2986 et
763 2927 852 2986 monti
865 2931 1052 3005 poenatem-

123 3008 242 3087 poralis
264 3027 332 3070 enm
355 3031 410 3091 spe
432 3009 600 3087 evadendi,
629 3017 660 3069 et
682 3009 841 3070 voluntate
863 3007 1049 3069 adhaerendi

125 3091 195 3152 Deo
218 3101 379 3175 perpetuo,
402 3093 486 3173 quod
507 3093 675 3173 purgatorii
700 3099 756 3169 est,
779 3100 810 3152 et
831 3093 909 3153 sicut
920 3092 1050 3171 privatio

124 3175 228 3234 omnis
249 3196 381 3255 poenae,
404 3184 435 3237 et
452 3177 591 3256 impletio
610 3177 710 3235 omnis
731 3175 878 3236 naturalis
898 3175 1051 3255 appetitus

123 3263 156 3317 et
176 3259 293 3339 gaudii,
315 3268 348 3320 ut
368 3262 399 3321 in
422 3261 512 3320 coelo
536 3266 591 3321 est.
666 3284 673 3300 1

212 3343 267 3418 17)
299 3343 387 3405 Mart.
420 3342 635 3404 Necessarium
671 3341 792 3402 videtur
826 3339 987 3401 animabus
1021 3341 1051 3398 in
1079 3350 1083 3363 ¹

125 3427 306 3504 purgatorio
343 3428 422 3487 sicut
449 3428 544 3487 minui
571 3425 745 3503 horrorem,
774 3426 817 3485 ita
845 3425 950 3504 augeri
978 3425 1052 3483 cari·

126 3509 234 3566 tatem.

212 3588 265 3652 Sil.
292 3591 362 3652 Uno
392 3593 623 3653 inconvenienti
654 3591 727 3652 dato
749 3590 837 3671 plura
860 3591 1052 3669 contingunt,

125 3670 210 3750 apud
232 3674 444 3737 Aristotelem.
488 3674 577 3736 Unde
599 3676 701 3754 posito
725 3673 828 3733 servili
848 3674 974 3750 timore,
1001 3675 1052 3751 qui

126 3755 246 3816 caritati
278 3756 477 3838 adversatur,
509 3759 717 3818 necessarium
739 3757 793 3818 tibi
815 3755 879 3836 fnit,
912 3755 1052 3834 Martiae,

153 3895 245 3936 Lethen
260 3907 310 3944 opp.
328 3899 351 3939 V.
365 3898 391 3937 Α,
406 3899 437 3937 ad
448 3900 488 3939 ref.
503 3900 554 3940 trist.
568 3900 583 3940 i.
597 3910 620 3951 p.
637 3899 686 3942 Vol.
701 3899 718 3941 L
803 3865 845 3932 23
