2356 4200
432 314 457 356 a.
478 298 661 360 tattheum.
941 297 1004 369 193

83 468 197 529 idolum
228 470 372 530 vanitatis
401 468 483 548 lieri,
526 470 580 532 ssd
609 471 714 533 omnia
744 471 826 532 bona
862 471 901 533 ab
933 472 1002 553 ipso

83 571 208 633 sperare
229 558 261 612 et
280 553 312 612 in
329 552 444 613 nullam
471 560 641 615 creaturam
665 551 830 615 confidere.

167 635 268 711 Haec,
296 637 438 715 inquam,
467 636 622 697 confessio
652 639 724 697 viva
753 644 784 697 et
809 635 886 698 tides
908 637 1001 717 plena

83 725 129 778 est
149 717 221 779 thus
243 717 318 778 illud
340 719 571 800 suavissimum,
605 738 666 798 quo
690 717 846 780 offerimus
868 738 926 780 nos
948 740 1002 783 no-

82 811 206 882 straque
229 803 333 862 omnia
353 802 431 864 Deo.
470 801 594 862 Oblatio
616 804 697 862 enim
722 802 788 863 Deo
811 801 933 882 placida
954 811 1002 864 est

82 902 137 945 cor
157 885 240 964 pium
263 892 295 944 et
315 891 442 965 gratum.
457 893 550 964 atque
571 893 724 965 pacatum.
760 884 821 946 Sed
834 886 894 946 hoc
917 905 1000 967 mag-

81 988 154 1027 uum
177 977 226 1028 est
239 967 331 1028 valde
352 974 384 1028 et
404 967 499 1048 longo
522 969 629 1028 itinere
652 969 828 1048 pervenitur
849 968 888 1028 ad
907 969 998 1029 istam
1073 1010 1076 1016 -

82 1050 272 1111 oblationem
287 1051 469 1132 Magorum3
490 1070 595 1111 verum
617 1053 643 1111 si
665 1053 787 1131 spiritus
809 1053 894 1129 assit,
917 1052 1000 1113 velo-

82 1134 160 1195 citer
180 1140 213 1194 et
233 1134 323 1194 facile
345 1132 527 1213 perficietur.
577 1133 728 1194 Christum
763 1143 865 1194 autem
896 1154 1000 1215 regem

82 1215 223 1277 confiteri
252 1224 283 1276 et
309 1236 416 1276 aurum
444 1211 555 1277 offerre
581 1225 643 1292 est,
677 1217 820 1297 deposita
849 1219 1000 1297 sapientia

81 1319 138 1359 sua
160 1308 192 1359 et
213 1299 377 1360 dictamine
398 1301 650 1360 restaurationis
673 1319 726 1360 seu
743 1299 843 1360 bonae
859 1300 1001 1361 intentio-

82 1385 149 1459 niS,
178 1389 212 1442 ut
238 1382 361 1458 dicitur,
395 1402 464 1442 sese
493 1382 617 1443 stultum
646 1389 677 1442 et
698 1382 812 1442 nudum
834 1381 944 1443 offerre
960 1397 1002 1443 'ac

80 1464 241 1546 regibilem
269 1465 435 1545 praebere.
485 1465 543 1540 Qui
571 1473 642 1525 sunt
673 1463 726 1525 filii
749 1464 942 1526 obedientiae
972 1473 1003 1527 et

82 1548 274 1625 tractabiles,
304 1549 354 1628 qni
389 1547 519 1608 libenter
553 1555 716 1628 acceptant
749 1567 870 1628 rogem,
908 1551 1001 1629 eapti·

35 1668 43 1674 -
81 1637 158 1691 vent
179 1650 303 1690 sensum
329 1650 416 1690 suum
439 1632 469 1689 in
492 1632 672 1709 obsequium
696 1630 829 1708 Christi,
862 1632 893 1691 iu
917 1631 1002 1692 nulla

81 1713 195 1774 resibi
218 1713 396 1792 confidunt,
425 1715 487 1774 imo
510 1714 535 1774 si
559 1715 684 1774 veniant
705 1713 799 1791 mala,
824 1715 849 1773 si
872 1712 1001 1774 offeran-

81 1803 132 1856 tur
154 1797 246 1872 bona,
269 1803 351 1857 stant
372 1795 473 1876 pacati
496 1796 673 1875 aequaliter.
716 1798 757 1855 At
779 1804 888 1857 contra
904 1796 1001 1857 durae
1031 1814 1040 1829 ·

80 1880 210 1939 cervicis
232 1885 263 1939 et
282 1878 507 1959 incorrigibiles
531 1899 653 1959 semper
673 1897 727 1939 suo
749 1881 885 1940 nituntur
898 1897 1000 1957 sensu,

79 1964 227 2022 resistunt
247 1963 313 2042 regi
335 1962 391 2023 sibi
413 1963 487 2042 ipsis
509 1983 565 2022 rex
584 1969 616 2022 et
627 1962 745 2040 ductor,
757 1981 819 2023 non
833 1969 1001 2041 sequuntur

80 2045 140 2104 uisi
168 2045 331 2106 consilium
359 2065 446 2105 suum
480 2052 512 2104 et
538 2045 624 2105 nullo
651 2044 745 2105 modo
781 2042 940 2104 confidunt
968 2046 998 2104 in

80 2128 196 2204 Deum,
225 2135 258 2188 ut
285 2146 354 2188 sese
381 2128 425 2187 illi
457 2129 690 2188 committerent.
743 2126 817 2188 Ideo
845 2129 924 2187 inter
945 2146 999 2189 eos

80 2218 210 2292 surgunt
232 2211 393 2290 tumultus,
416 2213 621 2290 impatientia,
643 2212 705 2286 ira,
729 2210 899 2286 dissensio,
923 2230 999 2270 mur·

81 2295 223 2371 muratis,
246 2294 446 2374 blasphemia,
470 2301 656 2353 nontamen
680 2295 738 2353 nisi
760 2300 885 2372 propter
901 2293 999 2357 Deum

81 2385 114 2436 et
136 2378 292 2457 pietatem.
336 2376 394 2450 Qui
417 2377 500 2436 furor
521 2396 602 2436 nunc
623 2385 655 2435 et
677 2395 782 2437 eorum
804 2377 997 2456 potissimum

79 2466 136 2538 est,
164 2461 215 2538 qui
238 2461 370 2519 maxime
393 2459 543 2518 Christum
567 2467 599 2519 et
620 2460 754 2519 clamant
779 2459 874 2519 verbo
903 2466 934 2519 et
962 2460 1000 2520 si-

79 2543 146 2602 lent
172 2561 284 2623 opere,
318 2545 367 2620 qui
392 2542 511 2621 dieunt,
539 2560 644 2626 regem
673 2561 736 2602 nou
764 2541 912 2601 habemus
940 2543 998 2602 nisi

79 2626 245 2686 Caesarem
266 2628 286 2688 i.
310 2645 336 2684 e.
358 2645 415 2684 nos
443 2628 547 2705 ipsos,
580 2627 702 2703 meique
728 2626 868 2704 gratiam.
912 2625 1000 2685 Patet

77 2709 193 2788 itaque,
216 2708 298 2787 quod
321 2709 390 2767 thus
413 2717 461 2768 est
482 2707 574 2784 tides,
603 2728 709 2767 aurum
732 2716 779 2767 est
800 2727 888 2787 spes,
927 2709 999 2786 quia

77 2790 155 2851 tides
180 2791 277 2851 eredit
297 2793 401 2852 omnia
423 2811 461 2851 ex
475 2792 542 2851 Deo
560 2810 628 2850 esee
644 2799 675 2850 et
697 2791 771 2867 sore,
796 2810 866 2870 spes
889 2789 998 2861 eadem

77 2881 241 2954 exspectat
262 2881 293 2934 et
314 2876 453 2953 sustinet,
475 2893 554 2953 quae
576 2873 652 2933 fides
675 2872 812 2933 credidit.
856 2873 998 2952 Sequitur
1034 2937 1042 2946 ⁸

77 2959 189 3017 caritas
216 2959 305 3017 tertio
331 2958 416 3035 loco,
453 2957 570 3016 scilicet
604 2957 755 3017 Christum
783 2957 945 3016 mortalem
968 2963 999 3016 et

76 3059 204 3120 passum
226 3039 375 3118 confiteri,
397 3042 467 3100 viva
479 3041 675 3099 confessione
686 3040 862 3119 passionem
874 3046 905 3100 et
918 3057 997 3098 mor-

77 3132 140 3182 tem
163 3124 229 3182 eius
251 3125 400 3183 iussmet
414 3124 483 3203 ipso
501 3125 681 3202 exprimere,
704 3123 831 3197 utsicut
847 3122 899 3181 ille
918 3139 997 3182 mor·

76 3213 146 3266 tuus
170 3213 233 3284 est,
261 3208 305 3265 ita
333 3214 364 3265 et
396 3207 463 3284 ipse
485 3205 689 3266 libentissime
712 3206 787 3264 mori
810 3205 893 3265 velit.
939 3204 997 3264 Hic

76 3296 112 3348 ut
131 3308 215 3350 mors
236 3287 322 3349 tortis
344 3289 484 3367 dilectio,
513 3291 557 3348 sic
584 3291 687 3368 itaque
714 3307 776 3348 non
804 3288 903 3347 solum
926 3287 996 3347 thus

77 3374 97 3431 i.
127 3392 154 3432 e.
186 3371 277 3431 tidem
308 3391 368 3450 qua
399 3372 532 3431 creditur
559 3391 629 3432 esse
652 3371 765 3431 honum
788 3378 819 3429 et
840 3370 953 3429 malum
976 3390 997 3429 a

52 3456 146 3533 ¹Deo
171 3457 302 3532 venisse,
325 3456 440 3532 venire,
463 3461 639 3514 venturum:
670 3472 732 3514 non
762 3452 862 3512 solum
891 3471 996 3512 aurum

76 3540 97 3597 i.
121 3557 147 3598 e.
170 3557 267 3617 spem,
290 3557 351 3616 qua
368 3539 533 3598 sustinetur
554 3546 584 3597 et
606 3544 746 3616 speratur
767 3554 859 3596 omne
882 3536 1016 3595 bouum

78 3627 110 3680 et
139 3620 269 3696 malum,
307 3640 412 3680 verum
444 3623 535 3681 etiam
559 3620 711 3700 myrrham
734 3620 754 3678 i.
778 3637 805 3678 e.
827 3619 996 3697 caritatem,

77 3723 157 3782 quae
179 3722 247 3763 cum
269 3703 382 3783 gaudio
396 3703 447 3763 hio
467 3705 560 3763 etiam
577 3704 696 3782 appetit
717 3709 748 3760 et
768 3720 841 3783 spes
857 3705 996 3763 sustinet.

77 3786 119 3846 Et
138 3786 212 3847 inde
234 3786 310 3847 tides
332 3786 413 3847 tollit
433 3787 523 3847 nobis
545 3805 602 3845 nos
625 3787 711 3864 ipsos
729 3791 760 3844 et
775 3795 881 3855 uostm
894 3789 1001 3850 omnia

99 3922 192 3959 naum
202 3932 251 3967 opp,
270 3921 291 3960 V,
304 3920 331 3958 Α.
345 3921 377 3959 ad
387 3922 428 3960 rell
442 3922 492 3962 hist.
506 3924 522 3962 l.
535 3936 558 3974 p.
575 3926 618 3969 Vol
631 3924 651 3965 L
751 3927 792 3994 13
