2356 4200
131 245 195 312 112
395 184 415 211 l
453 248 603 305 Sermones
619 250 732 306 Lutlreri

131 417 247 494 minus,
268 417 288 479 i.
310 438 337 479 e.
360 424 394 479 ut
413 438 491 499 pura
510 418 593 499 lide,
621 418 710 480 firma
731 438 803 499 spe,
830 421 1048 483 veramente

127 499 162 559 in
183 519 277 559 unum
298 502 399 563 solum
414 502 514 564 Deum
533 501 733 580 confidamus,
755 503 933 582 innitamur,
952 511 985 565 et
1005 505 1050 565 its

96 619 99 629 ·
130 581 262 649 eundem
290 586 502 663 aestimemus,
537 592 572 646 ut
598 587 665 647 sine
691 585 760 664 ipso
787 585 914 647 nullum.
931 585 1047 667 bonum

129 684 188 736 nos
210 665 324 729 habere
346 668 507 730 credamus
528 668 769 746 assentiamus,
797 667 882 730 solus
903 671 972 751 ipse
993 688 1047 730 nu·

130 753 224 811 strum
246 748 362 811 bonurn
383 753 438 830 sit,
461 751 544 830 quod
571 753 724 832 sapimus,
752 751 836 829 quod
863 753 1047 831 quaerimus,

131 831 213 910 quod
225 840 450 913 exspectamus,
463 833 546 914 quod
558 834 790 895 desideramus.¹
814 833 865 896 sic
873 835 928 897 ‚Pa
938 835 1046 897 XIrllL·

130 913 395 988 Quemadmodum
419 917 574 977 desiderat
594 935 701 977 cervus
720 915 877 978 adfontcs
888 936 1047 997 aquarum,

128 998 172 1057 ita
193 997 346 1059 desiderat
368 1001 471 1061 anima
492 999 531 1060 ad
553 1006 601 1078 te,
623 1000 717 1077 Deus,
739 999 834 1060 sitivit
854 1002 957 1060 anima
979 1002 1048 1062 mea

130 1079 169 1139 ad
181 1081 278 1140 Deum
296 1082 417 1160 fortem,
431 1084 543 1160 vivum,
562 1082 684 1161 quando
698 1083 820 1144 veniam
838 1089 870 1143 et
889 1084 1046 1163 apparebo

129 1169 201 1223 aute
224 1164 333 1225 faciem
356 1165 438 1226 Dei?
481 1164 654 1247 Odignam
676 1165 829 1225 animam!
865 1165 1045 1227 ofelicem!

130 1264 149 1305 o
171 1249 294 1325 puram!
327 1267 408 1327 quae
428 1249 484 1319 ita·
500 1249 598 1309 Deum
628 1247 727 1324 solum
757 1248 837 1327 sapit
858 1266 897 1315 ao
916 1250 1045 1328 quaerit,

130 1335 171 1406 ut,
194 1330 340 1408 quicquid
362 1331 455 1407 videt,
478 1330 572 1408 cudit,
596 1331 702 1409 sentit,
724 1337 854 1390 mortem
878 1337 910 1390 et
931 1330 1045 1392 luctum

129 1430 167 1471 ac
187 1413 342 1474 miseriam
365 1420 470 1494 putet,
497 1420 531 1474 ut
552 1413 643 1491 dicat,
664 1413 786 1473 fuerunt
806 1413 878 1474 mihi
900 1412 1047 1477 lacrimae

128 1514 224 1575 panes
246 1495 296 1555 die
317 1516 355 1557 ac
378 1504 480 1573 nocte,
502 1496 574 1557 dum
596 1495 706 1556 dicitur
728 1495 801 1556 milri
823 1496 969 1576 quotidie,
993 1497 1045 1558 ubi

129 1584 177 1637 est
203 1579 286 1639 Deus
317 1586 395 1644 tuus.
448 1577 536 1653 Quae
564 1580 669 1640 omnis
699 1578 777 1638 haec
805 1578 879 1639 dicit
906 1586 1046 1659 tempore

128 1663 349 1742 prosperitatis,
374 1663 450 1722 mira
468 1664 567 1743 gratia
586 1669 635 1731 est
655 1661 821 1729 illustrata:
846 1681 917 1721 nam
938 1661 1045 1723 adver·

128 1743 225 1805 sitatis
248 1751 386 1824 tempore
408 1745 454 1805 sic
472 1744 574 1805 dicere
595 1763 659 1805 nou
683 1750 905 1824 estmagnum.

211 1826 433 1888 Conclusio.
483 1828 583 1888 Tanto
613 1828 718 1904 itaque
744 1828 943 1888 remotiorem
974 1846 1045 1889 sese

41 1976 43 1981 ¹
128 1917 279 1990 agnoscat
299 1909 542 1991 adimpletione·
570 1910 674 1987 huius,
709 1915 823 1988 quanto
845 1911 1046 1977 remotiorem

128 2011 163 2052 se
184 1993 294 2055 abesse
310 1994 403 2073 sentit
424 1993 463 2054 ab
483 1992 596 2053 affectu
617 1991 799 2057 huiusmodi
843 1993 920 2059 Mira
940 1993 1045 2055 viden·

128 2081 177 2135 tur
198 2076 316 2156 alique,
339 2079 370 2139 ct
392 2085 507 2155 quanto
529 2076 637 2157 magle,
659 2081 745 2137 tanto
768 2076 953 2137 remotiora..
984 2077 1045 2143 Rc·

126 2160 169 2218 tic
192 2165 240 2219 est
257 2160 445 2237 conclusiva,
468 2160 516 2219 cui
532 2159 617 2220 Deus
639 2157 754 2236 aliquid
776 2165 832 2235 est,
853 2158 1045 2238 impossibile

127 2249 184 2321 est,
196 2249 230 2302 ut
242 2249 346 2303 cetera
353 2243 386 2302 ei
402 2240 517 2321 aliquid
530 2243 600 2320 sint,
622 2242 670 2301 oui
684 2247 786 2322 antem
806 2247 910 2302 cetera
930 2241 1046 2321 aliquid

126 2331 207 2404 sunt,
228 2325 429 2404 impossibile,
442 2332 476 2384 ut
485 2325 570 2386 Deus
593 2325 622 2384 ei
642 2323 761 2402 aliquid¹
780 2325 830 2387 sit.
864 2323 915 2386 Sic
929 2342 1046 2404 sponsa

125 2408 158 2471 iu
179 2409 318 2486 cantico,
349 2426 417 2469 cum
440 2427 509 2469 eum
539 2409 570 2468 in
598 2406 739 2475 omnibus
766 2408 956 2486 quaesisset,
986 2427 1045 2471 uec

126 2491 159 2550 in
181 2489 360 2553 custodibus
382 2491 513 2560 civitatis
533 2510 604 2551 eurn
624 2491 751 2568 invenit,
772 2489 803 2549 id
824 2492 914 2551 estin
929 2492 1044 2553 sanctis

124 2574 285 2656 praelatis,
312 2573 412 2635 donec
439 2581 470 2635 et
497 2573 568 2634 illos
591 2574 809 2653 pertransiret:
855 2572 935 2634 adeo
968 2573 1044 2636 nihil

124 2663 230 2737 potest
251 2676 320 2716 cum
341 2656 408 2718 Deo
431 2657 531 2737 diligi,
564 2663 597 2717 ut
618 2656 710 2716 etiem
732 2654 842 2719 doctos
865 2663 896 2716 et
917 2663 1042 2718 sanctos

125 2740 266 2800 homines
289 2746 430 2820 oporteat
458 2741 577 2801 nescire
604 2744 636 2799 et
656 2738 803 2801 fastidire.
854 2739 910 2799 cui
940 2745 1043 2808 autem

124 2822 210 2884 Deus
237 2823 313 2883 nihil
341 2830 403 2901 est,
434 2824 528 2884 etiam
556 2820 663 2882 folium
694 2821 813 2882 arboris
841 2821 956 2901 aliquid
986 2829 1042 2888 est.

125 2904 177 2967 Sic
198 2905 229 2967 S.
254 2905 417 2967 Laurentio
440 2924 500 2966 nec
519 2905 599 2986 ignis
621 2902 813 2982 aliquidfuit
835 2922 894 2964 nec
911 2904 1042 2966 mundus

125 2995 216 3052 totus.
260 2987 351 3065 Quod
372 2990 398 3048 si
419 2991 465 3049 sic
485 2993 622 3131 gemunpi
643 2989 693 3066 qui
716 2986 816 3047 solum
828 2987 930 3048 Deum
950 3006 1041 3067 quae-

123 3077 203 3150 runt,
225 3070 335 3151 quibus
357 3071 489 3132 lacrimis
512 3077 583 3131 sunt
625 3069 784 3151 eploraudi
805 3069 846 3150 hi,
865 3069 971 3149 quales
983 3090 1043 3141 nos

125 3173 239 3234 sumus,
261 3156 312 3234 qui
333 3174 392 3215 nec
412 3154 546 3215 sentiunt
565 3154 648 3214 huno
667 3151 830 3233 affectum,
852 3172 911 3214 nec
931 3152 1041 3215 intelli·

124 3244 201 3318 gunt
222 3257 308 3298 suam
331 3239 493 3317 miseriam,
511 3237 708 3318 etignorent,
730 3235 812 3315 quod
827 3234 1042 3297 suumbonum

125 3328 213 3381 extra
229 3317 331 3384 Deuin.
345 3321 542 3397 constituant,
566 3326 598 3380 et
618 3321 648 3378 in
670 3319 754 3379 aliud
775 3318 934 3379 confidunt
950 3336 1041 3398 quam

123 3404 155 3463 in
176 3404 296 3481 Deum,
325 3410 432 3464 euntes
455 3422 493 3464 ao
513 3403 647 3464 ridentes
668 3403 700 3460 in
721 3402 786 3480 his,
814 3403 844 3463 in
868 3400 976 3481 quibus
997 3400 1043 3462 illi

124 3486 257 3567 plorant.
290 3485 367 3546 Mira
388 3485 623 3546 dissimilitudo!
646 3484 817 3564 quaeillos
839 3483 952 3566 gaudio
976 3484 1040 3546 affi-

124 3571 216 3649 ciunt,
237 3568 295 3629 hos
318 3567 444 3647 dolore,
476 3568 606 3650 fatigant
636 3585 706 3627 curn
734 3569 795 3629 sint
817 3567 936 3630 eadem.
979 3567 1040 3629 Sed

122 3670 345 3734 prosequamur
367 3651 611 3717 exhortationem
634 3656 666 3713 et
682 3670 738 3733 pro
759 3650 883 3713 rudibus
901 3650 1040 3733 regulam

124 3736 327 3818 assignemus,
349 3741 381 3796 et
402 3735 518 3798 motiva
539 3731 699 3799 tradamus⁴
716 3732 757 3797 sd
770 3733 986 3809 confidendum
1008 3736 1043 3795 in
