2356 4200
178 272 247 352 488
474 283 556 338 lut.
573 242 808 338 tununnensis

178 456 347 538 ploremus,
368 452 451 534 qnod
473 471 514 514 ns
534 470 668 534 unguem
691 451 814 534 quidem
837 452 936 514 latum
964 451 1026 532 ipsi
1047 449 1107 533 drg-

179 544 292 601 nuntur
313 554 381 598 eam
404 542 576 617 adneptare.

113 620 122 643 ⁴·
263 619 365 695 Quare
389 622 496 680 iterum
518 618 630 678 Ennius
652 618 803 698 depravat
830 617 927 679 verba
949 617 1026 696 uei,
1057 623 1108 678 ant

180 706 207 766 si
227 706 348 784 integra
367 702 529 781 relinquit,
556 702 784 763 Donatistarum
805 700 961 763 haeresim
982 706 1108 761 mvoeat

159 792 334 864 'stutusna
363 784 539 866 pontifleem
560 802 625 845 non
646 791 824 865 paseentsm
847 803 911 844 nnn
941 800 1106 863 essepon

180 869 316 946 tifieem,
350 870 421 948 quia
438 868 517 928 haee
540 867 633 929 verba
654 862 768 929 christi
788 868 968 949 incorrupte
988 871 1108 928 servm

54 978 66 998 1
129 1000 133 1011 .
182 951 319 1016 affinium
347 953 511 1031 imponunt
534 954 628 1024 (sane
658 952 793 1012 omnium
817 952 986 1012 maximum
1008 955 1042 1010 et
1060 968 1107 1030 ps·

180 1035 449 1114 uentosissimum,
483 1034 602 1094 scilieet
621 1033 880 1112 verbidneendi,
903 1039 937 1094 et
959 1031 1106 1094 moriendi

179 1136 236 1200 pro
259 1116 450 1193 animabus),
472 1123 525 1177 aut
548 1116 673 1176 nihilad
687 1115 866 1196 pontificem
887 1116 1018 1177 iaciunt.
1041 1115 1108 1177 iam

180 1202 262 1263 enirn
284 1207 350 1262 erat
370 1200 477 1260 Petrus
504 1198 587 1278 qnod
615 1207 696 1276 arat,
733 1199 895 1279 apostolus
926 1199 1054 1259 scilieet
1081 1205 1109 1258 et

179 1284 307 1366 primus,
329 1282 451 1363 quando
473 1279 739 1343 audivitnffinium
759 1281 909 1363 paseendi
932 1281 991 1343 sibi
1015 1282 1107 1362 impo-

179 1369 281 1429 situm
636 1416 640 1425 .

264 1447 361 1511 Addit
381 1447 504 1509 tandem
526 1447 641 1508 Eeeius
663 1447 851 1509 Coronidem
874 1447 923 1508 his
946 1445 1049 1525 distis,
1069 1446 1108 1507 di·

181 1549 272 1609 nans,
294 1530 326 1592 Si
347 1538 455 1591 saneta
476 1537 576 1591 mater
596 1530 731 1592 adelesia
751 1531 848 1591 eanit:
879 1531 927 1590 Tu
950 1550 985 1591 es
1005 1535 1109 1611 paster

181 1616 295 1692 orium,
316 1616 460 1694 princeps
472 1612 698 1695 apostulorum,
719 1613 774 1674 tibi
796 1613 923 1674 tradidit
939 1613 1026 1674 Dens
1048 1632 1108 1675 nm·

180 1697 233 1758 nia
253 1715 349 1777 regne
372 1696 486 1758 mundi.
509 1696 640 1756 Primam
657 1697 837 1777 particulam
855 1696 985 1775 scilieet,
1008 1696 1055 1757 Tu
1076 1714 1107 1758 es

180 1784 288 1860 pastor
309 1780 423 1856 ovium,
445 1778 558 1839 Ennius
581 1781 656 1840 satis
680 1786 860 1840 constanter
880 1781 970 1860 parvi
992 1779 1107 1861 pendit

181 1861 260 1922 sieut
281 1867 313 1921 et
334 1862 366 1939 ii,
389 1861 595 1942 quaspulpat,
617 1880 708 1942 quam
732 1862 757 1922 si
775 1869 945 1939 servarent,
966 1863 1107 1945 primum,

180 1950 215 2004 ut
235 1943 315 2022 dixi,
343 1963 435 2005 nemo
467 1945 670 2025 principatum
694 1946 831 2006 emnium
860 1965 923 2023 non
953 1945 1108 2022 tribueret,

142 2092 148 2108 ,
179 2045 288 2089 verum
315 2045 418 2106 neque
444 2034 620 2107 pasturam,
653 2046 755 2107 neque
782 2029 991 2110 principatum
1019 2028 1108 2106 huna,

179 2128 284 2190 neque
309 2128 407 2190 regna
429 2109 533 2170 mundi
555 2111 617 2171 hoe
646 2110 740 2172 medo
762 2111 875 2172 tradita
906 2111 988 2172 ullas
1010 2112 1106 2192 ponti-

179 2193 232 2254 fex
252 2191 396 2269 affectat,
419 2192 474 2252 sed
497 2192 665 2254 exhorrent
687 2213 804 2255 omnes.

262 2273 366 2350 Quare
388 2276 467 2335 sieut
487 2275 583 2336 verba
604 2275 717 2336 Christi
746 2284 818 2337 sunt
838 2277 1030 2356 spiritualia,
1064 2279 1106 2338 ita

180 2361 212 2419 et
232 2357 394 2419 eeclesiae.
416 2356 528 2418 Omnia
549 2379 646 2438 regna
666 2359 771 2420 mundi
793 2360 903 2420 tradita
925 2360 1104 2438 suntPetm,

179 2448 214 2502 ut
234 2441 355 2502 doeeat.
378 2438 433 2499 cui
447 2440 563 2501 Patro?
585 2460 648 2503 non
670 2444 721 2503 uni
741 2461 902 2522 personae,
926 2443 981 2504 sed
1009 2444 1105 2504 eecle-

180 2524 245 2585 siae
267 2530 298 2584 et
318 2523 557 2603 apostolorum,
579 2525 610 2584 in
633 2527 718 2586 euius
740 2545 884 2606 persona,
906 2533 940 2586 ut
961 2525 1105 2604 diximus,

179 2607 315 2668 audivit:
338 2605 406 2666 Tibi
428 2605 509 2666 dabo
540 2607 645 2667 eleves
673 2610 759 2689 regni
789 2610 957 2671 coelorum.
992 2609 1104 2670 Eeeins

178 2708 252 2751 reru
272 2688 386 2751 'tradita
407 2707 504 2768 regna
517 2689 796 2772 mnndiinteliigit,
818 2691 857 2752 ad
871 2691 1105 2769 dominandum,

179 2791 241 2833 non
264 2773 302 2832 ad
326 2772 533 2833 serviendum.
844 2832 847 2837 .

260 2855 337 2915 Post
360 2853 439 2915 haee
465 2854 583 2916 indueit
608 2857 731 2917 Patrum
759 2855 841 2917 dieta
870 2860 960 2930 (nam
991 2859 1024 2918 in
1046 2858 1106 2919 hae

177 2937 306 2995 materia
327 2936 453 2996 multum
477 2937 628 3020 laborat),
650 2941 749 3019 primo
767 2938 953 3020 Cyprianum
979 2941 1020 3002 da
1036 2943 1105 3002 sim·

175 3016 313 3096 plicitate
334 3017 541 3081 Plaelutorum
565 3021 818 3102 depravatissime
839 3021 969 3100 indunit,
1000 3025 1044 3085 ita
1073 3031 1106 3084 ut

176 3098 324 3163 malitiam
359 3101 428 3180 plus
458 3120 548 3183 quarn
575 3105 728 3166 inscitiam
757 3105 843 3166 Ennii
866 3105 892 3182 ¹)
922 3125 1013 3166 suam
1036 3126 1105 3187 pro·

176 3178 237 3241 dut
293 3182 465 3264 Cyprianus
507 3186 549 3247 ibi
588 3195 696 3249 eontra
737 3188 930 3249 Novatiunos
973 3189 1106 3252 haereti·

176 3280 231 3324 ens
245 3263 277 3343 ²)
301 3265 446 3346 loquitur,
468 3267 520 3329 ubi
535 3268 648 3330 Ennius
673 3270 828 3332 malitiose
850 3269 1000 3351 deeerpit,
1024 3292 1106 3352 quae

173 3362 231 3424 pro
262 3367 297 3408 se
324 3349 466 3409 videntur
492 3357 596 3431 stare,
626 3355 738 3415 esteris
767 3354 877 3414 tacitis.
911 3353 1018 3416 Verba
1045 3355 1105 3438 ey-

174 3428 273 3507 priuni
297 3438 367 3491 sunt
392 3430 489 3492 haee:
520 3433 668 3509 Quamvis
691 3438 842 3517 apostolis
865 3436 1010 3498 omnibus
1032 3446 1108 3519 post

172 3515 431 3576 resurrectionem
453 3533 540 3576 suam
561 3537 667 3598 pnrsm
696 3527 881 3601 patestatem
910 3519 1043 3601 tribnat,
1074 3529 1107 3583 et

171 3632 594 3658 Μ

226 3696 256 3762 1)
269 3699 305 3783 'tn
324 3703 366 3757 ed.
387 3704 466 3761 iem:
494 3706 600 3763 Ennius.
638 3708 671 3775 2)
693 3710 724 3764 in
743 3709 785 3764 ed.
808 3711 911 3780 prinu:
935 3704 1106 3772 novatione*

169 3764 326 3826 durande.
907 3824 912 3831 .
