2356 4200
122 271 194 341 322
445 272 487 328 De
506 272 608 343 triplici
625 271 732 325 iustitis

131 442 187 520 iet,
217 443 290 521 quia
320 460 361 503 ex
382 441 493 505 Christi
522 442 669 521 passione
695 457 758 501 nou
786 438 880 502 discit
909 440 1049 523 sibiipsi

132 526 278 607 compati.
320 522 393 585 Ideo
416 543 472 604 pro
495 522 563 593 tal)
589 523 725 584 Christus
747 521 847 621 flevit,
865 532 1051 605 conquestus

132 616 180 670 set
200 616 231 671 st
251 626 378 689 passus,
406 614 440 667 ut
466 606 567 666 discsu
588 614 672 667 tuem
694 606 852 686 proprium
874 608 1052 688 pusionem

123 699 163 755 tet
190 691 342 752 miseriam
371 698 443 751 ants
464 686 603 767 Deum²)
632 688 803 769 deplorare.
841 689 932 767 ,Num
962 697 993 752 te
1012 708 1052 753 re

133 791 327 853 cognoscens
349 791 454 834 coram
476 771 589 843 Deo³t
620 770 715 832 fliium
732 773 848 833 mortis
871 774 988 836 merito
1008 772 1053 835 ds»

133 856 187 919 tes
208 854 293 935 flare,
317 855 416 916 donec
437 861 588 934 perpetuo
610 853 755 915 libereris.

123 996 126 1001 .
216 937 250 1000 Si
271 957 347 1019 ergo
362 941 406 999 ita
418 936 583 998 efficaciter
597 944 680 997 tuam
692 938 848 999 miserium
862 940 896 999 iu
909 940 1054 1020 passione

134 1020 243 1082 iibristi
270 1039 527 1100 recognosceres,
565 1019 663 1081 iaeiiis
690 1018 743 1079 tibi
772 1028 857 1081 esset
882 1021 1054 1102 humilitus,

134 1103 347 1179 mansuetudo,
370 1103 543 1180 clementis,
562 1109 756 1183 contemptus
776 1103 882 1164 mundi
898 1112 1054 1185 etesius,
1085 1108 1088 1115 '

132 1185 262 1247 libenter
282 1188 375 1247 etium
398 1185 550 1246 Christum
573 1186 603 1245 in
627 1184 768 1246 omnibus
791 1187 891 1266 ipsius
915 1204 1055 1269 sequere·

133 1271 173 1328 ris
190 1268 395 1349 passionibus.
418 1266 492 1343 Quis
511 1269 591 1328 enim
614 1267 710 1329 uoiict
729 1266 810 1339 flare,
833 1269 948 1331 uidens
970 1288 1053 1333 susur

135 1352 286 1413 miseriam
309 1370 377 1411 esse
401 1358 533 1427 tantum,
565 1359 599 1410 ut
617 1370 674 1430 pro
697 1371 736 1411 eu
756 1360 904 1435 aeterna,
939 1352 1054 1416 induite

134 1441 165 1495 et
185 1435 333 1495 innocens
355 1451 489 1513 persona
516 1433 692 1513 pateretur?
734 1433 812 1494 Nam
842 1435 985 1498 terribile
1010 1444 1055 1499 est

133 1516 255 1592 auditu,
282 1534 383 1595 neque
411 1516 582 1576 mirandum
610 1517 640 1576 in
662 1523 749 1596 parte
770 1522 894 1598 nostru,
929 1521 957 1580 si
978 1520 1054 1601 quis·

132 1617 225 1678 quam
240 1613 377 1660 nostrum
391 1600 512 1678 penitus
528 1598 714 1678 desperaret,
726 1607 844 1660 tantum
854 1599 1052 1683 miserium⁴)

133 1681 342 1760 considerans,
364 1683 423 1742 nisi
443 1701 462 1742 c
483 1681 606 1742 diverso
628 1702 743 1762 magus
762 1683 820 1744 Dei
843 1684 1055 1748 misericordis

133 1766 203 1837 in⁶)
229 1764 371 1826 solatium
394 1772 600 1842 russurrensi,
623 1784 679 1845 per
700 1783 791 1845 quam
814 1784 910 1829 nemo
932 1770 967 1829 iu
991 1768 1054 1829 Deo

135 1846 172 1906 de
194 1866 251 1907 sua
271 1848 370 1909 suiutc
392 1847 556 1928 desperare
578 1847 680 1908 debet.
707 1849 739 1909 si
759 1849 841 1909 enirn
853 1848 944 1911 Dens
962 1850 1053 1913 fliium

134 1948 189 2009 pro
203 1930 293 1991 nobis
304 1931 437 2009 tradidit,
459 1929 544 1990 dedit
555 1932 646 1991 etiam
659 1933 690 1990 in
704 1933 773 2012 ipso
789 1931 881 1992 uobis
893 1933 1054 2016 omnis‘).

133 2010 328 2094 Quapropter
355 2021 484 2075 vocatus
516 2014 548 2073 in
576 2015 767 2076 conscientia
793 2023 847 2075 tus
875 2016 908 2077 in
932 2034 1055 2079 mcum

134 2097 264 2176 tionem,
286 2115 419 2177 poenam
443 2103 473 2157 st
494 2106 623 2157 mortem
647 2115 752 2158 coram
773 2097 857 2173 Deo,
885 2106 966 2162 tune
987 2118 1055 2163 oon·

133 2178 219 2239 iitere
241 2188 271 2239 et
290 2178 420 2260 deplora
440 2178 472 2239 id
494 2186 591 2239 totum
614 2199 654 2240 ex
676 2182 784 2241 marito
805 2182 945 2261 venisse,
968 2191 1000 2245 et
1014 2202 1055 2244 rc·

133 2263 218 2341 spice
240 2259 393 2324 Christum
416 2263 522 2324 omnia
545 2263 727 2324 innocenter
758 2267 790 2324 et
815 2265 975 2329 immerito
1006 2286 1055 2348 ps·

132 2346 268 2423 tientcm,
289 2346 319 2405 id
342 2346 425 2425 quod
448 2346 570 2406 unicum
594 2346 648 2406 tibi
670 2347 814 2408 solatium
836 2348 886 2410 sit.

536 2449 646 2515 riuis.

274 2712 352 2809 111.
409 2714 471 2809 Do
501 2710 685 2834 Triplici
714 2708 912 2811 Iustitia

127 2882 258 2992 'Triplex
279 2922 325 2974 est
338 2914 512 2991 Peccatum,
535 2914 585 2973 cui
607 2914 718 2993 triplex
740 2915 908 2995 opponitur
932 2918 1055 2999 iustitis,

424 2996 593 3059 Teutonico
614 2995 760 3071 {iromtsit

214 3177 345 3237 Primum
369 3177 593 3256 sstcriminaie,
615 3179 644 3239 id
669 3187 725 3257 est,
748 3179 909 3239 manifesta
931 3162 1057 3259 mulum,

131 3260 215 3339 quod
237 3263 329 3320 etism
352 3267 491 3341 potestas
512 3261 658 3322 secularis
682 3264 779 3343 punit,
800 3271 835 3322 ut
855 3261 982 3344 furtum,
1006 3263 1055 3324 ho·

203 3473 232 3534 1)
254 3472 282 3524 in
302 3472 442 3528 edica:
467 3479 634 3542 propterte.
706 3472 734 3539 2)
752 3470 838 3524 ibid:
868 3486 967 3524 coram
986 3470 1052 3525 Deo.

131 3544 164 3606 3)
193 3544 224 3596 ln
251 3544 315 3598 edit.
347 3548 432 3613 princ.
462 3552 489 3597 et
518 3545 560 3597 ed.
588 3547 658 3612 orig.
689 3560 714 3597 a.
749 3545 816 3599 1519
851 3542 945 3597 deest:
988 3545 1054 3597 Deo.

130 3616 162 3679 t)
190 3617 219 3667 ln
244 3616 287 3670 ed.
317 3620 404 3684 princ.
433 3622 460 3670 ct
487 3615 529 3669 ed.
564 3619 634 3684 orig.
658 3630 682 3668 e
715 3616 796 3671 1519:
826 3615 1055 3670 misericordium.

130 3684 162 3752 it)
183 3686 214 3738 In
233 3687 275 3739 ed.
298 3691 368 3757 orig.
392 3689 459 3744 1519
478 3687 569 3741 deest:
589 3689 627 3741 in.

202 3758 230 3821 ⁸)
250 3758 348 3814 Roma.
367 3759 395 3816 8.
