2356 4200
127 790 175 890 R.
213 793 365 890 Patris
405 774 605 889 Frntris‘
631 793 659 886 J
660 793 840 888 ohannis
880 757 1047 889 Narnia

440 905 732 1003 Vitarbiansis

127 1108 250 1174 ordinis
294 1108 568 1184 praestatorum,
612 1107 802 1191 theologias
846 1109 1047 1191 professoris,

126 1191 165 1257 do
200 1193 384 1258 monarohia
422 1191 526 1273 Papae
561 1190 758 1273 disputatio,
796 1194 920 1274 soripta
955 1191 1047 1258 Anno

125 1274 390 1340 MGGGGLXXXI.
435 1275 509 1340 dnm
536 1273 733 1355 postiatione
758 1273 892 1340 Martini
913 1274 1048 1341 liuthari
1107 1289 1109 1293 ’

284 1360 319 1424 in
340 1362 406 1424 tam
434 1357 593 1422 solennem
613 1356 879 1439 Disputationem.

490 1526 698 1537 -u-——n--n-

212 1623 366 1717 liutherus
388 1659 493 1720 libello
517 1679 583 1735 suo,
606 1658 1048 1739 quoSilvestriPriaria

124 1740 180 1798 tis
201 1736 406 1819 Epitomen
438 1738 478 1803 de
499 1742 627 1803 iuridioa
648 1749 680 1802 et
699 1740 899 1822 irrefragabili
922 1743 1050 1803 veritate

123 1839 272 1882 romanae
295 1823 445 1885 eeclesiae
466 1826 646 1904 romanique
666 1823 822 1886 Pontifieis
845 1843 914 1884 oum
936 1826 1048 1904 episto-

124 1903 162 1963 lis
185 1910 277 1983 atque
305 1905 418 1986 glossis
449 1909 511 1968 suis
540 1907 722 1988 divulgavit,
752 1906 880 1967 celebris
909 1904 1047 1989 theologi

124 1989 244 2046 romani
267 1988 418 2049 Johannia
440 1991 558 2053 Nannis
582 1991 827 2070 Disputationem
861 1988 900 2048 de
928 2009 1047 2050 monar-
1089 2007 1094 2010 ·

123 2068 193 2129 ohie
204 2069 306 2149 Papae
329 2071 509 2146 adiunxit*)
529 2081 560 2133 et
570 2072 716 2153 singulari
739 2072 863 2153 epilogo
882 2080 913 2132 et
925 2074 1046 2152 epiorisi

122 2151 296 2213 illustravit.
345 2154 462 2215 Nannis
492 2157 544 2216 ille
575 2157 658 2226 (sive
679 2155 817 2215 Nannius
851 2174 874 2215 s.
897 2155 1047 2237 Annius),

125 2235 255 2296 viterbii
269 2234 310 2318 (a.
323 2238 398 2297 Fani
411 2239 594 2299 Voltumnae
604 2249 625 2313 t,
637 2240 667 2298 in
676 2237 816 2298 Etruriae
828 2237 954 2318 oppido,
965 2257 1047 2300 anno

125 2337 152 2377 o.
176 2321 256 2382 1432
296 2326 406 2399 natus,
433 2321 531 2382 ordini
565 2322 839 2383 Dominioanorum
879 2320 1049 2402 adscriptus

125 2408 193 2461 erat
220 2409 271 2479 et,
293 2405 392 2482 'quum
417 2424 528 2486 magna
551 2404 709 2466 doctrinae
732 2403 929 2484 theologicae
956 2403 1048 2466 laude
1151 2438 1153 2442 ·

125 2482 271 2562 floreret,
293 2489 421 2566 gratiam
445 2488 502 2548 sibi
524 2488 716 2567 comparavit
735 2487 885 2567 Paparum
904 2486 981 2548 sixti
1004 2488 1047 2549 IV

125 2575 157 2627 et
178 2566 347 2629 Alexandri
371 2571 410 2630 Vl
433 2578 525 2650 atque
547 2573 578 2631 in
600 2571 736 2652 Magistri
759 2570 789 2633 S.
802 2570 910 2630 Palatii
924 2578 1047 2651 aposto·

124 2649 178 2709 lioi
198 2650 377 2731 dignitatem
412 2661 576 2733 provectus
599 2662 654 2714 eat.
697 2654 838 2714 Decessit
865 2653 904 2713 de
934 2655 997 2713 vita
1017 2651 1046 2716 d.

124 2731 208 2794 XIII.
231 2754 271 2794 m.
294 2735 477 2798 Novembris
504 2758 532 2798 a.
563 2740 651 2803 1502.
695 2736 787 2797 Anno
817 2738 897 2801 1480
919 2735 1047 2798 Genuae

123 2815 224 2876 forma
252 2821 447 2896 quartanaria
472 2823 618 2899 seriptum
651 2821 681 2880 in
705 2820 804 2879 lucem
827 2818 937 2898 edidit,
965 2819 1047 2898 quod

124 2899 303 2980 inscriptum
327 2911 406 2962 erat:
436 2903 482 2964 De
504 2904 609 2963 futuris
633 2903 867 2963 christianorum
889 2903 1046 2982 triumphis

123 2982 157 3042 in
179 2982 293 3044 Turoas
328 2993 359 3044 et
381 2985 551 3046 Saracenos
584 2985 624 3044 ad
651 2985 770 3046 Sixtum
799 2985 914 3066 Papam
943 2986 994 3047 Ν.
1016 2996 1048 3046 et

123 3083 232 3145 reges,
264 3069 417 3147 principes
441 3077 472 3129 et
493 3075 616 3130 senatus
644 3068 836 3129 christianos.
878 3068 947 3129 Hoo
969 3068 1046 3130 libro

122 3146 177 3208 ille
198 3149 410 3230 Apocalypsin
432 3151 582 3213 iohannis
612 3151 745 3231 apostoli
768 3152 922 3231 explicare
946 3152 1047 3213 stude-

123 3229 178 3291 bat
200 3240 292 3310 atque
314 3233 385 3293 inde
407 3235 602 3315 perspexisse
618 3233 857 3314 sibividebotur,
880 3234 1045 3295 Turoarum

123 3316 283 3394 imperium
307 3335 380 3376 mox
402 3320 592 3378 interiturum
615 3327 707 3397 atque
723 3317 886 3378 ecelesiam
902 3314 1045 3379 Latinam

123 3397 317 3478 splendidam
351 3400 405 3460 de,
423 3421 461 3462 eo
505 3408 727 3482 reportaturam
762 3421 830 3461 esse
875 3401 1044 3463 victoriam.

179 3649 209 3716 a)
234 3650 262 3700 ln
283 3649 435 3716 exemplari
455 3650 613 3704 Monacensi
643 3652 771 3706 editionis
797 3652 937 3706 Wittemb,
973 3654 1045 3724 Epi·

122 3728 261 3786 tornae,
298 3721 371 3789 quod
397 3722 477 3774 nobis
496 3728 608 3790 praesto
628 3730 696 3794 erat,
714 3724 783 3777 haec
800 3723 905 3778 Narnia
926 3725 1046 3794 disputa·

122 3795 163 3845 tio
182 3808 237 3846 non
254 3793 386 3847 redditur,
