2356 4200
170 299 232 365 158
423 278 619 358 Re's'olutio'nes
637 268 747 374 llisput.
765 297 844 360 Luth.

170 479 272 534 catum
285 481 440 552 maneret,
463 476 521 534 nisi
542 477 702 536 remissum
725 475 871 536 crederet.
904 475 976 536 Non
998 476 1093 536 etiam

170 556 279 616 sufficit
293 559 433 618 remissio
445 560 565 638 peccati
587 566 618 619 et
640 560 757 640 gratiae
771 559 909 639 donatio,
933 558 987 619 sed
1002 578 1094 640 opor·

169 646 213 700 tet
235 640 328 701 etiam
351 640 476 701 credere
500 660 568 701 esse
589 643 758 703 remissam.
802 642 841 703 Et
858 643 919 702 hoc
941 648 989 702 est
1009 644 1093 702 testi-

169 720 321 792 monium,
352 724 435 803 qnod
463 723 564 785 reddit
596 726 718 805 spiritus
741 725 798 785 Dei
826 726 944 805 spiritui
973 730 1093 802 nostro,

169 806 251 885 quod
274 827 377 866 sumus
399 807 453 867 filii
475 808 549 882 pei,
577 811 649 887 quia
670 827 739 868 esse
761 807 855 868 filium
879 809 935 868 Dei
960 815 1008 868 est
1029 815 1093 868 tam

168 889 382 950 absconditum
414 893 500 970 (cnm
532 898 680 971 appareat
707 891 765 951 sibi
793 910 861 951 esse
883 890 980 952 hostis
1003 892 1093 970 Dei),

167 978 209 1049 ut,
232 974 290 1032 rlisi
313 973 454 1034 credatur
474 976 518 1033 ita
540 993 618 1053 esse,
640 993 703 1034 non
726 977 824 1054 possit
836 994 914 1035 esse.
937 973 987 1035 Sic
1009 974 1092 1034 enim

167 1054 308 1117 mirificat
327 1057 477 1117 Dominus
499 1063 624 1117 sanctos
647 1076 736 1136 suos,
775 1057 857 1136 quod
886 1077 978 1118 nemo
1003 1059 1092 1117 susti·

166 1146 254 1200 neret
278 1159 401 1198 manum
423 1139 614 1200 iustificantis
643 1147 674 1200 et
696 1139 867 1215 medentis,
897 1142 955 1201 nisi
987 1140 1093 1200 credat

166 1242 235 1283 eum
257 1221 420 1282 iustificare
458 1229 488 1283 et
509 1223 634 1283 mederi.
678 1223 763 1283 Sicut
785 1223 920 1282 medicus
953 1225 1092 1303 corporis

166 1304 305 1365 incidens
339 1303 490 1365 infirmum
518 1326 581 1365 non
605 1306 737 1366 creditur
757 1306 789 1366 id
817 1306 917 1366 studio
947 1304 1092 1366 medendi

166 1387 267 1448 lacere
290 1388 328 1449 ab
350 1387 481 1467 infirmo,
504 1391 562 1449 nisi
585 1389 658 1449 boni
680 1391 770 1449 amici
789 1389 996 1469 persuadeant
1016 1391 1054 1450 ei.

249 1471 321 1532 Sive
343 1491 417 1551 ergo
436 1472 581 1533 sacerdos
605 1474 644 1532 sit
665 1492 758 1532 causa
780 1475 845 1533 sine
858 1492 917 1552 qua
930 1491 1003 1549 non,
1027 1474 1092 1567 sipe

166 1555 228 1614 alia
248 1555 437 1614 remissionis
460 1562 674 1635 peccatorum,
697 1575 760 1616 non
783 1576 866 1636 curo,
890 1555 960 1615 dum
984 1575 1091 1615 verum

166 1657 235 1698 ense
258 1637 468 1716 aliquomodo
492 1645 623 1716 constet,
646 1638 838 1698 sacerdotem
851 1640 1006 1699 remittere
1021 1658 1092 1718 pec-

167 1726 236 1780 cata
258 1728 289 1780 et
311 1720 442 1800 culpam.
487 1720 571 1781 Sicut
593 1723 698 1781 amicis
720 1719 832 1781 infirmi
860 1741 933 1781 vere
960 1721 1091 1800 imputa-

165 1810 214 1864 tur
236 1805 360 1880 sanitas,
383 1803 454 1863 dum
477 1824 533 1863 sua
551 1804 679 1865 suadela
693 1804 868 1883 effecerunt,
896 1811 928 1864 ut
951 1804 1093 1864 crederet

164 1885 302 1946 infirmus
327 1886 469 1946 caedenti
492 1886 621 1949 medico,

247 1969 314 2030 Neo
335 1970 385 2030 hic
409 1975 532 2050 oportet
555 1972 709 2049 cogitare,
733 1969 804 2050 quid
828 1972 853 2029 si
877 1969 1023 2031 sacerdos
1048 1990 1093 2030 er-

166 2052 271 2118 raret?
294 2054 366 2131 quia
389 2073 451 2112 non
473 2053 504 2111 in
527 2053 707 2124 sacerdote,
731 2052 838 2112 sedin
860 2054 954 2114 verbo
978 2052 1093 2114 Christi

166 2137 272 2195 nititur
298 2136 439 2196 remissio
469 2135 530 2195 illa.
575 2136 646 2196 ldeo
671 2138 735 2196 sive
758 2136 904 2196 sacerdos
937 2135 967 2195 id
999 2136 1094 2196 faciat

163 2218 239 2279 lucri
261 2219 310 2279 vel
321 2218 448 2280 honoris
471 2237 572 2294 causa,
596 2227 627 2278 tu
650 2219 742 2279 modo
767 2227 856 2299 optes
877 2220 1092 2279 remissionem

165 2303 231 2362 sine
254 2301 396 2378 fictione,
432 2307 462 2361 et
498 2302 605 2362 credas
636 2303 826 2381 promittenti
850 2303 993 2379 Christo,
1026 2304 1089 2362 imo

165 2386 285 2444 etiamsi
307 2405 345 2445 ex
374 2386 500 2445 levitate
516 2385 713 2464 absolveret,
736 2386 835 2445 adhuc
859 2385 1013 2445 obtineres
1037 2405 1089 2466 pa-

165 2487 231 2528 cem
256 2488 294 2526 ex
317 2467 377 2527 fide
400 2475 465 2545 tua,
488 2469 566 2528 sicut
588 2468 772 2547 baptismum
795 2488 848 2528 seu
874 2469 1088 2528 eucharistiam

165 2550 227 2632 dat,
250 2553 315 2612 sive
332 2551 385 2610 ille
395 2551 511 2610 lucrum
524 2558 659 2630 quaerat,
673 2553 738 2611 sive
750 2551 826 2611 levis
847 2570 884 2610 ac
903 2551 1015 2611 ludens
1032 2552 1088 2631 sit,

164 2642 216 2695 tua
229 2634 305 2694 fides
327 2635 451 2714 plenum
474 2635 596 2714 accipit,
621 2641 776 2694 tantares
800 2642 846 2695 est
863 2634 990 2694 verbum
1004 2635 1088 2696 Chri-

165 2719 226 2797 sti,
256 2725 287 2777 et
309 2717 385 2777 fides
409 2719 484 2776 eius,

246 2800 324 2860 Nam
357 2800 485 2880 legimus
512 2802 591 2860 inter
622 2807 710 2880 gesta
738 2808 903 2880 martyrum
934 2799 1087 2879 quendam

164 2884 288 2943 Mimur‘n
311 2885 393 2959 ioco,
415 2885 477 2943 imo
500 2882 655 2943 illudendo
679 2883 873 2964 baptismum,
896 2883 1085 2962 baptizarill

164 2967 308 3046 voluisse,
332 2974 363 3027 et
383 2968 463 3025 inter
479 2966 695 3046 baptizandum
714 2986 906 3044 conversum,
929 2966 1087 3047 vere—bap-

164 3051 288 3110 tizatum
311 3069 329 3110 a
351 3051 412 3109 suis
426 3049 629 3109 collusoribus
643 3050 817 3130 gentilibus³
841 3057 871 3109 et
884 3051 987 3123 statim
1011 3070 1086 3109 mar-

164 3136 243 3214 tyrio
267 3133 305 3192 ab
328 3131 444 3192 eisdem
467 3139 658 3193 coronatum.
923 3129 927 3133 ’

246 3217 322 3276 Item
334 3215 364 3276 S.
376 3215 562 3275 Athanasius
585 3236 661 3295 puer
682 3235 795 3295 pueros
808 3215 985 3296 baptizavit,
1009 3235 1085 3294 quos

164 3301 329 3380 episcopus
359 3298 566 3358 Alexandriae
594 3306 703 3378 postea
737 3298 908 3378 baptizatos
931 3297 1085 3376 iudicavit,

164 3390 197 3443 ut
218 3385 248 3442 in
270 3381 375 3444 Eccle.
404 3381 494 3443 histo.
516 3381 556 3466 ²).
599 3382 639 3441 Et
665 3383 698 3442 B.
728 3383 898 3461 Cyprianus
935 3400 1086 3460 pacema

164 3466 295 3546 quodam
325 3467 472 3545 episcopo
495 3464 649 3545 Therapio
679 3463 781 3525 datam
804 3483 1011 3545 praepropere
1041 3483 1085 3523 re-

163 3548 326 3629 prehendit
354 3549 497 3626 quidem‚
528 3548 583 3608 sed
604 3555 702 3608 ratam
732 3568 800 3608 esse
834 3547 940 3607 voluit.
988 3547 1084 3626 Igitur

177 3693 386 3700 —--—-..--..-....
398 3693 444 3697 μ’-
460 3693 607 3697 -,--,-,.......

200 3747 272 3814 1)ln
294 3747 336 3800 ed.
356 3750 443 3815 princ.
466 3764 576 3815 semper
596 3751 728 3816 scriptum
749 3747 862 3816 legitur:
886 3748 1022 3815 baptisari
1033 3752 1085 3801 etc.

156 3819 191 3893 2)
205 3821 236 3875 ln
256 3818 301 3876 ed.
319 3819 382 3878 den.
402 3818 528 3875 additum
546 3824 605 3874 cst:
622 3820 669 3873 lib.
690 3820 732 3874 10.
754 3835 813 3888 cap.
834 3818 876 3872 14.
