2356 4200
482 305 509 348 u.
527 290 598 348 1516
616 290 712 346 hubin.
996 285 1059 360 147

144 461 168 520 in
183 459 285 537 eorde,
307 478 373 523 non
395 458 647 539 marianarum,
663 465 715 520 aut
729 459 797 523 anis
809 461 953 543 operibus
966 460 1057 547 quae·

142 562 198 604 rere
220 543 375 623 exterius,
408 546 440 602 ut
467 542 553 602 multi
582 543 690 604 volunt
717 562 773 623 per
795 542 1066 625 opera'iustitiatit'

140 628 308 706 anquirere,
342 626 414 686 dum
445 625 549 705 potius
578 626 693 687 iustitia
721 627 814 687 t'eeitrt
835 624 940 708 opertui
980 629 1066 693 ldeu‘

138 709 185 771 tibi
205 707 322 770 suffieit
344 708 483 770 Christus
505 706 693 789 perfidem,
722 717 755 770 ut
783 710 824 769 sis
846 713 962 789 iustus,
993 722 1056 805 'quo

136 792 209 854 fato
231 810 298 854 nen
321 793 376 854 tibi
398 792 487 867 vivis,
510 794 665 872 operaris,
688 792 899 873 paterispsed
920 786 1054 858 chunrat

134 874 202 936 ideo
232 890 292 956 per
325 875 380 936 illa
418 873 494 934 nihil
533 881 635 954 tuum,
679 875 733 936 sed
774 875 887 944 Christi
924 874 1054 938 tantum·-

134 957 233 1021 modo.
279 957 420 1034 Quorum
442 958 675 1018 instrumentum
699 960 779 1030 enim
803 978 846 1037 es,
870 961 936 1021 eius
958 968 989 1021 tu
1003 961 1055 1022 hass

133 1040 191 1120 bes,
204 1048 297 1103 tuum·
310 1041 431 1102 seilicet
443 1039 596 1101 Christum
618 1043 718 1122 ipsum
740 1058 797 1121 per
817 1040 919 1123 fidem,
941 1041 1055 1105 habeat

132 1130 161 1185 et
179 1126 248 1205 ipse
270 1143 372 1203 suum,
393 1123 426 1184 id
448 1131 504 1203 est,
527 1131 557 1184 te
579 1132 611 1184 et
634 1143 729 1206 opera
750 1126 780 1184 in
804 1131 844 1203 te,
867 1133 898 1186 et
920 1127 977 1187 erit
986 1146 1054 1207 per-

130 1208 241 1270 testum
260 1207 503 1269 matrimonium.

522 1422 668 1516 Sermo

315 1590 479 1665 Dominiea
499 1589 536 1651 11.
557 1591 718 1652 Adventus
740 1609 768 1652 a
792 1594 872 1656 1516

413 1723 458 1786 de
492 1725 768 1807 Evangeli0.*]

203 1861 364 1942 Pauperes
376 1861 628 1942 evangelizantur
638 1862 738 1956 1111111.
749 1865 796 1924 11.
822 1860 922 1923 'Haec
939 1848 1052 1945 maaca

127 1943 240 2005 tuentio
264 1943 372 2005 debuit
393 1945 487 2005 latine
515 1945 685 2004 transferri:
721 1963 792 2004 nam
818 1945 969 2005 Dominus
1000 1946 1065 2006 hie·

125 2028 247 2106 passive
269 2022 461 2106 dieit'quod
482 2026 557 2089 isai.
581 2027 631 2092 61.
644 2029 744 2088 antire
760 2026 842 2107 dicit,
865 2022 1052 2109 pauperibus

125 2110 338 2191 evangelizare
351 2111 435 2170 misit
447 2128 506 2171 me.
535 2111 581 2170 lte
598 2109 648 2170 hie
664 2128 816 2190 pauperes
834 2110 1065 2192 evangelizarit*

125 2194 207 2273 tuni.
218 2213 245 2253 e.
254 2193 441 2274 pauperibus
451 2193 689 2274 evangelizatur,
705 2194 765 2253 hae
778 2192 967 2276 estbonum,
978 2214 1050 2274 pax,

125 2278 232 2356 gratia,
244 2276 456 2336 misericordia
465 2278 509 2336 eis
524 2277 693 2336 nunciatur.
717 2275 777 2336 Sed
790 2277 868 2336 falsa
877 2278 1048 2361 intelligen-¹

125 2360 167 2419 tia
183 2359 235 2419 vei
250 2359 361 2418 saltem
375 2359 506 2420 obseura
517 2359 606 2418 huius
621 2359 692 2419 dieti
708 2361 799 2419 etiam
813 2359 872 2420 hae
884 2361 1048 2421 aeeasioue

126 2441 338 2521 evenit,qu0d,
349 2440 418 2521 quid
428 2441 676 2522 sitevangelium,
690 2461 751 2502 non
764 2443 939 2504 attenditur.
962 2444 1048 2504 Multi

127 2527 207 2584 euim
230 2532 346 2585 venant
368 2525 562 2606 evangelium
584 2531 751 2604 praecepta
772 2526 895 2586 vivendi
918 2529 948 2586 in
965 2544 1050 2587 nava

126 2606 209 2688 lege:
234 2607 344 2686 quibus
368 2606 403 2667 iit
423 2607 624 2688 impossibile,
656 2616 689 2667 ut
722 2616 818 2688 apost.
848 2610 974 2669 Panium
1004 2611 1048 2668 in·

125 2690 276 2771 telligant,
298 2692 349 2771 qui
373 2692 452 2750 sieut
473 2699 504 2751 et
525 2691 662 2751 Christus
685 2692 809 2771 proprie
827 2693 940 2773 accipit
957 2710 1048 2752 evan-

125 2773 249 2853 gelium.
299 2775 392 2854 Igitur
419 2775 614 2855 evangelium
643 2773 737 2834 habet
765 2774 879 2853 duplex
902 2774 1045 2848 officium,

126 2857 254 2935 primum
278 2864 326 2917 est
336 2858 528 2937 interpretari
545 2858 646 2937 legem
658 2856 867 2937 veterem**),
891 2863 923 2917 ut
944 2856 1047 2918 Domi·

126 2958 180 2998 nus
204 2939 377 2999 Matthaeus
399 2945 428 3004 5.
457 2940 529 3000 illud
560 2950 775 3019 praeceptum:
819 2939 888 2999 Non
915 2940 1048 3019 periura:

126 3020 180 3100 bis,
203 3041 267 3082 nou
290 3022 424 3101 accides,
446 3043 507 3083 nen
531 3022 753 3101 moechaberis,
775 3025 1000 3102 interpretatur,
1017 3029 1048 3084 et

125 3106 169 3165 sie
189 3104 230 3164 de
253 3105 362 3166 literali
373 3107 406 3165 in
419 3106 608 3185 spiritualem
625 3105 858 3186 intelligentiam
872 3106 1046 3166 transferre.

125 3186 202 3247 Nam
226 3187 304 3248 haee
326 3195 373 3249 est
395 3190 492 3265 litera,
515 3208 578 3249 non
602 3187 736 3268 oeeides,
759 3189 877 3248 seilicet
895 3188 933 3248 de
951 3207 1046 3268 opere

125 3278 243 3331 tentum
266 3278 396 3332 externo
420 3271 632 3353 intelligendo,
655 3272 726 3349 quia
747 3271 825 3332 haee
845 3272 1048 3352 intelligentie

126 3428 279 3436 —..-.--—

180 3498 209 3558 ⁸)
230 3494 282 3546 Hie
303 3512 396 3548 sermo
416 3495 450 3548 de
470 3493 578 3562 duplice
598 3493 734 3562 evangelii
755 3496 846 3548 officio
859 3495 961 3566 iegitur
973 3497 1046 3565 apud

124 3566 310 3620 Loeseherum
338 3568 357 3634 1,
378 3566 426 3622 761
449 3582 516 3634 sqq.³
538 3583 555 3617 a
573 3565 698 3617 Walchio
720 3570 877 3633 germanice
897 3571 938 3621 bis
957 3570 1046 3623 reddi-

123 3644 176 3704 tur,
196 3639 229 3703 X,
255 3637 322 3693 1458
342 3656 402 3708 sqq.
424 3645 450 3689 et
469 3636 526 3702 XII,
545 3637 615 3693 2266
635 3653 694 3706 sqq.

178 3711 228 3776 ”)
254 3707 315 3762 Vox
342 3709 485 3778 Evangelii
504 3711 548 3760 hie
568 3712 650 3761 latius
671 3710 778 3777 capitur
796 3724 847 3778 pra
866 3710 991 3764 doctrina
1013 3712 1045 3763 N.

122 3781 297 3834 Testamenti

768 3874 835 3944 10*
