2356 4200
135 275 197 353 302
460 281 466 317 ἰ
514 278 668 347 Positionea

218 443 276 529 71)
301 444 383 520 Quas
413 446 495 516 enim
524 447 643 526 quaerit
663 446 806 508 contritio
828 465 947 526 poenas
969 449 1053 508 satis·

135 529 279 593 factoriae
304 547 363 672 pro
392 528 439 589 his
467 529 630 608 relaxatis,
663 531 773 590 veniae
800 535 921 610 ponunt
943 529 1053 593 Christi

36 686 41 695 ι
135 617 317 692 compensat
318 613 416 692 orias,
438 611 493 672 sed
516 613 587 692 quia
607 631 671 673 non
691 611 833 675 relaxant
845 611 1053 699 medacatrvos

134 694 228 756 habet
249 713 324 774 quas
346 694 453 776 diligat
473 714 593 791 poenas
616 695 757 756 contritio
781 715 836 776 per
851 659 1053 778 ιοιιιιιιιιιιιι

135 777 374 858 continuandas,
396 777 458 839 hoc
479 780 530 857 qui
552 779 664 856 nescit,
687 784 776 841 errat

142 919 144 923 .
217 858 291 957 72)
300 859 403 942 Opera
437 862 571 922 caritatis
597 861 667 942 plus
692 861 835 923 valent
827 881 858 922 ιιι
892 861 1050 942 merendo,

135 933 190 1005 sed
222 945 331 1004 veniae
367 943 525 1024 plenariae
561 945 658 1024 magis
690 945 720 1004 in
762 944 902 1005 celeriter
938 944 1053 1009 satisfa-

16 1035 25 1058 ·
135 1026 256 1106 ciendo,
279 1032 343 1087 ιιι
331 1027 468 1089 totaliter
489 1027 668 1088 relaxando.
713 1026 772 1102 Qui
792 1026 854 1088 hoe
874 1029 983 1105 nescit,
1005 1026 1053 1087 vel

134 1129 198 1173 non
227 1109 339 1188 credit,
376 1115 407 1171 et
438 1130 530 1171 unum
554 1110 687 1191 populos
710 1109 817 1189 docet,
855 1092 886 1195 ιι
906 1074 991 1181 aliud
1013 1118 1053 1173 ta·

135 1201 201 1273 cet,
224 1199 313 1255 errat.

217 1277 274 1350 73)
297 1274 511 1357 Indulgentiae
532 1276 689 1357 plenariae
710 1275 779 1356 plus
802 1276 907 1337 valant
924 1277 955 1336 in
968 1277 1052 1337 satis-

134 1358 275 1421 faciendo
299 1365 331 1418 et
351 1359 521 1425 relaxando
544 1358 680 1420 totaliter
689 1358 878 1438 ,celeriter,
900 1365 932 1420 et
953 1360 1053 1439 singu·

136 1441 258 1520 inritet,
287 1441 342 1502 sed
365 1460 460 1585 opera
483 1442 616 1503 caritatis
637 1442 707 1522 plus
729 1442 861 1503 valent
854 1462 885 1502 ιι
907 1441 1053 1508 merendo

136 1525 287 1621 meritum,
307 1532 377 1606 grat
378 1525 449 1605 iam,
471 1532 503 1586 et
522 1525 653 1606 gloriam
663 1524 817 1621 augendo
838 1525 1054 1606 principaliter,

135 1609 186 1688 qui
215 1626 289 1689 ergo
322 1627 384 1669 non
412 1615 500 1689 putat
528 1628 644 1689 papam
663 1609 709 1670 sic
730 1603 811 1670 velle
832 1607 980 1693 populum
1002 1607 1054 1671 do·

136 1691 213 1769 ceri,
238 1697 325 1750 errat.
1063 1750 1067 1755 ,

217 1775 276 1849 7)4
301 1772 380 1848 Quin
404 1792 472 1833 cum
496 1773 663 1835 secundum
687 1730 870 1837 excedentia
882 1779 914 1832 ιι
925 1792 1055 1834 excessa

135 1855 277 1917 differant
304 1855 495 1937 indulgentia
524 1856 664 1938 plenaria
685 1863 716 1917 et
737 1856 966 1923 misericordiae
987 1875 1053 1939 par-

116 1927 355 2014 “ιιιιιιιιιι(ιιι
342 1937 441 2000 ιιιιιι
464 1939 555 2001 solita
576 1938 663 2023 sunt)
689 1959 793 2020 opera
836 1938 981 2021 Quisquis
1003 1939 1055 2001 do·

136 2029 186 2082 oet
206 2022 365 2102 populum,
387 2041 499 2102 papam
522 2022 602 2083 velle
624 2021 708 2084 nulla
730 2042 768 2083 ex
790 2022 877 2104 parte
895 2023 1053 2084 veniarum

134 2105 379 2186 redemptionem
414 2125 485 2166 esse
513 2106 657 2187 operibus
686 2105 915 2167 misericordiae
942 2105 1057 2201 partia-

135 2187 290 2267 libus(ut
239 2186 402 2271 (utfiunt)
428 2188 712 2268 comparandam,'
705 2189 832 2270 insignit
833 2209 866 2250 er
887 2188 1064 2270 praesumit·

136 2265 279 2332 eterrat.

218 2353 276 2436 75)
301 2353 387 2415 Dans
419 2355 546 2435 pauperi
577 2360 608 2415 ιι
638 2361 779 2415 mutuans
814 2353 917 2436 egenti
945 2352 1054 2417 melius

135 2436 222 2533 facit,
245 2436 347 2516 quoad
369 2438 470 2498 meriti
492 2438 789 2518 augmentationem,
823 2436 877 2498 sed
899 2435 1053 2499 redimens

136 2521 242 2581 venias
282 2519 390 2581 melius
432 2520 534 2599 quoad
579 2519 757 2582 celeriorem
803 2519 1095 2582 satisfactionem·

136 2602 195 2677 Qui
218 2603 305 2663 aliter
325 2601 472 2682 populum
495 2602 603 2682 docet,
634 2603 764 2665 eundem
786 2596 920 2683 seducit,
954 2603 1056 2699 etqui

135 2692 223 2766 putat
243 2687 349 2747 venias
371 2685 532 2766 redimere,
553 2706 617 2748 non
640 2689 732 2758 etiam
754 2706 823 2748 esse
840 2705 923 2769 opus
941 2687 1054 2748 miseri·

137 2768 276 2848 cordiae,
299 2775 389 2830 errat.

218 2855 276 2930 76)
301 2851 408 2912 Veniis
438 2853 494 2912 etsi
523 2852 617 2913 homo
645 2854 743 2932 primo
776 2851 830 2913 flat
818 2853 1002 2932 tapoenis
1021 2851 1054 2912 ιι

135 2933 252 3014 ιιιιοι,
275 2941 377 2998 tamen
400 2954 468 2995 cum
490 2954 584 3015 opus,
607 2954 668 3014 quo
690 2935 894 3015 redimuntur,
921 2935 962 2997 sit
982 2936 1054 2995 cari-

121 3019 223 3096 tatis,
244 3016 279 3078 fit
299 3037 339 3078 ex
359 3019 480 3079 interna
501 3017 668 3080 devotione
689 3019 761 3079 hinc
781 3019 935 3080 redimens
960 3019 1054 3080 etiam

136 3101 254 3177 melior.
304 3099 449 3181 Quisquis
482 3101 571 3163 aliter
603 3100 751 3181 populum
785 3100 893 3179 docet,
929 3099 1054 3181 duplici-

135 3191 181 3245 ter
203 3191 291 3244 errat.

217 3270 276 3346 77)
300 3266 528 3347 Eleemosynae
552 3266 724 3348 spirituales
748 3274 819 3327 sunt
843 3265 1054 3346 corporalibus

135 3349 394 3430 praestabiliores,
417 3356 448 3410 et
469 3349 527 3412 sibi
548 3351 607 3431 ipsi
624 3349 725 3411 iactae
737 3349 951 3429 ordinatiores,
975 3348 1055 3410 unde

136 3435 163 3496 si
186 3434 252 3512 quis
274 3433 412 3515 indigeat
400 3433 547 3511 t,veniis
569 3452 628 3494 nec
649 3439 756 3514 posset
776 3451 944 3515 pauperem
968 3437 1055 3493 extra

102 3529 104 3535 '
136 3516 296 3577 articulum
318 3517 539 3577 necessitatis
531 3536 646 3596 iuvare,
669 3515 778 3577 melius
799 3514 988 3596 longefacit
1010 3534 1053 3575 re-

136 3597 300 3678 dimendo,
334 3618 425 3679 quam
456 3601 584 3682 pauperi
614 3601 666 3678 (ιιι
694 3595 902 3682 praedictum)
933 3617 1054 3659 succur-

135 3681 243 3762 rendo,
266 3701 324 3759 con
328 3684 451 3744 trarium
473 3681 599 3761 docens,
622 3689 712 3744 errat

94 3835 102 3850 Ι
219 3765 276 3849 78)
301 3765 349 3825 Ex
370 3766 520 3846 gravitate
543 3784 681 3847 operum,
703 3771 735 3826 et
754 3764 928 3826 intensione
950 3764 1055 3827 carita·
