2356 4200
123 281 167 350 86
452 285 601 341 Sermones
620 285 731 345 Lntheri
754 350 762 370 ⁸

125 472 242 533 vorago
269 452 395 530 inferni,
431 473 510 532 quae
539 455 635 533 spirat
655 454 836 515 infernalem
858 450 1049 532 Memphitinr

125 557 166 596 ex
187 536 341 615 profundo
365 539 500 596 omnium
523 537 653 597 saecum.
696 537 737 598 Εῖ
764 537 847 617 linge
878 536 951 614 tibi,
984 543 1048 596 tum

127 620 316 679 conveniunt
343 619 550 697 detractores,
583 627 656 679 tunc
677 622 851 681 convivium
873 639 978 680 eorum
1002 626 1050 680 est

126 703 309 780 depromere
335 702 468 781 aliquem
498 710 530 762 ct
557 722 674 781 ponere
701 710 773 764 ante
797 723 830 764 se
851 705 881 762 in
904 702 1049 781 medium,

128 795 160 845 ut
183 785 308 844 alternis
324 786 449 845 rictibus
463 786 599 846 lacerent
613 806 692 864 eum,
711 787 790 846 sicut
805 805 898 846 canes
917 785 1050 849 cadaver

127 869 198 946 equi
220 870 250 926 in
274 887 394 947 campo
438 869 478 928 Et
500 888 572 928 vere
603 888 695 929 canes
725 870 841 935 similes
872 869 953 946 illis,
986 870 1048 929 imo

126 950 316 1027 tumidiores,
338 953 408 1028 quia
431 952 475 1011 illi
497 971 607 1030 equum
621 958 741 1029 vorant,
765 952 795 1012 hi
812 959 914 1012 autem
933 951 1048 1013 effosso

126 1034 278 1093 cadavere
311 1034 461 1109 hominis,
497 1034 580 1112 quod
614 1036 749 1094 omnium
782 1036 916 1094 maxime
948 1040 1051 1114 putret

127 1124 158 1177 et
179 1123 295 1196 puteat,
319 1116 402 1195 quod
426 1119 523 1176 erosis
547 1118 709 1196 carnibuS‚
743 1124 774 1178 et
795 1117 926 1178 tabissuis
947 1119 1049 1179 nervis

127 1207 158 1260 et
178 1199 332 1259 vermibus
353 1200 622 1278 interreptantibus
656 1198 766 1281 (etiam
798 1202 933 1280 cogitatu
954 1200 1050 1260 horri-

104 1282 217 1341 <fisum
239 1285 304 1358 est)
328 1282 477 1342 invadunt
497 1284 623 1343 alternis
645 1283 797 1344 morsibus
819 1291 851 1344 et
871 1286 902 1343 in
925 1302 1050 1345 carnem

127 1375 158 1425 et
180 1385 301 1424 vermes
323 1366 456 1426 furiosos
480 1373 510 1424 et
533 1365 714 1427 maledictos
738 1368 845 1427 dentes
867 1368 1049 1447 impingunt

126 1449 212 1526 Phui,
234 1447 324 1524 Puni,
348 1466 438 1527 quam
461 1448 647 1509 horrendum
670 1459 840 1509 monstrum
863 1457 911 1510 est
931 1449 1050 1510 detrac-

127 1533 195 1590 tor!
240 1530 356 1592 Scitote
378 1539 490 1607 autem,
515 1533 660 1609 quoniam
681 1552 744 1592 nou
768 1544 815 1592 est
837 1533 941 1593 hocin
957 1552 1051 1594 carne

127 1621 188 1673 tam
211 1613 418 1674 abominabile
440 1613 506 1673 fieri
530 1634 634 1674 coram
659 1615 757 1676 oculis
772 1615 941 1692 hominurn,
958 1634 1050 1694 quam

127 1703 174 1763 est
196 1696 400 1756 detractorem
424 1696 489 1756 fieri
512 1698 541 1756 in
565 1705 735 1777 conspectu
757 1699 814 1757 Dei
836 1705 867 1758 et
889 1699 1050 1778 spirituali·

127 1785 188 1855 ter,
227 1780 298 1857 quia
329 1780 530 1858 spiritualium
564 1789 596 1840 et
618 1781 824 1859 corporalium
841 1782 983 1841 'maxima
1004 1788 1052 1842 est

127 1862 280 1923 distantia.
326 1863 493 1922 Verissime
515 1869 618 1923 autem
640 1863 773 1923 cadaver
795 1871 842 1924 est
863 1865 958 1924 homo
981 1884 1051 1944 pec

127 1951 228 2019 cator,
257 1946 309 2024 qui
335 1945 428 2005 babet
448 1952 625 2024 peccatum,
654 1947 705 2024 qui
727 1954 800 2006 tuuc
822 1948 867 2006 sic
889 1947 1051 2026 laceratru,

127 2027 249 2106 quando
279 2029 344 2087 eius
371 2036 532 2106 peccatum
569 2028 757 2108 divulgatur,
790 2029 873 2107 quod
901 2031 968 2108 ipse
1004 2049 1050 2090 se-

127 2111 234 2189 pelivit
263 2110 346 2189 apud
379 2130 412 2191 se
435 2113 466 2170 iu
489 2113 681 2171 conscientia
703 2131 767 2171 sua.
812 2112 901 2172 Unde
926 2115 957 2172 in
980 2113 1051 2193 lege

127 2194 221 2253 Mosis
243 2193 434 2255 strictissime
451 2194 639 2272 prohibitum
659 2201 725 2253 est:
757 2195 804 2254 Ne
823 2197 891 2273 quis
911 2202 1052 2275 tangeret

127 2277 333 2337 morticinum.
375 2276 413 2335 Hi
436 2284 538 2336 autem
563 2278 654 2337 etiam
678 2278 799 2356 lingunt
825 2285 857 2338 et
889 2278 1050 2356 devorant7

126 2360 310 2437 sunt‘igitur
330 2359 444 2418 animal
465 2360 561 2438 illud,
597 2360 681 2438 quod
704 2360 814 2420 dicitur
833 2361 972 2440 hyaena,
1009 2360 1048 2421 de

126 2460 187 2519 qua
208 2441 323 2500 Plinius
348 2443 453 2502 etalii
483 2442 604 2518 dicunt,
639 2443 722 2522 quod
744 2449 837 2503 nocte
859 2444 970 2503 simula
997 2462 1049 2504 vo*-

126 2543 192 2583 cem
215 2523 369 2601 hominis,
392 2532 423 2584 et
446 2544 483 2584 eo
507 2533 637 2586 evocato
662 2527 782 2605 iugulat
803 2527 914 2604 ipsum,
937 2534 968 2587 et
981 2545 1049 2606 pas·
1079 2593 1085 2611 ,

125 2608 203 2665 citur
224 2606 344 2667 effossis
367 2607 515 2687 sepulcris
539 2617 727 2669 mortuorum
750 2609 960 2671 cadaveribus.
1003 2610 1050 2670 Ita

126 2696 157 2748 et
175 2688 329 2750 detractor
350 2690 431 2769 facit,
455 2694 504 2769 qui
527 2693 553 2750 si
576 2711 639 2752 non
663 2691 847 2770 detraheret,
870 2699 1049 2770 moreretur,

126 2773 197 2848 quia
218 2780 324 2850 pastus
347 2775 411 2832 eius
435 2781 482 2832 est
505 2773 672 2851 detractio,
701 2782 812 2834 evocat
834 2776 926 2835 etiam
952 2775 1049 2835 homi-

126 2874 195 2914 nem
219 2863 250 2914 et
273 2855 394 2929 occidit,
418 2855 541 2934 quando
565 2857 697 2935 aliquem
721 2877 776 2917 suo
791 2858 937 2936 pestifero
953 2858 1048 2918 verbo

125 2937 163 2996 ad
200 2957 234 2997 se
265 2939 450 2998 audiendum
483 2939 632 3017 perducit..
683 2940 761 2999 Nam
801 2940 923 3001 auditor
955 2941 1047 3000 etiam

125 3020 305 3080 detractoris
328 3021 509 3081 maledictus
531 3030 588 3099 est,
611 3024 662 3100 qui
685 3022 756 3081 dum
779 3023 853 3082 facit
874 3023 1047 3083 simulando

125 3122 234 3163 vocem
257 3103 437 3179 humanam,
461 3106 479 3164 i.
504 3125 531 3163 e.
549 3124 654 3164 veram
672 3113 703 3165 et
724 3106 921 3165 innocentem
945 3126 1047 3166 narra·

126 3187 240 3254 tionem
263 3206 458 3266 proponens,
491 3188 570 3246 sicut
590 3206 682 3266 supra
704 3187 767 3246 dixi
788 3189 818 3248 in
842 3189 1048 3248 excusationi·

127 3269 181 3328 bus
204 3288 320 3329 eorum.
359 3269 436 3330 Sunt
459 3271 551 3329 ctiam
574 3269 764 3331 detractores
787 3270 826 3330 de
840 3270 1047 3331 numeroillo·

124 3372 189 3411 rum
212 3371 360 3432 vagorum
383 3354 574 3423 institorum,
610 3373 687 3432 quos
725 3352 818 3432 vulgc
848 3353 1047 3414 Kanab-sack

125 3443 249 3511 vocant,
271 3442 414 3514 potantes
439 3436 511 3495 nibil
535 3435 617 3495 aliud
641 3436 698 3496 nisi
721 3455 842 3496 venena
864 3456 938 3496 suae
954 3439 1046 3515 pesti-

125 3519 209 3577 ferae
231 3518 445 3593 detractionis,
484 3527 515 3578 et
538 3519 654 3579 audent
675 3519 787 3596 dicere,
826 3526 922 3579 artem
959 3539 1047 3579 snam

125 3600 274 3678 prodesse
296 3601 336 3660 ad
358 3602 509 3661 card-elam
533 3621 650 3681 eorum,
674 3603 725 3680 qui
747 3609 871 3678 emunt,
905 3609 936 3661 ut
958 3622 1046 3663 cave-

124 3690 177 3742 ant
205 3682 243 3743 ab
270 3683 341 3746 illis.
391 3685 472 3759 Quid
503 3686 595 3764 igitur
624 3684 750 3745 remedii
780 3690 828 3744 est
854 3685 914 3744 illis
937 3693 1047 3746 contra

120 3766 184 3827 boc
217 3766 345 3828 vitium?
390 3768 608 3849 Respondebt,
636 3768 752 3830 nullum
781 3767 862 3847 scic,
891 3769 963 3848 quia
998 3776 1046 3832 est
