2356 4200
153 284 218 352 350
327 287 452 357 naraon
469 287 650 342 nmmum
670 287 706 341 au
723 287 846 343 nonen
863 286 918 358 n,

219 474 295 536 urm
308 477 410 557 igitur,
421 474 505 555 quod
518 473 701 537 Pontificum
712 477 862 537 autoritas
871 476 972 554 iussit,
986 475 1079 557 negli-

154 559 243 639 gitur,
266 566 297 619 et
318 558 357 618 de
379 577 440 637 quo
465 558 644 636 dubitatum,
667 558 947 638 imoimprobatum
969 566 1027 638 est,
1047 558 1076 619 id

154 640 253 702 solum
277 643 438 721 recipitur,
471 660 600 702 necesse
629 647 677 701 est
705 641 856 702 interdurn
885 641 1077 721 hallucinari,

154 725 307 785 somniare
329 732 360 785 et
381 725 533 785 caecutire
555 725 717 805 magistros
736 726 832 804 istos,
854 723 968 806 quibus
989 724 1077 787 debe

110 816 113 822 '
153 814 210 885 tur,
233 806 316 886 quod
336 825 400 867 non
415 807 514 867 solum
537 806 685 867 hactenus
709 807 861 868 Doctores
883 805 924 869 ab
947 807 1079 869 ecclesia

152 891 269 970 recepti
291 889 452 950 solidiores
473 909 537 950 non
559 890 652 969 lecti,
674 889 729 952 sed
751 890 890 971 plerique
912 890 1074 971 depravati

153 979 224 1034 suut
245 979 337 1052 atque
358 973 456 1033 mutili
477 972 598 1033 redditi.

132 1106 146 1115 .
235 1055 386 1116 Taoemus
418 1056 455 1115 iis
475 1054 634 1117 autoribus
655 1055 824 1134 pullulasse
845 1055 942 1138 longe
964 1056 1077 1137 plures,

72 1146 80 1155 ‘
153 1157 244 1218 quam
272 1157 407 1218 unquam
434 1137 594 1199 damnatas
615 1137 708 1199 luisse
729 1137 881 1201 haereses.
924 1139 1076 1200 Tenemus

152 1222 404 1282 Reuohliniauam
438 1221 670 1282 infamationem
704 1228 734 1281 et
771 1239 853 1283 nunc
880 1229 1077 1302 praesentem

151 1305 232 1364 hauc
253 1305 544 1384 periculosissimam
567 1304 606 1365 de
625 1303 825 1385 Indulgentiis
853 1312 948 1384 atque
972 1324 1075 1366 censu·

152 1388 193 1447 ris
216 1388 395 1468 apostolicis
417 1386 672 1468 disceptationem
694 1387 741 1447 his
760 1388 943 1467 perniciosis
965 1388 1076 1449 antori-

56 1516 62 1525 .
152 1470 261 1531 busin
278 1469 424 1530 mundum
447 1489 625 1549 emanasse,
653 1470 762 1549 quibus
793 1471 852 1529 nisi
872 1470 1076 1533 Beatitudinis

151 1559 274 1614 vestrae
302 1561 333 1612 et
368 1553 692 1614 reverendissimorum
713 1553 836 1613 Petrum
863 1555 1016 1615 autoritas
1036 1552 1076 1615 le

151 1654 221 1716 gem
244 1633 399 1715 finemque
419 1637 611 1715 imposuerit,
634 1635 718 1695 brevi
740 1654 803 1695 non
825 1635 925 1696 solum
956 1637 1077 1716 imperi·

152 1726 203 1778 tae
224 1719 386 1799 imponent
407 1718 602 1792 multitudini,
624 1717 679 1778 sed
701 1723 733 1778 et
745 1719 917 1798 principum
940 1720 1075 1781 virorum

152 1800 209 1861 sibi
232 1820 336 1862 auram
366 1809 398 1862 et
431 1802 569 1862 favorem
591 1803 621 1861 in
644 1808 779 1861 mutuam
802 1803 972 1882 perniciem
994 1820 1075 1863 com·

151 1884 310 1964 parabunt.
354 1883 474 1958 Quibus
505 1885 531 1944 si
554 1883 788 1944 conniventibus
821 1884 918 1944 oculis
949 1903 1075 1965 campus

152 1973 276 2047 apertus
299 1974 391 2047 atque
412 1965 489 2027 liber
509 1967 686 2045 dimittatur,
710 1966 841 2026 futurum
858 1973 916 2044 est,
938 1974 974 2028 nt
994 1966 1075 2048 quod

152 2051 288 2110 omnium
309 2051 443 2110 mamma
464 2052 495 2110 in
513 2052 594 2110 votis
616 2048 741 2124 habent,
763 2055 799 2109 ut
817 2068 875 2129 pro
898 2051 1025 2130 optimis
1047 2056 1076 2111 ct

151 2134 351 2193 sanctissimis
373 2133 558 2194 Doctoribus
586 2133 711 2192 istorum
734 2133 841 2194 nenias
871 2151 947 2212 prae
979 2132 1074 2194 oculis

150 2215 266 2277 habere
288 2223 416 2296 cogatur
437 2222 519 2276 totus
542 2214 681 2275 mundus.

232 2299 318 2358 Haec
339 2318 396 2378 pro
410 2299 556 2379 singulari
577 2304 683 2358 nostra
702 2299 734 2357 in
746 2297 851 2358 sedem
867 2297 1072 2377 apostolicam

149 2384 321 2442 reverentia
337 2381 522 2441 Beatitudini
544 2389 665 2441 vestrae
686 2380 935 2460 significavimus,
959 2387 993 2441 ut
1015 2383 1072 2441 sin·

150 2466 260 2525 ceritas
283 2465 456 2525 Christiana
476 2464 650 2524 huiusmodi
673 2465 839 2523 temerariis
859 2462 1072 2543 disputationi·

150 2547 206 2608 bus
236 2554 268 2608 et
295 2549 442 2628 captiosis
470 2549 657 2628 argumentis
679 2565 742 2606 uon
770 2545 910 2606 laedatur
931 2553 965 2607 et
986 2565 1072 2611 scan-

150 2629 305 2696 dalizetur.
340 2631 404 2690 Nos
428 2631 508 2690 enim
531 2628 677 2709 quidquid
701 2648 792 2709 super
812 2628 860 2688 his
883 2636 992 2689 sancte
1014 2637 1072 2689 sta·

149 2716 241 2774 tuerit
258 2706 292 2772 in
314 2715 445 2794 Imperio
468 2720 574 2774 nostro
597 2712 635 2772 ad
656 2712 778 2772 laudem
801 2717 832 2772 et
852 2711 1005 2773 honorem
1015 2711 1071 2773 Dei

149 2797 369 2877 omnipotentis
397 2802 429 2856 et
450 2796 561 2856 Christi
588 2794 723 2855 fidelium
750 2794 880 2855 salutem
913 2793 953 2855 ab
976 2795 1071 2856 omni·

149 2876 206 2938 bus
229 2878 386 2939 observari
407 2880 562 2939 iaciemus.

122 2962 130 2983 ⁸
230 2961 341 3022 Datum
364 2964 540 3022 incivitate
562 2967 668 3021 nostra
683 2958 834 3039 imperiali
845 2957 1002 3038 Augusta,
1023 2957 1070 3020 die

148 3045 255 3123 quinta
276 3047 388 3106 mensis
409 3045 556 3126 Augusti,
584 3044 675 3105 Anno
698 3041 862 3104 MDXVllI.
891 3041 1069 3123 Regnorum

147 3133 332 3207 nostrorum,
353 3128 486 3188 Romani
506 3128 660 3189 tricesimo
674 3126 775 3206 tertio,
795 3124 974 3205 Hungariae
996 3142 1068 3187 vcro

147 3210 295 3272 vicesimo
316 3229 411 3274 nono.
