2356 4200
86 232 114 299 ’-
188 271 253 341 tur
334 281 338 285 ’
479 273 833 344 conterminum

190 451 238 507 est
257 445 422 529 impudens
446 453 478 507 et
496 447 661 526 perfrictae
680 445 809 527 frontis,
836 447 914 509 nihil
944 468 1011 510 non
1038 468 1114 510 osse·

188 547 273 608 rere,
301 528 448 611 idemque
467 549 570 591 rursus
593 529 737 592 deserere
758 537 920 612 promtus,
952 538 1021 592 utut
1051 551 1114 593 sese

188 629 267 675 auru
284 610 438 694 gloriolae
460 611 615 673 obtulerit.
659 611 764 674 Unum
786 622 922 694 spectet,
946 615 975 675 si
995 634 1052 695 per
1065 615 1114 676 ns

189 700 221 756 et
243 694 330 755 nefas
366 696 466 776 possit
487 693 732 776 Wittembergoe
751 714 886 776 nocere,
914 699 965 769 oui
986 699 1048 759 ism
1069 716 1116 759 oc

185 795 278 847 purro
301 784 332 838 et
353 778 577 858 sycophantam
598 780 690 839 istum
719 797 788 839 cum
810 781 874 839 suis
897 779 1068 842 mendaciis
1087 783 1114 841 in

188 860 344 941 publicum
379 862 497 921 trahem
520 861 587 922 Deo
620 861 764 942 propitio.
797 862 921 924 interim
945 857 1116 945 Episcopus

188 943 496 1025 Brcndenburgensis
518 945 616 1011 sltem
636 952 724 1025 perte
745 963 808 1006 non
821 945 927 1008 sudito
939 947 1027 1008 Socii
1037 966 1115 1007 msu-

190 1024 280 1089 decis
290 1027 438 1108 invulgat,
462 1044 581 1106 suoque
596 1028 722 1088 nomine
743 1026 803 1088 illis
814 1031 1017 1090 autoritatem
1038 1029 1117 1112 apud

189 1110 304 1172 multos
317 1117 415 1190 perot,
436 1111 468 1170 in
480 1112 541 1170 mei
553 1111 687 1171 nominis
701 1111 852 1190 iniurium,
873 1113 1004 1192 pulchre
1020 1124 1117 1174 osten-

190 1191 287 1272 dens,
315 1192 386 1272 quid
419 1193 513 1255 enimi
535 1193 595 1252 huc
615 1211 713 1274 usque
733 1194 765 1252 in
789 1213 838 1254 me
858 1195 980 1256 eluerit.
1001 1195 1116 1274 Timeo,

190 1275 274 1357 quod
295 1277 348 1336 vix
369 1295 462 1357 egere
483 1278 612 1355 possim,
634 1295 674 1337 ne
695 1276 786 1335 simul
807 1296 877 1337 eum
900 1279 1061 1339 involvam
1083 1297 1117 1338 uc

191 1361 256 1419 eius
288 1360 440 1419 inscitiam
472 1366 503 1418 et
524 1360 729 1419 temeritatem
750 1358 907 1421 Ecciense
935 1363 1116 1442 consengni·

189 1461 280 1503 neem
302 1441 440 1522 prodam.
480 1440 695 1522 Coepersutur
721 1442 750 1502 ei
779 1444 856 1504 miro
884 1443 981 1505 modo
1011 1445 1116 1506 fretrus

190 1526 325 1586 minores
351 1524 391 1584 de
412 1524 623 1585 observantis:
657 1524 751 1586 nobis
778 1525 880 1586 solum
910 1527 1117 1608 typogruphir

191 1606 291 1686 deest,
314 1625 376 1686 quo
398 1608 487 1668 eitius
508 1607 702 1687 invulgemus
732 1610 886 1670 contrarie
910 1609 1020 1684 (Luth.
1042 1609 1116 1690 lipp.

190 1689 239 1752 ed.
261 1690 357 1751 Auris.
379 1691 403 1766 1,
425 1710 454 1770 p.
478 1693 548 1755 206.
568 1690 608 1751 de
631 1689 734 1751 Wette
755 1691 778 1770 1,
800 1711 831 1771 p.
853 1691 981 1775 323.).“
1026 1692 1115 1754 Penio

63 1791 69 1805 ·
189 1779 263 1853 post
293 1792 373 1853 quse
395 1773 543 1835 Lutherus
570 1792 677 1834 secum
704 1776 905 1835 constitueret
933 1783 1026 1839 erent
1047 1794 1115 1837 con·

189 1857 280 1938 fecto,
301 1877 371 1919 nem
393 1858 455 1917 ism
476 1855 505 1921 d.
518 1859 547 1921 3.
569 1875 608 1917 m.
622 1855 706 1936 Sept.
731 1859 810 1922 1519
832 1857 938 1919 scribit
948 1858 999 1922 Jc.
1014 1859 1115 1940 Largo

189 1939 392 2002 Eriurdieusi:
430 1939 613 2018 „Iottherus
633 1938 756 2019 Lipsisc
782 1940 856 2000 mihi
891 1941 979 2002 cudit
1014 1949 1117 2003 contri

191 2023 317 2084 Eccium
339 2022 476 2084 libellum
497 2022 749 2104 apologeticum,
776 2023 828 2084 ubi
847 2023 959 2084 refello
983 2025 1056 2085 xm
1076 2043 1115 2085 er

191 2108 303 2169 ticulos
325 2127 344 2167 e
365 2106 508 2167 iratribus
530 2105 698 2166 Minoribus
719 2105 1028 2169 Jutterboocsnsibus
1052 2107 1117 2168 mihi

190 2192 355 2272 impositos
388 2196 419 2249 et
445 2208 501 2269 per
521 2189 649 2249 Eccium
681 2188 920 2250 invidiosissime
943 2191 1117 2252 centuriatos

191 2276 223 2334 in
244 2292 359 2335 nomon
381 2291 498 2332 meum:
532 2291 591 2352 ego
623 2291 741 2332 rursum
773 2274 818 2333 eis
839 2273 940 2333 XXIV
963 2274 1117 2335 'articulos

190 2359 319 2437 impono
342 2361 373 2416 et
394 2356 492 2416 fervet
512 2355 671 2436 negotium
694 2355 799 2430 (Luth.
819 2356 898 2436 Epp.
923 2357 1118 2434 ed.Aurif.1,

192 2443 264 2519 208,
287 2439 326 2500 de
350 2438 456 2499 Wette
477 2439 500 2514 1,
521 2459 551 2518 p.
575 2437 687 2519 328).“

274 2522 418 2589 Monechi
450 2521 720 2582 Jutterboccenses
750 2523 788 2582 de
810 2521 936 2581 Lutheri
957 2525 1117 2603 proposito

191 2608 339 2669 adversus
356 2607 442 2684 ipsos
455 2603 608 2664 scribendi
629 2605 776 2665 certiores
797 2604 870 2676 tecti
890 2603 977 2665 illum
993 2625 1119 2687 rogere·

190 2698 271 2768 runt,
293 2709 332 2749 ne
354 2688 385 2748 id
406 2688 529 2765 feceret,
553 2693 584 2747 et
603 2686 763 2766 lutherus,
786 2689 810 2747 si
832 2689 893 2747 iem
915 2687 982 2749 fieri
1006 2696 1118 2769 posset,

193 2793 311 2834 morem
332 2773 369 2831 iis
391 2789 498 2851 gerere
520 2789 583 2830 nou
604 2770 796 2849 gruvubutur.
819 2770 930 2831 Scribit
951 2774 1037 2833 enim
1048 2772 1117 2852 Spe-

192 2857 289 2916 lstino
313 2855 342 2914 d.
366 2858 416 2918 22.
438 2874 478 2914 m.
501 2853 585 2932 Sept.
610 2855 703 2917 1519:
735 2854 838 2931 „Misit
865 2852 904 2913 ad
927 2874 977 2914 me
1000 2855 1118 2916 Fratres

191 2957 247 2998 seu
270 2939 376 2997 Patres
399 2939 472 2997 sctis
494 2942 650 3016 spectatos
670 2936 869 2996 Provinciulis
891 2937 1059 3014 Mincium,
1080 2940 1120 2997 in·

191 3028 383 3099 tercepturus
405 3039 528 3080 oensem
551 3038 652 3079 meam
675 3018 715 3078 ud
736 3019 1023 3099 Jutterboccenses,
1045 3039 1119 3100 quos

191 3105 252 3162 ium
276 3110 350 3163 eunt
370 3103 504 3182 punituri
540 3110 571 3162 et
591 3121 610 3161 c
631 3102 702 3162 loco
726 3104 847 3164 moturi.
880 3101 948 3183 Ego
983 3103 1058 3164 dedi
1078 3105 1120 3164 eis

191 3206 393 3266 responsum,
425 3187 450 3245 si
484 3185 663 3245 Lottherum
690 3185 812 3265 Lipsiae
847 3193 962 3264 queant
992 3205 1120 3248 exorere

191 3279 246 3330 eut
265 3269 534 3329 indemnem'eum
557 3286 701 3344 servare,
724 3288 782 3348 ego
806 3271 992 3348 ingratiam
1015 3289 1119 3330 eorum

192 3352 297 3413 libello
327 3372 396 3412 meo
425 3353 588 3431 spongiam
621 3352 782 3414 mitterem.
819 3353 920 3430 Atque
949 3352 980 3412 id
1004 3355 1116 3434 egitur:

189 3437 307 3511 nescio,
331 3435 403 3514 quid
425 3433 555 3494 efficitur
577 3434 682 3511 (Luth.
697 3433 775 3516 Epp.
799 3434 957 3498 ed.Aurii.
971 3435 1009 3515 11,
1033 3440 1061 3500 3.
1086 3435 1122 3509 dc

192 3517 298 3578 Wette
320 3521 341 3596 Ι,
363 3538 393 3597 p.
416 3516 530 3661 3363.ιι
550 3517 694 3578 Monuohi
716 3537 786 3579 sero
800 3538 865 3578 rem
888 3525 1031 3599 egerunt,
1052 3534 1123 3579 nem

189 3602 251 3662 iem
274 3600 303 3663 d.
327 3602 374 3666 30.
396 3620 447 3683 m.
493 3609 554 3679 ept.
582 3599 731 3661 liutherus
761 3601 927 3663 Francisco
959 3600 1122 3663 Gttuthero

159 3728 168 3749 t
192 3688 304 3762 (quem
333 3681 504 3763 parochum
531 3682 819 3745 Jutterboccensem
840 3684 937 3744 fuisse
971 3682 1121 3767 credunt)

190 3764 269 3828 heec
290 3767 413 3828 scribit:
435 3765 545 3845 „Mitto
567 3766 622 3828 tibi
643 3767 833 3848 exemploris
863 3774 976 3829 contre
997 3769 1125 3831 Ecoiunr
