2356 4200
475 285 500 323 s.
520 267 590 325 1516
607 269 704 325 babiti.
946 356 957 381 x
993 269 1056 333 143

76 494 78 519 ζ
147 438 255 518 adeptis
279 437 386 516 (velut
406 439 541 498 inmens
561 439 671 517 positis
692 438 845 518 piscibus)
880 439 999 501 vehitur
1024 440 1056 500 in

144 521 195 583 boc
213 520 346 599 mundo,
364 522 440 584 unsri
462 522 608 598 maximo,
630 521 742 582 stillis
764 522 878 582 fruitur.
921 521 990 583 Hoc
1010 541 1056 582 re-

141 604 270 683 linquere
294 623 370 684 ergo
400 612 449 664 est
477 605 555 664 retis
581 603 771 683 relinquero,
806 603 907 665 studie
932 603 1055 665 illorum

139 685 396 766 quaerendorum,
426 685 509 766 quod
537 693 641 747 tamen
662 705 732 747 reno
755 685 798 747 lit.
840 685 958 747 Novem
979 706 1054 748 vero

137 769 305 849 relinquere
323 775 372 830 est
393 775 424 830 et
445 768 589 830 effectum
610 778 723 831 eorum'
739 769 912 848 relinquere
934 775 965 830 et
985 769 1054 831 irni-

135 853 257 913 tionem.
301 852 381 913 Nem
405 859 436 912 et
463 854 541 932 pigri
568 871 605 912 ec
632 851 772 930 delicati,
800 853 892 913 etiem
924 851 1055 933 prodigi,

134 934 206 995 hoec
226 936 308 995 retis
329 954 391 995 uon
414 943 522 995 curent
542 954 580 994 ec
600 934 791 1013 relinquunt,
828 933 881 994 sed
913 953 977 995 non
1002 953 1054 995 uer

133 1037 213 1079 vem:
238 1020 303 1078 imo
327 1019 454 1098 eupiunt
474 1018 553 1079 elios
574 1036 631 1096 pro
655 1036 688 1078 se
710 1018 835 1097 piscari,
868 1023 900 1076 ut
920 1018 979 1097 ipsi
1000 1018 1053 1079 im·

131 1100 282 1180 pleentur.
326 1099 479 1175 Quamdiu
500 1103 604 1178 itaque
628 1101 733 1160 corin
755 1101 820 1160 istis
842 1099 1052 1178 corporalibus

131 1191 160 1243 et
179 1182 354 1245 visibilibus
377 1185 467 1261 visit,
496 1202 558 1243 non
580 1189 684 1261 potest
705 1184 808 1242 vivere
831 1183 860 1240 in
884 1181 960 1263 lide,
984 1202 1053 1243 eum

129 1268 169 1326 sit
178 1266 376 1346 impossibile
389 1266 480 1326 simul
491 1265 605 1325 hebere
616 1285 682 1326 rem
694 1264 833 1325 etlidem.
847 1264 949 1338 Quone
964 1284 1052 1345 opor·

129 1356 172 1409 tet
193 1368 260 1408 rem
279 1349 413 1426 relinqui
428 1349 467 1409 eb
485 1367 533 1427 eo,
551 1349 681 1426 quivult
698 1348 940 1426 condecredere,
960 1347 1052 1409 corde

127 1433 253 1510 inquem
286 1431 434 1510 relinqui,
462 1450 525 1492 non
552 1442 698 1511 corpore:
733 1449 803 1491 nem
827 1449 957 1509 corpore
989 1429 1051 1492 nou

127 1514 279 1595 ereditur,
314 1513 369 1586 sed
397 1514 499 1574 corde.
541 1514 588 1574 Ite
616 1516 707 1574 etiem
738 1532 800 1575 non
833 1513 1053 1592 derelinquitur

127 1616 176 1657 res
198 1615 347 1676 corpore,
369 1596 425 1657 sed
444 1592 556 1656 effectu
578 1604 609 1660 et
630 1596 733 1658 eorde.
776 1597 827 1657 Sic
856 1615 930 1676 ergo
963 1599 1051 1658 navis

125 1699 200 1740 eum
222 1678 339 1740 retibus
362 1679 595 1757 derelinquitur,
629 1679 706 1739 fides
736 1681 817 1739 enim
841 1686 872 1739 ct
892 1681 1050 1758 possessio

126 1765 172 1822 sic
193 1760 353 1838 diffenrnt,
377 1761 460 1841 quod
480 1762 534 1822 ille
555 1764 595 1822 sit
616 1761 836 1842 sperandorum
861 1768 893 1821 et
914 1780 977 1823 non
999 1781 1051 1841 ep·

124 1847 315 1925 parentium,
348 1846 407 1905 iste
438 1864 512 1906 vero
543 1847 749 1926 praesentium
782 1851 812 1904 et
837 1846 1049 1924 apparentium

123 1948 227 1988 rerum
248 1927 438 2005 substantie3
465 1928 609 2006 quamdiu
632 1929 712 1988 enim
736 1947 791 1988 cor
810 1926 927 2006 eliquid
947 1927 1050 2005 hebet,
1073 1941 1076 1946 '

124 2030 188 2090 quo
210 2018 376 2090 praesente
399 2011 536 2090 quietum
566 2017 626 2089 est,
655 2018 686 2070 et
715 2010 843 2071 absente
872 2013 1049 2090 inquietum,
1081 2011 1083 2015 ’

124 2093 227 2154 adhuc
254 2113 317 2155 non
345 2093 439 2153 hebet
463 2092 572 2166 fidem,
609 2094 664 2153 sed
694 2113 772 2169 reni,
807 2112 875 2154 cum
908 2100 1052 2172 oportest

124 2177 271 2238 omnibus
295 2176 410 2236 relictis
433 2177 463 2235 in
485 2176 632 2236 invisibili
654 2175 818 2237 confidere.

209 2259 329 2320 Idcirco
353 2258 533 2319 difficillime
554 2279 602 2319 res
627 2266 674 2319 est
694 2279 770 2319 crux
793 2266 824 2318 et
845 2260 981 2320 omnium
1004 2279 1050 2319 re·

126 2344 214 2403 liotio
237 2351 268 2402 et
290 2342 376 2406 fides.
420 2341 502 2402 Crux
525 2345 605 2402 enim
629 2353 690 2421 est,
724 2362 820 2421 quaec
848 2343 929 2402 hunc
950 2362 1051 2403 rerum

124 2425 271 2487 affectum
294 2424 471 2504 mortificet,
505 2432 538 2485 ut
558 2428 662 2485 omnio
689 2425 856 2505 relinquet,
890 2425 944 2486 sed
973 2425 1050 2487 fides

126 2509 344 2569 mortificatum
377 2510 508 2569 sustinet
536 2510 604 2568 aliis
633 2509 740 2587 rebus,
773 2527 852 2588 quse
874 2529 935 2570 nou
958 2509 1051 2588 videt,

125 2612 184 2652 uec
209 2593 373 2672 experitur.
416 2592 546 2653 Tantum
570 2612 646 2672 ergo
669 2594 779 2652 crescit
799 2591 875 2651 fides
899 2599 929 2652 et
949 2592 1050 2653 decre·

125 2677 195 2751 scit,
220 2681 365 2753 quantum
381 2674 434 2734 ille
448 2675 575 2736 affectus
593 2677 704 2735 crescit
720 2683 751 2735 et
772 2676 931 2736 decrescit.
974 2675 1052 2736 Sunt

125 2759 209 2817 enim
232 2760 263 2817 in
285 2766 391 2818 mutuo
412 2758 504 2836 libre,
532 2764 649 2818 tantum
674 2760 755 2819 euim
778 2764 928 2837 augentur
950 2759 1050 2818 invisi·

125 2840 210 2918 bilis,
233 2848 380 2919 quantum
399 2842 573 2901 minuuntur
595 2841 734 2917 visibilia,
758 2840 858 2900 donee
880 2842 984 2899 omuie
1005 2861 1050 2902 ne·

125 2923 318 3002 linquantur,
350 2931 381 2982 et
411 2924 488 2984 haee
520 2931 568 2984 est
590 2924 666 2985 fides
689 2925 833 3004 perlecta.
876 2922 950 2982 ldeo
975 2925 1051 2984 mire

126 3014 175 3065 est
198 3007 330 3083 iustitie,
353 3026 431 3085 quoe
454 3013 501 3066 est
524 3027 563 3066 ex
585 3007 664 3086 tide,
688 3009 758 3086 quie
780 3026 843 3067 uon
865 3004 966 3066 reddit
987 3025 1049 3067 onr-

125 3089 216 3148 nibus
238 3087 358 3166 debite,
385 3088 438 3147 sed
461 3090 606 3167 relinquit
627 3093 731 3150 omnis
753 3097 784 3150 et
805 3089 887 3149 cedit
909 3088 1049 3151 omnibus

125 3172 217 3232 bonis
237 3171 285 3246 ²⁸).
329 3171 359 3232 Si
390 3174 471 3231 enirn
506 3173 647 3232 omuibus
679 3175 783 3232 omnia
808 3172 937 3232 reddere
959 3171 1049 3234 debe-

127 3274 205 3332 mus,
228 3254 295 3314 Deo
318 3274 376 3314 neo
398 3274 454 3334 pro
478 3256 566 3315 unius
590 3256 685 3317 horse
705 3257 769 3316 vita
786 3255 963 3318 satisfacere
979 3276 1048 3335 pos-

125 3356 246 3397 semus:
283 3337 354 3397 ideo
389 3358 451 3398 non
483 3339 593 3399 melior
614 3341 744 3417 iustitie,
781 3358 873 3419 quoru
895 3338 986 3413 heeo,
1017 3347 1049 3401 ut

126 3419 270 3481 omuibus
301 3421 462 3481 cedemus:
497 3428 570 3480 tuuc
597 3422 688 3482 nullis
715 3441 908 3482 remanemus
931 3422 1047 3484 debito-

126 3523 192 3581 res,
216 3502 359 3581 quemdiu
381 3509 482 3564 sertem
505 3503 620 3582 aliquid
641 3506 673 3566 iu
696 3504 807 3564 effectu
830 3513 950 3583 menet,
973 3513 1047 3566 tcm-

126 3586 178 3646 diu
199 3587 326 3664 inquieti
349 3605 462 3645 sumus.
506 3586 586 3647 uitat
613 3589 693 3648 euim
717 3595 749 3647 et
770 3593 875 3648 mouet
896 3608 952 3647 nos
975 3608 1046 3649 oon·

184 3758 214 3825 ')
238 3757 368 3826 Cogitata
383 3759 631 3824 praestantissima.
