2356 4200
351 283 838 340 F.snv....1²neruuorttuth.·
1002 278 1108 367 ee,

123 451 291 531 hominem,
314 454 396 534 quod
419 474 501 516 nuno
520 451 718 536 improbatur,
742 460 795 514 eut
813 453 975 536 collegium
994 453 1046 514 eli·

123 533 220 615 quod,
241 543 274 597 et
294 536 368 598 iilud
391 537 612 619 improbabitur
634 537 734 617 oepits
756 538 904 617 sequenti.

207 617 248 679 nt
267 619 317 680 hro
338 625 364 683 1
390 621 470 683 uode
493 621 668 682 eonsilium
680 619 819 681 dinetus?
873 656 889 685 ι

207 701 247 762 nt
268 703 297 765 2
320 703 393 783 quid
416 706 456 764 sit
477 704 621 786 generale
645 701 828 765 eonsilium?

206 784 295 849 itte.
318 786 400 882 quod
432 787 587 849 residente
616 805 678 848 ono
707 784 877 847 indubituto
898 750 1048 846 Pontiflee

122 866 189 928 eins
211 867 306 930 solius
328 870 366 929 sit
388 888 501 931 vocure
514 872 548 949 o)
580 869 761 949 oonoiliurn,
793 869 886 930 stibi
909 869 1047 931 nonnulli

122 949 198 1011 nodi
222 950 392 1015 solvuntur.

159 1090 161 1094 .
206 1033 246 1094 Et
264 1035 298 1096 ’4,
328 1041 458 1097 venante
491 1034 565 1096 sede
595 1043 626 1097 et
657 1035 709 1096 tuti
743 1036 933 1096 nenessitetis
971 1053 1047 1096 ouen

122 1123 310 1197 emergente,
333 1119 380 1179 oui
403 1119 469 1178 sine
492 1118 630 1180 Oouoilio
654 1119 771 1180 obvieri
791 1124 933 1198 nequent,
961 1118 1047 1178 euius

123 1200 163 1260 sit
185 1219 299 1261 uouere
321 1201 495 1263 conuitium.

205 1282 297 1347 Et5
318 1283 401 1364 quod
432 1291 485 1346 eut
511 1303 656 1345 romanus
685 1284 829 1360 Psessoi,
858 1291 912 1344 eut
939 1283 1048 1363 uliquis
1115 1324 1118 1329 -

123 1365 192 1425 vies
215 1367 297 1444 eius,
327 1366 418 1428 debet
439 1367 664 1448 praesidereb)
687 1374 719 1428 st
739 1385 884 1448 proeesse
906 1366 1048 1428 ooueilio.

123 1447 163 1508 Et
180 1447 220 1509 ibi
246 1449 359 1511 multoe
382 1450 478 1511 isisee
500 1451 670 1511 sententiae
692 1449 907 1530 exploduntur

127 1562 130 1571 ·
208 1530 297 1596 Etss.
329 1532 412 1613 quod
443 1531 515 1594 lieet
547 1533 688 1594 Pontifex
727 1534 880 1594 Maximus
915 1535 1049 1613 nequest

125 1619 245 1675 mutere
267 1615 369 1676 looum
392 1616 554 1692 concilii,
546 1636 575 1676 rn
598 1634 660 1697 quo
683 1615 807 1676 deeius
829 1616 948 1677 hoeresi
971 1623 1048 1677 true·

125 1702 252 1775 teretur,
274 1700 300 1758 si
322 1706 425 1759 tomen
448 1698 553 1759 Pontis
550 1719 590 1760 ex
613 1700 652 1758 sit
674 1698 878 1774 indubitatus,
900 1698 972 1759 iliud
995 1699 1051 1760 uti

79 1806 86 1816 ·
123 1797 185 1859 que
205 1788 324 1860 potest,
353 1800 415 1843 non
446 1781 588 1842 obstante
611 1781 744 1842 oonoilio
772 1780 1050 1866 Constentiensit).

208 1861 248 1923 Et
269 1867 299 1928 7
323 1863 406 1944 qnod
430 1864 632 1925 eonsilium
624 1884 684 1925 rem
706 1865 762 1924 rite
780 1872 1002 1946 congregetum
1019 1871 1051 1924 et

123 1945 274 2007 initiatum
304 1966 450 2009 romonus
477 1947 603 2009 Proesul
630 1967 670 2008 ex
707 1954 773 2008 toto
808 1955 912 2028 potest
943 1946 1059 2008 dissol-

120 2026 247 2091 verod.

205 2025 314 2176 gt&
319 2112 402 2192 quod
431 2113 555 2174 deerete
586 2102 786 2174 conuitiorum
816 2112 932 2173 nullum
954 2112 1051 2193 ligent

124 2195 172 2255 vei
202 2196 394 2276 astringunt,
427 2197 484 2256 uisi
512 2197 630 2256 romoni
658 2195 860 2270 Pontineise)
889 2197 1052 2256 autoritate

127 2275 296 2338 firmentur.
340 2279 380 2339 Et
400 2278 440 2339 ibi
465 2279 558 2338 multo
580 2279 733 2340 oontrerio
755 2277 923 2338 solvuntur.

211 2360 303 2424 nte
330 2361 414 2441 quod
447 2380 593 2422 rumonus
621 2360 746 2422 Preesui
774 2358 947 2458 exeeptos)
978 2379 1050 2421 ouen

127 2462 203 2504 sune
233 2443 403 2504 haeresis
395 2464 425 2504 m
458 2445 602 2506 exteriori
634 2445 699 2505 foro
729 2447 918 2525 superiorem
939 2443 1052 2504 hebere
1135 2515 1137 2518 Α

127 2545 189 2586 uon
212 2516 326 2606 potest,
348 2546 533 2623 quemquem
550 2547 589 2588 un
606 2525 637 2588 id
654 2528 754 2608 possit
774 2546 829 2607 per
851 2528 1051 2606 compromis-

127 2627 195 2668 sum
220 2610 382 2690 opiniones
403 2613 472 2673 sint

212 2692 286 2771 Cep.
311 2694 359 2755 12.
410 2691 535 2768 Quod
527 2712 557 2755 rn
581 2687 792 2754 ecelesiistiou
813 2691 982 2753 biererohiu
1004 2711 1052 2755 ro

128 2793 238 2835 menos
260 2774 384 2836 Proesul
415 2779 454 2835 sit
483 2775 659 2854 hierarcha,
689 2774 836 2852 iudeus)
855 2776 922 2837 sine
948 2774 1054 2872 indies

129 2857 263 2938 collegio
285 2860 441 2938 quopiam,
464 2865 503 2929 et
516 2858 626 2938 loquor
649 2857 687 2919 de
707 2851 889 2937 indubitato,
911 2876 1001 2949 senus
1022 2860 1051 2919 iu

129 2959 205 3002 uusu
229 2940 365 3002 haeresis
388 2950 441 3001 out
462 2941 646 3012 sohismetis
669 2941 706 3001 de
729 2959 791 3023 quo
816 2960 936 3022 snpru,·
928 2940 973 3002 -et
994 2941 1055 3002 hoo

130 3030 163 3084 ut
184 3024 386 3104 praelibatum
422 3031 483 3098 est
512 3031 620 3085 eontra
654 3023 875 3103 adversarium,
898 3025 949 3104 qui
976 3023 1053 3084 futu·

130 3125 197 3167 rum
211 3106 239 3185 Ι)
265 3106 436 3168 Consilium
459 3107 651 3187 provocavit.

185 3277 216 3346 s)
238 3277 516 3361 Sciiicetimpiornm
543 3276 711 3344 b)Exoepto
725 3243 1053 3346 coneiliospoetolornm‚

128 3347 199 3403 Aeto
222 3349 289 3414 15,“
282 3366 311 3401 m
331 3365 385 3417 quo
404 3347 684 3418 Jueobusprsesodit
703 3356 731 3400 et
747 3347 888 3416 Nicenos
880 3364 909 3400 ru
928 3362 984 3418 quo
1002 3349 1054 3402 Eu-

128 3421 252 3474 stoohius
271 3421 470 3475 Antiooheuus
507 3421 537 3488 e)
560 3417 900 3474 ConcilioOonstontieusi
919 3423 1054 3473 sutoritss

128 3499 238 3556 menet,
268 3499 400 3560 quuutum
429 3492 488 3546 vult
507 3491 646 3546 Silvester
683 3489 716 3557 d)
736 3489 796 3544 Hos
815 3495 843 3544 et
861 3490 946 3544 Setun
963 3497 1056 3560 potest

129 3570 158 3617 et
174 3564 305 3616 letrones.
346 3564 376 3631 e)
399 3564 487 3618 Furor
534 3565 558 3627 i)
583 3563 706 3631 Excepto
735 3578 801 3615 cusu
827 3565 1009 3616 consessionis
1027 3568 1056 3616 et
1119 3606 1154 3623 ..

127 3635 326 3706 aegritudinis,
361 3637 407 3688 ubi
436 3635 559 3689 medicus
584 3637 608 3688 ei
637 3636 765 3702 superior
787 3639 837 3688 est.
883 3641 916 3704 g)
940 3633 970 3686 td
1003 3640 1046 3689 est
1161 3634 1164 3642 '

126 3707 322 3762 Antichristus.

191 3777 275 3847 1)v1n
296 3778 338 3832 ed.
357 3778 418 3832 Jeu.
437 3783 464 3832 et
482 3778 576 3831 Witt:
596 3776 631 3830 od
649 3778 781 3832 futurum.
