2356 4200
166 282 229 354 220
482 287 630 344 Sermones
649 286 759 345 botheri

166 458 360 540 absconditi,
385 462 456 533 ideo
480 459 664 539 absconditi,
702 461 773 541 quia
793 459 930 541 mysticis
949 464 984 540 at
1004 458 1088 539 spiri-

167 543 299 605 tualibus
317 546 415 606 oculis
441 545 578 606 'visibiles
600 552 631 606 et
644 546 674 605 in
689 544 799 605 eodem
819 545 895 604 lucis
908 544 1007 603 omnis
1018 543 1088 603 fons

168 633 200 688 at
220 629 350 706 caritas,
373 629 481 708 quibus
504 633 629 689 ornatur
650 627 787 689 allectus.
829 627 870 687 Et
898 627 942 687 sic
962 630 1089 706 propter

167 714 328 791 utrumque
359 711 433 772 dicit
462 712 623 791 apostolus
645 711 662 774 t
687 712 756 772 Gor.
779 710 813 773 1:
845 709 928 790 quod
950 709 1087 769 Christus

167 794 208 854 sit
225 793 318 855 nobis
340 793 439 856 lactus
462 797 573 854 caritas
595 790 650 874 pro
673 794 784 855 affectu
807 800 839 853 et
860 793 1011 872 sapientia
1028 792 1087 851 Del

166 896 223 956 pro
246 877 413 940 intellectu.
458 877 518 937 sed
545 878 672 938 ludaeis
695 876 872 937 scandalum
896 895 951 956 pro
975 874 1087 935 affectu

168 963 200 1020 et
227 960 369 1040 gentibus
402 961 528 1021 stultitia
564 980 620 1040 pro
657 960 824 1020 intellectu.
878 960 973 1039 igitur
1005 956 1089 1039 finge

167 1043 333 1123 iustitiam,
363 1044 512 1124 pondera,
535 1063 614 1122 quae
635 1050 742 1123 putas,
765 1043 865 1106 omnis
893 1040 1087 1122 pulchritudo

168 1131 200 1186 et
221 1127 341 1205 species
370 1128 409 1186 sit
439 1127 469 1186 in
492 1127 595 1206 aliquo
617 1146 679 1186 uno
702 1127 792 1204 loco,
820 1126 852 1184 in
881 1144 942 1185 uno
965 1125 1088 1184 cumulo

168 1206 345 1268 viderentur
376 1229 483 1269 omnes
513 1211 698 1289 sapientiae,
737 1209 904 1284 scientiae,
922 1214 1023 1269 :artes
1058 1214 1090 1267 et

168 1290 314 1371 quidquid
337 1292 526 1353 intellectum
548 1297 653 1372 potest
674 1311 785 1371 cnara,
816 1298 848 1352 et
868 1290 956 1351 simul
980 1308 1087 1351 omnes

117 1425 120 1429 .
168 1375 295 1434 virtutes
319 1381 352 1434 ut
372 1375 543 1454 humilitas,
573 1394 659 1455 spes,
687 1374 780 1453 lldes,
810 1375 935 1452 caritas,
964 1375 1088 1450 mititas,

167 1456 297 1534 iustitia,
320 1459 550 1537 misericordia,
582 1477 660 1538 pax,
687 1459 854 1537 patientia,
884 1457 1089 1518 modestiaet

168 1539 315 1618 quidquid
338 1539 479 1601 affectum
503 1561 614 1602 ornare
635 1547 666 1601 et
693 1540 847 1601 delectare
875 1546 985 1620 potest.
1037 1538 1089 1599 Sic

169 1621 321 1685 diceretur
342 1624 435 1704 vulgo
452 1624 491 1686 de
509 1624 611 1702 aliquo
631 1623 723 1685 docto
736 1630 768 1683 et
784 1629 891 1683 sancto
905 1623 986 1682 viro:
1018 1621 1089 1684 *bct

168 1703 201 1779 ta
223 1707 265 1768 ein
287 1707 342 1784 lein
363 1705 471 1781 illurn
493 1707 544 1767 hic
566 1714 613 1767 est.
634 1706 829 1786 pulcherrir,
854 1704 1088 1784 scilicetpulcb-

168 1787 299 1849 ritudiue
321 1790 470 1851 scientiae
488 1799 518 1850 et
540 1791 719 1868 sanctitatis,
742 1795 773 1849 et
795 1795 919 1867 contra,
942 1788 1019 1848 haec
1041 1794 1089 1847 est

168 1870 261 1932 foeda
282 1874 437 1934 meretrix.
480 1873 510 1934 Si
529 1875 610 1932 enim
623 1872 684 1933 hoc
706 1871 841 1951 optabile
863 1878 894 1931 et
915 1870 1021 1931 videre
1043 1889 1088 1930 es·

168 1960 217 2014 set
237 1955 396 2034 pulchrum
419 1950 638 2036 spectaculum,
661 1956 834 2035 aperiamus
857 1954 964 2015 oculos
988 1953 1088 2014 cordis

167 2038 265 2097 nostri
296 2045 327 2098 et
348 2040 545 2118 inspiciamus
570 2045 697 2098 tantum.
741 2037 824 2098 Ecce
846 2039 927 2097 enim
949 2038 1033 2097 Deus
1055 2037 1086 2096 in

168 2138 230 2181 uno
248 2120 342 2181 verbo
360 2122 539 2182 abbreviato
557 2123 661 2182 omnia
675 2122 734 2181 iata
749 2122 981 2197 consummarit,
997 2127 1031 2178 ut
1051 2120 1091 2179 sit

168 2203 257 2263 nobis
280 2223 352 2264 vere
374 2205 499 2265 verbum
517 2205 698 2265 abbrevians
719 2211 750 2264 et
768 2221 995 2280 consummans,
1018 2204 1090 2281 quia

169 2288 271 2346 omnia
289 2288 347 2346 ista
358 2287 408 2346 hic
420 2307 483 2348 non
497 2289 624 2348 mortuis
637 2288 731 2347 literis
747 2293 778 2346 et
790 2285 903 2366 liguris,
913 2293 951 2345 ¹ut
962 2287 992 2345 in
1005 2284 1089 2346 libris

168 2369 251 2448 picta
272 2370 424 2449 scriptave
441 2378 520 2447 sunt,
543 2370 597 2430 sed
620 2371 650 2429 in
674 2371 804 2429 minimis
827 2368 971 2449 operibus
993 2374 1023 2427 et
1043 2387 1088 2427 re-

169 2449 267 2511 alibus
296 2453 402 2532 signis.
452 2454 512 2514 Tot
540 2455 621 2514 enim
648 2454 768 2513 litterae
796 2452 932 2532 singulas
962 2452 1089 2510 virtutes

169 2533 219 2595 hie
240 2535 378 2615 signant,
409 2545 485 2618 quot
506 2543 626 2618 guttas,
659 2535 805 2614 verbera,
837 2536 915 2595 ictus
936 2534 1088 2593 Dominus

167 2617 289 2698 patitur.
332 2618 411 2678 Nam
446 2622 476 2679 in
508 2620 646 2699 quolibet
675 2619 796 2678 illorum
819 2618 903 2677 velut
925 2619 1014 2698 signo
1037 2621 1090 2676 aut

168 2699 270 2760 littera
298 2707 350 2760 aut
377 2703 497 2783 integro
525 2703 620 2763 verbo
651 2701 821 2762 ostenditur
849 2700 902 2760 tibi
925 2699 1089 2777 humilitas,

167 2783 296 2860 mititas,
335 2786 462 2862 caritas,
490 2786 648 2865 patientia.
692 2784 769 2843 Nam
791 2783 931 2861 discerne
952 2802 1008 2862 per
1030 2783 1089 2842 sin-

168 2866 241 2946 gula
262 2873 294 2926 et
315 2867 399 2927 disce
421 2870 451 2928 in
474 2869 534 2930 hoc
554 2868 678 2928 realiter
698 2868 812 2948 legere,
835 2865 906 2945 quid
928 2864 1090 2945 significet,

169 2948 251 3029 quod
278 2949 367 3010 sudat
388 2954 568 3031 sanguinem
601 2956 652 3026 (ut
671 2952 791 3010 interim
815 2956 970 3010 taceamus
1001 2948 1088 3007 intel-

168 3032 283 3107 lectus,
316 3033 503 3094 eruditiones
532 3041 563 3094 et
584 3033 780 3114 prophetias)
805 3051 917 3112 nempe
939 3050 1088 3090 summam

168 3134 224 3195 pro
246 3122 278 3175 te
300 3117 477 3192 caritatem,
506 3136 654 3177 summam
677 3122 803 3196 propter
825 3121 855 3176 te
876 3114 1089 3190 humilitatem,

167 3199 357 3278 patientiam,
373 3200 622 3275 misericordiam,
634 3200 791 3275 iustitiam,
807 3217 926 3277 paoem,
941 3196 1087 3257 salutem:

169 3280 241 3361 quid
265 3280 426 3362 significet,
450 3283 532 3362 quod
555 3283 721 3362 percutitur
744 3282 852 3360 alapa,
879 3298 993 3360 nempe
1014 3280 1089 3339 cari-

168 3371 261 3424 tatem
285 3383 445 3444 summam,
467 3367 657 3446 patientiam,
684 3363 902 3423 humilitatem:
930 3361 1001 3440 quid
1030 3363 1089 3441 sig-

168 3446 273 3506 nificet
294 3451 418 3528 sanguis
440 3451 519 3508 inter
539 3448 671 3529 flagella,
694 3448 798 3525 spinas
821 3451 852 3506 et
873 3445 987 3521 clavos,
1010 3463 1089 3504 sum-

167 3548 249 3589 mam
280 3532 453 3614 caritatem,
489 3539 520 3591 et
549 3534 593 3591 sio
619 3531 658 3592 de
687 3531 796 3589 ceteris
825 3529 952 3608 singulis
984 3546 1089 3606 prose·

168 3611 301 3692 quando.
346 3615 405 3675 Pro
427 3615 584 3675 intellectu
606 3621 707 3674 autem
731 3612 802 3692 quid
834 3610 1003 3692 significat,
1031 3611 1089 3669 nisi

169 3701 256 3754 utet
278 3703 309 3755 tu
331 3699 376 3757 sic
397 3698 509 3758 similia
529 3698 654 3777 patiaris
676 3696 708 3754 in
730 3715 822 3756 carne
844 3701 876 3754 et
904 3693 1027 3772 spiritu,
1057 3699 1090 3751 ut

169 3777 290 3859 legitur.
334 3779 448 3861 lgitnr,
480 3786 514 3841 ut
536 3779 615 3859 dixi,
645 3778 754 3841 oculos
776 3776 951 3859 spirituales
973 3776 1089 3856 speria
