2356 4200
311 305 410 356 contra
429 301 521 373 llellg.
539 300 660 359 loliano.
678 302 752 359 Eccii
771 304 860 360 ludio.
987 300 1049 370 486

130 474 163 544 in
184 490 257 534 suas
281 490 379 553 nugas
393 471 518 534 molitur
532 473 759 534 transformare.
781 472 877 534 Vides
898 475 968 546 iam,
991 474 1051 536 huc

129 557 251 618 rodone
272 553 400 617 Eccium
430 573 537 615 omnes
569 556 715 616 articulos
737 554 874 618 Vuicleff
905 563 936 616 et
957 555 1048 636 Huss,

127 639 327 718 omniumque
346 637 553 699 Bohemorum
576 640 763 717 asseruisse,
793 639 967 701 defendisse
998 640 1048 703 de·

125 727 230 798 creta,
269 739 439 800 omnesque
459 721 639 782 Decretales
661 740 850 801 evacuasse,
884 723 1047 784 concilium

128 803 367 866 Constantienee
397 803 595 865 articulorum
618 803 830 866 damnatorum
854 813 947 886 ceput
967 805 1049 867 denr-

124 906 228 965 nasse,
250 892 282 948 et
302 885 433 947 mirabili
444 886 557 947 circulo
580 886 611 947 id
628 887 749 966 lusisse,
771 894 813 965 ut,
835 888 976 969 dnmpro
1000 906 1048 950 eo-

127 971 224 1032 clesia
247 975 355 1031 contra
376 969 532 1030 Bohemos
554 978 694 1052 pugnat,
726 970 812 1033 velut
830 972 956 1032 insanus
977 989 1049 1033 con-

126 1059 174 1114 tra
196 1053 358 1115 ecclesiam
381 1071 437 1132 pro
460 1052 606 1113 Bohemis
630 1053 806 1133 triumphat.

209 1135 313 1196 Tertio
336 1142 368 1196 et
387 1134 478 1196 illud:
500 1135 546 1196 Tu
558 1155 591 1196 es
602 1137 709 1197 Petrus
725 1143 794 1214 etc,
817 1136 940 1216 qnando
952 1136 1048 1199 verbe

126 1219 238 1280 consti
260 1225 331 1280 sunt
352 1225 474 1298 aperte,
497 1237 560 1279 non
582 1218 715 1294 cuilibet,
738 1219 793 1280 sed
815 1219 907 1281 beato
931 1218 1049 1281 Simoni

125 1303 277 1379 Bariana,
314 1302 365 1381 qui
386 1300 544 1362 revelante
565 1301 655 1362 Patre
677 1301 829 1364 Christum
860 1308 1050 1382 cognoverat

128 1393 159 1447 et
181 1384 341 1446 coufessus
363 1383 471 1462 iuerat,
494 1383 607 1444 dictum
631 1390 695 1445 est:
718 1384 764 1445 Tu
786 1405 819 1446 es
842 1386 959 1465 Petrus,
980 1384 1049 1446 Tibi

126 1467 219 1531 dsbo.
251 1466 323 1528 Non
344 1468 518 1546 permittam
541 1466 602 1528 hoc
623 1466 718 1527 Eccio
741 1487 822 1544 meo,
845 1473 879 1529 ut
900 1468 961 1528 hoc
982 1487 1047 1528 ver-

126 1551 199 1613 bum
220 1549 274 1610 ulli
295 1549 383 1611 alteri
405 1554 499 1630 aptet,
522 1566 614 1629 quam
637 1549 675 1627 ei,
699 1551 748 1629 qui
772 1550 879 1610 similis
901 1550 1048 1631 sitPetro,

126 1632 245 1695 hebens
267 1631 378 1693 Christi
399 1632 636 1712 revelationem,
671 1639 704 1693 et
728 1634 866 1712 spiritum
899 1640 1048 1698 sanctum.

126 1716 206 1778 Nam
227 1714 320 1777 talem
346 1733 558 1776 successorem
571 1715 662 1777 Petro
684 1715 870 1777 huecverbe
890 1723 1049 1796 quaerunt,

127 1818 187 1861 uec
216 1798 382 1879 quidquam
416 1798 533 1859 faciunt
558 1796 598 1858 ad
631 1817 858 1879 successorem,
892 1801 958 1860 sine
987 1797 1049 1861 lide

126 1882 223 1959 Petri,
241 1881 293 1962 qui
316 1880 487 1963 aliisquam
509 1881 575 1941 istis
590 1881 692 1943 verbis
714 1883 806 1943 statui
823 1880 924 1943 debet.
947 1881 1049 1958 Quare
1107 1928 1110 1933 .

127 1967 234 2026 iterum
257 1963 368 2024 Eccius
380 1965 544 2024 Donatista
566 1963 773 2044 etPighurdus
794 1965 914 2046 cogitur
936 1963 1048 2045 dicere,

74 2069 79 2075 ·
127 2047 227 2109 melos
248 2045 411 2128 pontifices
432 2064 495 2107 nou
519 2065 588 2106 esse
608 2046 787 2127 pontifices,
811 2053 865 2108 aut
882 2047 965 2108 hunc
986 2055 1049 2108 tex·

126 2139 190 2191 tum
215 2128 255 2191 ad
275 2128 375 2190 malos
396 2147 458 2190 non
480 2129 645 2209 pertinere,
668 2127 725 2191 sed
746 2136 864 2192 tautum
886 2128 1053 2209 edbonos3

127 2219 160 2274 et
180 2213 280 2275 bonos
302 2218 403 2273 certos
426 2211 456 2290 ¹)
482 2230 574 2273 nemo
596 2214 692 2274 novit.

211 2294 322 2370 Quare,
342 2296 373 2355 in
404 2313 539 2374 persona
566 2295 717 2356 ecclesiae
737 2296 807 2374 ipsa
840 2315 896 2376 per
914 2295 1049 2375 =Petrum

128 2377 212 2440 diota
233 2383 358 2459 oportet
377 2376 524 2458 intelligi,
552 2395 612 2438 neo
632 2377 726 2439 hebet
745 2377 874 2452 Eccius,
897 2376 980 2458 quod
1000 2378 1051 2439 hic

128 2460 293 2540 obtendat,
323 2461 383 2521 nisi
414 2460 495 2521 sorte
524 2461 657 2520 maiores
679 2462 825 2521 insanias.
858 2459 935 2522 Cum
968 2461 1050 2522 enini

126 2545 274 2625 primatus
295 2543 399 2623 Papae
421 2543 460 2602 sit
480 2561 530 2603 res
551 2549 676 2623 neutra,
704 2551 816 2624 potens
847 2542 1050 2604 administrari

127 2633 192 2688 turn
214 2625 360 2704 ebonis,
397 2628 460 2686 tum
483 2645 502 2685 a
523 2625 628 2704 melis,
660 2633 761 2686 textus
790 2633 892 2687 aulem
914 2626 965 2687 hic
987 2644 1050 2688 non

127 2709 166 2774 de
187 2727 221 2770 re
242 2716 360 2788 neutra,
383 2708 438 2769 sed
460 2709 645 2784 necessarie,
668 2709 786 2770 scilicet
805 2708 877 2788 fide,
897 2709 1050 2788 loquetur,

128 2791 240 2853 deinde
259 2793 407 2872 primatus
428 2809 478 2851 res
500 2791 680 2871 temporalis
702 2797 881 2872 etexterna,
902 2790 979 2853 fides
1000 2809 1050 2852 res

128 2875 294 2956 spiritualis
317 2880 350 2934 et
368 2874 500 2953 interna,
521 2872 635 2934 clerum
650 2881 725 2954 puto
738 2875 846 2952 cuivis,
868 2894 960 2957 quam
978 2873 1051 2954 apte

109 2957 264 3040 ,Ecciaue
284 2957 440 3018 temeritas
462 2956 540 3016 heec
562 2957 657 3018 verbu
679 2957 717 3018 de
750 2959 882 3038 primatu
904 2961 1050 3037 exponat.

210 3040 271 3104 Sed
308 3040 432 3119 etipse
462 3039 598 3100 sentiens
620 3039 875 3121 Chrysostomum
898 3039 955 3101 sibi
977 3057 1049 3101 con·

129 3125 253 3186 trarium
276 3122 371 3202 addit,
392 3121 476 3203 quod
498 3123 605 3182 Petrus
627 3140 683 3203 pro
707 3122 858 3199 apostolis
880 3120 1050 3203 responde

127 3208 182 3285 rit,
218 3213 323 3268 tamen
354 3225 390 3267 os
419 3211 451 3267 et
473 3210 580 3266 vertex
601 3204 812 3286 apostolorum
836 3204 955 3268 dicitur.
982 3203 1052 3266 Hoc

128 3291 210 3351 enim
230 3288 325 3368 volui,
347 3288 544 3369 quodPetrue
567 3289 606 3348 sit
627 3288 918 3369 osopoetolorum,
941 3293 972 3348 et
993 3303 1051 3368 pro

128 3372 280 3453 apostolis
300 3370 486 3450 respondet,
510 3371 593 3450 quod
615 3378 646 3432 et
666 3369 873 3452 Hieronymus
895 3369 1051 3432 hocloco

128 3453 211 3534 dicit,
233 3472 307 3536 ergo
329 3473 393 3514 non
411 3455 444 3514 in
465 3472 600 3534 persona
621 3473 694 3532 sua,
716 3454 771 3515 eed
794 3454 929 3516 omnium
952 3452 1050 3533 loqui·

128 3543 185 3599 tur.
206 3536 256 3598 Au
278 3553 340 3597 non
358 3535 470 3599 Eccius
492 3536 611 3616 deliret,
633 3536 716 3616 quod
738 3537 816 3599 haec
836 3553 895 3616 pro
915 3553 1051 3616 persona

126 3619 210 3683 Petri
230 3618 347 3680 inducit
367 3625 476 3680 contra
496 3637 562 3699 me,
599 3637 679 3700 quae
698 3619 831 3701 ipsemet
861 3619 973 3680 latetur
992 3625 1055 3699 pro*

199 3799 232 3870 1)
248 3799 281 3855 ln
299 3799 344 3858 sd.
361 3798 440 3858 lem:
458 3804 540 3856 certe.
