2356 4200
454 291 562 351 Contra.
573 288 650 347 obet.
669 288 752 344 Eccii.
999 285 1062 355 435

142 479 206 522 uos.
220 460 397 521 animabus:
441 461 626 523 Miseremini
644 461 719 538 mei,
746 459 854 520 saltem
875 479 946 542 vos,
969 463 1061 523 amici
1171 509 1174 523 .

144 545 211 621 mei,
235 545 307 623 quia
329 563 437 605 manus
459 544 584 604 Domini
606 545 706 623 tetigit
727 562 786 620 me,
810 549 841 605 et
862 561 932 605 cum
953 546 1062 606 cariore

142 633 201 687 tem
226 627 283 687 Dei
304 627 440 688 habeant
461 633 492 686 et
512 645 660 701 amorem,
682 625 797 686 vellent
818 630 1061 707 quamprimum

142 709 279 788 copulari
304 717 336 768 et
365 711 445 769 uniri
464 709 547 786 Deo,
576 709 683 770 ultimo
710 707 764 771 fini
798 708 949 771 ordinate.
992 710 1062 773 lioc

142 811 202 869 nou
215 791 262 857 ,lit
282 793 340 852 nisi
362 810 466 871 poena
487 792 588 853 soluta
610 797 663 857 aut
684 799 894 871 compensate.

219 875 309 937 Luth.
331 875 399 956 Ego
422 875 480 935 nisi
501 874 725 955 hiclegissem,
749 893 810 935 non
824 876 983 937 scivissem
996 879 1059 936 nni·

141 977 205 1019 mas
226 957 267 1021 ed
289 978 348 1023 nos
367 958 519 1032 clamare,
550 965 581 1019 ct
604 977 715 1036 cupere
744 957 783 1017 ad
816 959 915 1020 Deum
943 960 1057 1040 venire,

141 1041 219 1104 adeo
242 1061 339 1101 novas
363 1048 395 1102 et
414 1039 566 1101 inauditae
584 1041 700 1119 profert
712 1040 821 1101 Eccius
839 1060 926 1103 sacer
949 1041 1060 1103 doctor
1079 1002 1117 1077 ᾗ,

141 1124 305 1202 doctrinas,
329 1131 360 1184 et
380 1122 450 1184 ideo
476 1124 583 1182 mirum
607 1123 679 1182 mihi
702 1129 757 1202 est,
780 1132 887 1185 contre
908 1143 1058 1204 quosnam

141 1209 305 1286 posuerim,
318 1209 451 1269 facessat
462 1208 571 1283 ironia,
592 1207 787 1267 miseratione
800 1209 903 1286 potius
914 1227 991 1287 opus
1003 1216 1058 1269 est.

220 1292 297 1353 Peto
308 1292 412 1369 itaque
426 1289 583 1368 quomodo
597 1289 863 1368 intelligatllccius
876 1310 932 1351 sna
944 1290 1058 1354 verba?

140 1371 217 1447 Quid
249 1380 298 1435 est
324 1374 406 1435 enim
436 1373 503 1433 Deo
535 1372 616 1433 velle
640 1372 777 1450 copulari
800 1373 962 1435 ordinate?
1005 1375 1057 1436 An

139 1475 199 1517 non
223 1464 271 1517 est
292 1459 350 1534 ita,
384 1463 417 1515 nt
445 1475 508 1516 non
531 1474 610 1533 quae
632 1474 688 1513 sua
709 1461 780 1515 sunt
807 1464 971 1534 quaerant,
999 1477 1059 1519 nec

139 1547 264 1619 propter
285 1560 336 1617 se,
359 1539 414 1599 sed
436 1545 561 1618 propter
583 1539 640 1599 Dei
662 1538 792 1616 gloriam
815 1545 846 1598 et
866 1540 1058 1601 voluntatem

138 1623 233 1687 velint
253 1623 321 1683 Deo
345 1622 502 1702 copulari?
528 1619 625 1695 ..Quid
647 1622 672 1679 si
697 1639 779 1680 nnnc
798 1622 882 1683 Deus
904 1623 980 1682 velit
1001 1643 1055 1684 eas

137 1724 198 1767 non
215 1707 293 1766 ¹cito
327 1706 384 1766 sibi
419 1704 580 1783 copulari?
612 1723 652 1763 an
688 1723 750 1763 non
780 1711 811 1765 et
842 1705 941 1785 ipsae·
961 1706 1057 1768 velint

135 1787 238 1855 idum?

137 1928 159 1935 ..
219 1870 280 1937 fleu
302 1869 374 1949 quid
397 1877 458 1931 tam
482 1870 691 1932 ecelesiastica
714 1869 988 1935 cum-Scholastica
1010 1871 1054 1932 lo.

133 1954 230 2032 quor?
274 1954 343 2012 Mea
364 1973 438 2033 ergo
463 1973 557 2012 causa
579 1951 756 2032 disputandi
776 1954 834 2017 suit
853 1954 947 2030 haec,
969 1955 1054 2032 quod

132 2056 194 2098 nou
220 2036 373 2119 vitiaretur
394 2036 585 2115 impossibile
612 2036 729 2113 aliquas
746 2037 870 2101 <animas
902 2036 985 2096 nolle
1014 2037 1053 2098 de

130 2122 241 2199 poenis
263 2119 387 2193 redimi,
421 2121 500 2178 sicut
530 2118 638 2197 legitur
660 2120 691 2177 in
714 2120 907 2179 sermonibus
929 2118 1068 2180 Tauleriv

131 2203 308 2282 exemplum
329 2203 450 2282 insigne
473 2200 654 2279 dequadam
678 2203 807 2280 virgine,
829 2203 922 2262 ctiam
945 2202 984 2261 ad
1008 2204 1052 2263 in,

129 2286 347 2365 ferni-poenas
370 2304 438 2345 sese
461 2284 616 2361 tradente,
646 2303 700 2362 pro
725 2284 884 2345 voluntate
905 2285 972 2349 Dei.
1013 2285 1055 2346 Elt

129 2369 233 2446 Moses
255 2377 347 2447 atque
370 2366 572 2447 apostolus*)
604 2367 768 2427 voluerunt
792 2368 860 2428 Deo
894 2386 999 2429 carere
1021 2371 1052 2430 in

129 2460 307 2527 aeternum,
336 2470 391 2530 pro
421 2451 578 2510 voluntate
606 2452 681 2510 eius.
725 2450 810 2511 Sicut
832 2457 864 2510 et
884 2470 999 2530 sponsa
1021 2454 1067 2513 iu*

129 2536 321 2610 canticis**)
346 2534 439 2593 audet
462 2540 496 2592 et·
513 2534 601 2610 dicit,
630 2534 728 2592 Fortis
750 2540 784 2592 ut
805 2552 887 2593 mors
915 2534 1050 2614 dilectiO,

128 2625 160 2678 et
182 2618 259 2678 dura
280 2620 358 2676 siout
379 2617 516 2676 infernus
538 2617 713 2676 centulatio.
758 2616 797 2675 nt
829 2615 905 2676 illud
936 2622 962 2679 l.
997 2617 1049 2678 Ss-

127 2701 239 2767 muelis
262 2702 296 2762 2:
339 2700 470 2759 Deducit
491 2694 531 2765 ad
552 2699 666 2759 inferos
697 2706 729 2758 et
754 2699 881 2759 reducit.
933 2701 1047 2760 Verum
1089 2707 1090 2711 ’

126 2784 307 2845 scholastici
326 2783 469 2851 doctores
492 2781 665 2843 fabulantur
688 2801 749 2842 non
773 2781 811 2842 de
833 2782 912 2859 forti,
935 2782 992 2843 sed
1009 2783 1048 2843 de

126 2867 215 2929 molli
237 2868 378 2941 caritate,
405 2885 467 2925 non
491 2885 571 2943 quae
593 2865 673 2924 mele
696 2865 782 2942 ferat,
805 2864 860 2925 sed
881 2864 964 2925 bona
984 2872 1049 2927 tau·

126 2957 191 3010 tum
212 2957 348 3028 quaerat,
370 2948 400 3007 id
424 2955 480 3024 est,
504 2949 785 3026 concupiscentiam
809 2949 856 3007 sui
878 2947 1049 3028 commodi,

124 3033 198 3093 ideo
219 3034 263 3091 sic
284 3038 446 3112 nugantur.
575 3037 578 3043 “

211 3115 265 3174 Ec.
288 3116 335 3174 De
357 3114 504 3174 Severino
527 3115 613 3172 iuxta
635 3113 696 3172 hoc
718 3113 856 3173 ultimum
884 3112 1047 3174 dicendum

125 3207 183 3261 est.
226 3197 365 3259 Historia
387 3197 460 3256 mihi
481 3215 545 3256 non
570 3198 710 3274 occurrit,
734 3196 789 3256 sed
814 3195 933 3274 puellus
947 3197 1047 3257 adhuc
1112 3218 1115 3225 ·

122 3282 270 3344 undecim
292 3301 441 3341 annorum
466 3280 588 3339 memini
608 3280 731 3358 legisse,
745 3286 853 3358 patruo
867 3277 1047 3340 Severinum

124 3366 321 3445 apparuisse,
350 3372 381 3423 et
407 3364 623 3443 purgationem
644 3381 730 3421 suam
755 3381 822 3421 cum
846 3380 940 3425 causa
962 3382 1046 3424 reve-

125 3448 224 3526 lasse,
251 3467 293 3510 ,ac
325 3448 472 3511 sacellani
501 3447 547 3504 sui
574 3464 681 3523 preces
714 3445 905 3524 implorasse.
954 3445 1045 3519 Quod

125 3531 318 3593 conclusioni
339 3529 531 3591 Lutherauae
554 3537 712 3607 repugnat.
758 3528 844 3589 Atei
866 3529 925 3605 ite,
954 3528 1045 3591 debe-

1137 3694 1157 3737 ε

179 3817 209 3880 ⁸)
230 3814 319 3869 Exod·
339 3814 382 3869 32.
417 3815 517 3869 noma.
537 3817 562 3872 9.
602 3819 648 3883 “·)
671 3816 776 3870 Gentio.
795 3818 823 3875 8.
992 3708 1091 3865 Α
1161 3828 1169 3840 ·

770 3943 840 4014 28⁸
