2356 4200
211 354 214 357 ,
330 285 374 341 n.
394 286 459 340 sun.
477 286 562 342 rec.
583 285 618 340 su
636 285 670 340 n.
685 285 862 377 uocum.
988 277 1050 347 107

129 455 273 535 mselitis,
295 456 500 538 sanguisugis,
521 455 682 537 Sybsritis,
699 454 881 534 Zodoruitis,
901 453 1051 517 Antichri-

125 540 184 600 stis
207 539 312 600 orbem
341 546 438 600 totum
461 539 539 600 lictis
564 538 616 621 (ut
637 539 743 599 Petrus
766 538 802 613 ⁴⁵)
832 536 1047 620 prophetavit)

128 621 230 682 verbis
254 622 470 684 seducentibus
490 622 601 683 modus
623 623 731 702 aliquis
753 629 894 701 ponetur.

212 704 288 766 Oum
311 707 416 784 itaque
437 706 567 766 futurum
585 705 719 782 videant,
741 712 775 765 ut
795 705 957 765 coucilium
980 720 1049 783 pro

127 787 234 848 hibere
256 796 431 868 nequeant,
462 787 582 869 fingunt
603 789 717 869 Pepem
741 807 811 849 esse
835 806 929 868 supra
950 787 1051 849 cond*

126 871 225 950 lium,
248 872 315 932 siue
336 873 401 933 eius
424 873 588 933 autoritate
609 872 725 932 nullum
748 873 835 953 cogi,
856 870 972 935 nullum
995 868 1050 931 du·

127 973 207 1031 rere,
229 955 346 1015 nullum
367 955 516 1035 obligare,
539 962 570 1016 et
587 974 711 1035 prorsus
732 955 807 1016 nihil
829 955 931 1016 locere
953 952 1049 1015 ullum

125 1037 316 1113 concilium,
333 1040 434 1118 ipsum
455 1057 529 1098 vero
552 1039 665 1118 Pepem
689 1056 758 1099 esse
779 1038 918 1119 regulam
942 1035 1050 1098 iufulli

130 1120 223 1180 bilem
252 1121 411 1196 veritatis,
448 1129 587 1182 autorem
621 1121 840 1202 intelligendae
871 1120 1049 1199 scripturae.

127 1201 247 1277 Quibus
268 1202 423 1283 figmentis
444 1211 476 1265 et
491 1205 661 1266 mendaciis
696 1204 764 1285 plus
787 1223 878 1283 quom
901 1201 1049 1277 tartareis,

125 1286 155 1346 si
176 1293 328 1367 cogentur
349 1288 511 1348 concilium
535 1288 712 1366 admittere,
733 1294 836 1349 temen
859 1293 931 1348 ente
952 1283 1049 1349 eluso

126 1368 197 1443 rint,
217 1387 310 1448 quem
320 1369 496 1448 cdmitteut,
510 1377 545 1431 et
565 1372 610 1432 sic
620 1370 754 1451 undique
767 1370 948 1450 impunitam
962 1386 1047 1433 suem

125 1450 295 1513 Sodomam
320 1459 351 1512 et
373 1453 562 1533 Babylonem
583 1452 778 1515 redemerint.
929 1520 934 1528 ,

210 1534 285 1595 lllilri
305 1555 380 1597 vcro
403 1536 531 1615 videtur,
554 1537 580 1596 si
601 1538 647 1597 sic
668 1543 779 1618 pergat
798 1536 882 1598 iuror
902 1536 1047 1597 Romani·

125 1624 263 1696 stenem,
291 1619 407 1678 nullum
429 1620 578 1699 reliquum
602 1639 671 1681 esse
689 1619 881 1696 remedium,
903 1637 994 1698 quum
1016 1624 1051 1679 ut

125 1701 316 1780 imperetur,
353 1721 444 1782 reges
473 1704 728 1783 etprincipesni
751 1704 896 1765 eternis
917 1702 1050 1763 accincti
1094 1706 1101 1715 ’

124 1778 348 1864 aggredientur
385 1785 440 1846 hes
470 1793 574 1866 pestes
606 1785 689 1848 orbis
717 1791 881 1856 terrerum,
922 1803 1048 1863 remque

128 1884 193 1926 non
214 1867 275 1928 iem
298 1868 419 1945 verbis,
447 1867 501 1929 sed
530 1870 609 1930 ferro
638 1870 814 1930 decernant·
857 1867 938 1943 Quid
966 1868 1047 1930 enim

126 1948 237 2009 ludent
257 1951 368 2030 perditi
389 1951 546 2028 hornioes,
568 1953 665 2012 *etium
685 1952 843 2012 comumni
876 1968 968 2010 seusu
989 1951 1060 2030 pri·x

127 2033 200 2099 veti,
221 2052 315 2111 quem
339 2034 370 2094 id
390 2034 475 2114 quod
485 2035 682 2096 anticrucem
693 2035 829 2096 fecturus
848 2032 1046 2113 praedicitur,

124 2133 166 2174 so
186 2116 213 2174 si
235 2135 292 2176 nos
313 2118 541 2194 insonenticrcs,
559 2137 655 2197 quesn
676 2118 775 2178 munci
793 2124 881 2192 sunt,
903 2115 1047 2178 habeant.

209 2197 243 2258 Si
266 2200 347 2260 sures
368 2199 462 2280 lurco,
484 2202 509 2260 si
532 2201 669 2261 lnlrones
689 2201 806 2280 gladio,
828 2201 853 2260 si
874 2199 1047 2260 haereticos

125 2280 201 2361 igne
220 2282 393 2361 plectimus,
417 2303 471 2344 cur
491 2302 553 2343 nou
575 2284 677 2364 magis
697 2282 756 2344 uos
770 2284 933 2363 magistros
948 2281 1047 2362 perdi-

126 2363 242 2440 tionis,
267 2365 327 2426 lrcs
349 2365 543 2445 Gordineles,
574 2366 633 2427 lros
656 2366 756 2447 Pnpss
785 2373 932 2427 ettotam
954 2366 1045 2425 istum

125 2464 273 2507 romense
294 2447 451 2510 Sodomae
472 2449 659 2527 colluviem,
694 2468 773 2528 quse
794 2449 956 2511 ecelesiam
986 2447 1046 2509 Dei

122 2529 194 2589 siue
213 2529 275 2590 lire
296 2534 482 2611 corrumpit,
507 2532 653 2614 dumibus
682 2533 773 2592 ermis
793 2532 985 2611 impetimus,
1013 2537 1048 2592 et

124 2630 234 2672 nouus
264 2619 385 2676 nostres
411 2617 617 2696 insanguine
638 2616 766 2676 istorum
788 2613 949 2675 levemus?
981 2621 1047 2674 ton·

123 2712 217 2773 quam
239 2715 259 2756 e
281 2700 435 2757 communi
455 2705 489 2759 et
505 2699 641 2759 omnium
659 2697 922 2778 periculosissimo
943 2697 1047 2757 incen·

122 2775 179 2837 dio
202 2798 260 2839 nos
282 2787 468 2860 nostrosque
488 2781 654 2843 liberaturi.
677 2781 704 2842 0
726 2781 831 2841 felices
852 2779 1046 2857 christianos,

124 2859 229 2921 ubiubi
251 2862 377 2941 fuerint,
409 2863 505 2924 modo
529 2864 584 2924 sub
615 2863 670 2923 teli
699 2881 828 2924 romono
854 2854 1045 2939 emiolirislo,

125 2943 205 3004 sicut
226 2964 284 3005 nos
307 2946 518 3024 infelicissimi,
540 2965 603 3007 nou
624 2945 745 3006 fuerint.
893 3005 894 3008 ,

111 3096 114 3101 ,
209 3027 277 3108 Ego
308 3029 429 3089 interim
453 3049 503 3090 me
524 3028 703 3109 expediam,
727 3036 758 3089 et
779 3033 922 3088 testatem
945 3046 1044 3087 meum

124 3108 205 3169 hanc
223 3116 284 3171 tum
307 3113 536 3189 conscientiam,
560 3118 622 3172 tum
646 3111 844 3172 monitionem
863 3109 1045 3189 relinquam,

125 3191 208 3271 quod
230 3194 515 3255 romeniPcntifieis
536 3195 694 3272 autoritas,
715 3195 783 3255 sive
804 3194 844 3254 sit
860 3191 957 3253 divini
972 3193 1045 3254 ‚sive

124 3275 251 3336 humani
272 3277 356 3354 iuris,
378 3297 440 3337 nou
464 3278 553 3339 altius
575 3297 665 3357 quem
685 3282 793 3357 quarto
814 3281 991 3355 praecepto,
1012 3274 1045 3334 id

124 3364 182 3437 est,
203 3360 302 3439 primo
326 3359 480 3421 secundae
493 3360 624 3438 tabulae,
647 3361 841 3440 praecipitur,
852 3357 903 3417 ubi
920 3356 1043 3418 dicitur:

123 3441 252 3503 Honore
275 3449 392 3523 patrem
416 3445 499 3504 luum
523 3449 554 3504 et
575 3450 702 3508 matrem
724 3450 817 3504 tuam.
838 3441 917 3504 Hinc
939 3460 1043 3508 assero

195 3704 227 3773 ')
247 3705 272 3760 2.
294 3707 364 3761 Petr.
383 3706 407 3761 2.
