2356 4200
427 298 1053 372 F.Ioh⁸nnls'1¹etaelit.299

125 473 268 555 xandae,
299 473 393 536 stulte
414 473 530 536 iaciunt
551 475 629 536 tales
650 475 806 557 homines,
829 494 848 538 a
867 475 1054 539 redimendis

127 559 410 623 confessionalibns
425 557 633 620 dehortantes.

214 639 274 725 34)
299 641 347 704 Ob
367 641 568 703 iniectionem
589 660 734 702 manuum
756 643 787 703 in
801 641 917 703 clerum
932 661 1054 706 excom-

127 726 313 802 mnnicatis,
347 724 558 805 incendiariis,
599 729 630 785 et
656 726 839 787 incestuosis
867 743 932 787 non
955 727 1055 788 solum

127 815 201 891 post
223 807 461 886 absolutionem,
485 807 539 868 sed
561 807 726 888 aliqnando
749 814 820 890 post
838 816 1054 890 mortempoe·

127 910 188 953 noe
209 892 423 973 imponuntur:

213 976 271 1049 33)
295 973 351 1034 Ηιι
373 973 413 1034 de
435 991 497 1034 non
519 972 659 1035 iterando
682 975 894 1053 iuramentum,
916 975 983 1036 istis
1006 994 1053 1036 sa-

131 1058 287 1136 tisfactio;
332 1058 362 1117 ui
383 1056 415 1117 id
438 1072 513 1137 ergo
535 1074 629 1138 posse
651 1056 718 1117 fleri
739 1065 842 1139 negat,
865 1063 973 1119 errat.

214 1135 274 1223 33)
327 1159 367 1201 on
401 1138 667 1201 edormientibus
696 1141 867 1221 episcopis,
900 1140 990 1201 sed
982 1141 1055 1201 ruris

129 1223 291 1320 capitulis,
322 1221 536 1284 discretuet
505 1230 536 1284 et
562 1223 631 1304 pins
659 1223 779 1284 iubetur
808 1240 877 1284 esse
899 1223 1055 1303 sacerdos,

130 1315 165 1368 nt
173 1304 288 1388 potrus
311 1320 379 1367 cnm
402 1305 475 1366 exiii
496 1324 608 1385 poena,

216 1388 274 1465 37)
300 1387 388 1450 [ιιιιιι
411 1395 556 1469 excepta,
584 1390 721 1449 mittatur
744 1389 903 1450 confessus
925 1389 964 1450 ad
986 1408 1056 1487 pnr-

129 1473 297 1569 ςιιιοιιιιιιι,
320 1490 410 1551 quam
434 1490 502 1532 curn
524 1471 656 1533 refutata
678 1471 717 1532 ad
740 1472 931 1552 gehennom
952 1474 1003 1554 qui
1024 1472 1055 1534 id

132 1574 210 1637 ergo
233 1554 352 1615 zizania
373 1553 455 1633 dicit,
477 1560 567 1615 errat.
639 1552 649 1574 '⁶

216 1637 275 1712 38)
299 1635 462 1716 Haeretici,
485 1636 681 1734 schismatici,
704 1644 737 1697 et
757 1637 862 1699 laesae
884 1638 1054 1699 maiestatis

131 1722 175 1782 rei
199 1727 423 1800 postmortem
446 1721 766 1799 excommunicantur,
796 1720 1054 1784 anathematisan·
1109 1740 1114 1747 ·

130 1811 180 1864 tur
202 1808 233 1863 et
256 1801 468 1865 exhumantnr.

216 1884 276 1961 39)
300 1882 444 1967 Quisqnis
477 1903 551 1966 ergo
580 1883 671 1963 dicit,
706 1885 870 1946 morituros
898 1904 954 1967 per
977 1904 1055 1948 mor·

130 1975 194 2030 tem
224 1968 329 2030 omnia
356 1967 493 2047 solvere,
531 1974 562 2028 et
589 1968 709 2049 legibus
739 1986 891 2028 canonum
922 1986 984 2030 non
1012 1974 1055 2030 te·

131 2052 208 2130 neri,
232 2056 322 2111 errat.

214 2135 275 2210 40)
298 2133 427 2193 Animas
450 2133 636 2214 purgandae,
660 2150 739 2212 qnae
761 2150 830 2193 cum
851 2135 994 2214 gratiaet
1008 2152 1056 2194 ca-

130 2219 222 2278 ritate
254 2213 438 2294 abscedunt,
457 2235 551 2294 quae
579 2215 687 2275 dividit
675 2224 745 2276 ιιι
747 2221 794 2275 er
747 2215 894 2277 tfilioe
916 2218 1004 2297 regni
1024 2223 1056 2278 et

131 2299 330 2407 perditionis,
352 2305 384 2358 et
405 2297 499 2379 longe
520 2300 589 2379 plus
612 2297 846 2378 desperationis,

214 2383 273 2458 41)
299 2380 469 2441 Erroneam
498 2388 545 2441 est
573 2382 674 2448 dicere
703 2400 772 2441 esse
793 2399 892 2461 prope
913 2380 1055 2461 despera

131 2467 266 2539 tionem,
301 2465 372 2542 quin
402 2465 504 2543 potins
535 2466 566 2524 in
600 2484 676 2544 epe
672 2462 771 2524 firma
797 2464 836 2524 ad
859 2464 1054 2526 beatitudinis

130 2546 450 2635 comprehensionem.

214 2627 274 2712 42)
299 2628 357 2704 Qui
379 2627 461 2706 dicit,
441 2635 546 2689 tnon
570 2648 639 2689 esse
659 2629 822 2708 probatum
845 2629 913 2690 ullis
936 2635 989 2689 aut
1009 2649 1054 2689 ra·
1143 2642 1151 2659 ·

131 2713 267 2774 tionibus
290 2719 343 2772 aut
364 2713 458 2792 script
460 2713 535 2789 uris,
568 2720 716 2792 purgatos
739 2731 809 2772 esse
832 2719 920 2773 extra
943 2719 1055 2772 statum

130 2797 251 2872 meriti,
276 2801 393 2855 erret.

214 2874 274 2959 43)
299 2875 358 2951 Qui
380 2877 500 2954 adiicit,
535 2896 596 2937 non
621 2894 689 2937 esse
710 2877 890 2957 probatum,
924 2877 1005 2957 quod
1024 2877 1052 2959 ¹)

130 2963 192 3022 sint
215 2961 255 3020 de
278 2980 334 3020 suo
355 2960 545 3020 beatitudine
568 2962 642 3020 certi
671 2967 701 3020 et
729 2962 844 3038 securi,
876 2967 965 3023 errat.
1008 2960 1053 3021 si-

130 3044 253 3118 militer,
276 3044 327 3122 qui
349 3041 431 3119 dicit,

214 3128 274 3203 44)
297 3125 367 3186 Non
390 3142 459 3186 esse
481 3126 598 3185 animas
620 3124 795 3206 purgandas
818 3125 857 3185 de
878 3144 935 3185 ena
955 3125 1055 3186 salute

130 3211 280 3271 certiores
304 3228 395 3287 quam
417 3227 487 3284 nos,
510 3227 627 3288 nosque
650 3228 719 3268 esse
742 3209 939 3284 certissimos,
962 3215 1054 3270 errat.

213 3294 273 3370 45)
299 3292 412 3371 Papam
449 3310 504 3371 per
540 3291 709 3371 plenariam
741 3292 953 3352 remissionem
992 3310 1054 3352 non

129 3375 304 3455 intelligere
326 3373 460 3434 omnium
485 3374 771 3454 satisfactoriarum,
805 3373 858 3434 sed
886 3393 960 3434 ase
984 3377 1053 3454 ipso

128 3459 352 3538 imposterum,
375 3464 465 3532 errat,
488 3458 538 3536 qui
561 3457 643 3518 dicit.

214 3538 273 3621 46)
296 3538 557 3619 Indulgentiarum
584 3540 813 3620 praedicatores
836 3559 952 3619 errare,
981 3539 1052 3600 dum

134 3694 551 3711 ,ύ--κ--φ--ἀ,

185 3805 216 3871 1)
237 3802 367 3856 hossene
388 3816 481 3870 qnam.
