2356 4200
135 261 198 331 336
443 265 482 319 De
498 263 602 334 tspttsi
618 264 725 318 tunsis

218 431 309 508 Quod
336 435 364 494 si
390 451 449 494 nos
470 450 534 494 non
555 432 697 494 volumus
718 437 832 512 sponte
844 448 963 492 exuere
983 431 1055 491 istus

136 517 251 579 formos
271 515 329 576 Dei
350 523 383 578 st
401 515 530 578 induere
549 515 663 576 formos
685 516 779 592 servi,
800 532 952 595 oogsmur
972 512 1057 574 etin·

137 600 191 660 viti
212 617 369 662 exuemus.
411 599 457 659 De
479 617 540 679 quo
562 605 640 659 note
658 597 732 659 Lno.
752 602 783 662 7.
804 597 987 673 historin,
1009 593 1057 656 nbi

137 681 244 745 Sim0n
266 681 407 761 leprosus
423 682 457 743 in
477 682 577 743 formo
597 680 656 742 Dei
678 688 710 742 et
729 681 847 741 iustitis
866 699 926 741 sus
947 678 1058 739 sedens

137 764 271 845 superbo
291 764 448 825 iudiosbat
468 771 561 844 etque
582 762 820 844 despioiebntil.
830 761 1059 846 Engdsleunm,

137 849 170 909 in
192 866 253 926 qua
278 847 404 909 videbat
428 847 558 908 formum
593 848 684 908 servi.
726 845 788 909 Sed
816 846 888 907 vide
915 844 1059 922 tudinem,

137 932 241 993 stetim
264 929 401 993 Christus
424 931 509 991 exuit
529 949 599 990 eum
622 930 722 991 forme
741 930 886 1007 iustitiae,
908 933 942 989 st
963 925 1060 989 induit

55 1084 61 1090 ,
138 1012 239 1075 forms
258 1013 401 1092 peeosti,
433 1011 558 1073 disens:
590 1012 730 1074 oseulnm
758 1012 831 1072 mihi
852 1029 916 1073 non
940 1009 1060 1088 dedisti,

138 1102 232 1176 oeput
259 1115 359 1157 meum
387 1114 450 1156 nou
482 1097 605 1158 unxisti.
648 1095 747 1173 Vide,
779 1101 895 1174 qusntn
920 1099 1059 1174 possets

140 1196 220 1258 quos
240 1177 293 1240 ille
314 1197 377 1239 non
399 1177 546 1255 videbat,
579 1197 638 1239 neo
664 1185 727 1238 tom
747 1177 841 1239 foedo
869 1178 973 1238 forms
992 1193 1060 1237 sose

140 1260 268 1341 putabat
285 1262 464 1322 deformem.
506 1261 577 1322 Non
595 1267 667 1322 sunt
686 1263 718 1322 in
739 1261 888 1321 memorie
909 1259 977 1320 ullo
997 1260 1060 1320 eins

139 1344 225 1405 bone
252 1362 356 1423 opens.
398 1343 506 1404 Nesoit
527 1343 665 1404 Christus
693 1345 824 1406 formam
843 1343 919 1420 Dei,
947 1343 1061 1422 imque

140 1425 193 1486 itte
225 1424 283 1487 sibi
311 1427 438 1505 pisoens
467 1427 656 1506 superbivit,
678 1446 741 1488 nou
762 1428 892 1505 recitet,
914 1424 1003 1505 quod
1025 1426 1062 1485 sit

140 1508 285 1570 invitatus
307 1508 345 1569 ab
368 1528 417 1583 eo,
440 1508 567 1587 cibatus,
588 1509 775 1590 honoratus,
798 1528 860 1569 non
884 1516 933 1569 est
954 1507 1061 1570 Simon

140 1590 281 1671 leprosus
308 1593 370 1652 iam
392 1593 450 1652 nisi
472 1602 617 1674 peoontor
636 1592 752 1666 suetus,
790 1594 840 1672 qui
878 1598 942 1652 tem
965 1592 1061 1651 iustus

141 1673 199 1734 sibi
211 1673 379 1750 videbatur,
401 1675 540 1736 detineto
560 1682 608 1736 est
627 1676 727 1756 glorio
747 1676 865 1737 formos
882 1675 953 1752 Dei,
975 1673 1062 1735 sedet

140 1755 286 1817 eoniusns
309 1760 340 1818 in
361 1758 462 1820 forms
482 1760 584 1836 servi,
607 1759 682 1818 vetit
703 1758 789 1820 nolit.

224 1841 267 1902 At
282 1848 399 1921 oontrn,
420 1842 549 1903 Mariam
568 1842 713 1903 honestat
728 1842 829 1903 forms
838 1841 906 1919 Dei,
930 1847 964 1909 et
975 1857 1061 1901 susm

140 1923 273 2003 imponit
294 1926 321 1985 ei
344 1931 376 1986 et
387 1939 479 2005 super
491 1924 649 1986 Simonem
671 1925 807 2003 exaltet,
829 1924 956 1985 diosus:
978 1920 1063 1983 Haeo

142 2007 238 2089 pedes
260 2027 348 2069 meos
370 2008 477 2085 unxit,
517 2007 657 2068 oseulots
677 2014 745 2086 est,
778 2008 911 2069 lacrimis
944 2004 1064 2087 rigavit,

144 2089 263 2169 espillis
285 2092 382 2152 tersit.
415 2090 504 2168 Vide,
527 2098 643 2170 quante
663 2093 781 2170 meiito,
804 2110 884 2171 quse
905 2108 967 2150 nee
987 2089 1063 2169 ipm

143 2193 202 2235 neo
224 2173 330 2235 Simon
353 2173 485 2235 videbat
506 2173 577 2234 Non
600 2175 722 2234 suntin
741 2157 890 2236 memmii
911 2170 978 2233 ullu
1000 2172 1063 2232 eins

143 2256 308 2334 demerito,
336 2258 436 2317 nescit
457 2255 594 2317 Christus
615 2257 743 2318 formum
766 2258 919 2317 servitutis
947 2257 980 2316 iu
1002 2254 1062 2331 ilio,

144 2357 233 2418 quam
256 2339 465 2420 magnificavit
486 2341 585 2400 forma
606 2338 835 2417 dominationis,
856 2358 916 2400 neo
939 2344 988 2400 est
1003 2337 1062 2398 iis·

142 2423 189 2482 rio
210 2421 293 2482 uliud
314 2442 405 2502 quam
427 2423 525 2501 iusto,
554 2431 585 2484 et
607 2423 743 2485 exultetis
765 2414 863 2485 estin
884 2422 985 2504 glorio
1008 2421 1062 2482 sor·

144 2525 214 2567 mse
234 2504 293 2566 Dei
315 2516 373 2568 eto.

226 2587 277 2651 Sio
305 2589 397 2651 fooiet
432 2588 574 2650 omnibns
601 2588 706 2667 nobis,
732 2589 853 2669 quoties
889 2587 928 2648 de
950 2588 1062 2649 iustitis

144 2673 195 2734 vel
217 2672 368 2752 sepientis
389 2672 439 2732 vel
453 2679 608 2751 potestate
627 2671 778 2751 inflemur,
801 2673 999 2733 etirritsmur
1015 2669 1063 2731 sd·

144 2773 250 2815 versus
272 2756 416 2831 iniustos,
438 2755 558 2834 stultos,
580 2756 814 2835 impotentiores
837 2755 936 2815 uobis.
979 2753 1063 2814 Tune

144 2839 225 2897 enim
251 2845 347 2916 (quoe
370 2844 417 2897 est
437 2839 572 2898 maxims
594 2839 796 2917 perversitas)
820 2839 937 2898 iustitie
960 2843 1064 2897 oontm

145 2921 302 2999 iustitiam,
324 2922 476 3001 sepientis
498 2920 810 3001 eontrasspientiom,
832 2921 975 3001 potentin
996 2938 1065 2980 oon·

145 3008 192 3064 trs
211 3005 382 3083 potentiam
405 3011 556 3083 operatur.
600 3003 680 3064 Nom
715 3003 785 3065 ideo
819 3010 931 3082 potens
956 3022 1014 3079 es,
1035 3008 1065 3061 ut

144 3087 330 3166 impotentes
365 3106 428 3147 non
456 3088 689 3167 impotentiores
726 3087 821 3149 iscius
850 3083 1064 3165 opprimendo,

145 3169 199 3231 sed
211 3176 354 3250 potentes
375 3169 470 3230 facins
492 3169 659 3231 exaltando
682 3176 713 3231 et
725 3168 932 3246 defendendo,
955 3175 987 3229 et
997 3168 1064 3228 ideo

146 3254 279 3332 sopiens,
300 3260 417 3313 utnon
439 3252 540 3313 rideas
562 3253 688 3332 stultos,
710 3272 747 3314 so
769 3255 812 3314 sio
835 3253 933 3332 magis
957 3251 1064 3312 stulto·

149 3411 567 3436 ..,...-.....-...-.-

145 3478 232 3531 multo
251 3478 403 3531 maioribus
421 3476 626 3530 iufirmitntibus
646 3477 883 3530 stonensionibus
901 3478 996 3545 ipsum
1017 3477 1064 3530 ise

145 3549 269 3612 dimus),
299 3550 346 3601 ubi
370 3563 422 3600 nos
446 3551 593 3613 proximus
616 3556 712 3601 noster
735 3550 782 3601 vix
802 3550 1007 3618 quinquaginta
1025 3546 1064 3616 (td

145 3627 205 3687 est,
229 3621 383 3674 minoribus
407 3622 621 3678 offensionibus)
649 3626 732 3690 urget
759 3625 786 3673 et
812 3621 909 3673 irritat.
951 3620 994 3672 Ad
1018 3621 1064 3673 hoe

146 3694 229 3746 etism
248 3695 339 3746 orstio
358 3691 498 3745 dominius
508 3694 596 3762 cogit:
617 3691 732 3746 Dimitte
750 3693 832 3746 nobis
851 3692 947 3746 debito
965 3699 1064 3757 nostru

146 3766 217 3819 siunt
234 3770 261 3817 et
277 3780 329 3819 nos
347 3763 511 3818 dimittimus
530 3764 701 3821 debitoribus
719 3765 832 3821 nostris.
