2356 4200
182 281 249 349 aaa
485 280 624 349 miae·
641 277 719 332 uui,
739 276 854 330 uasa

359 488 694 587 lienesabibbtu
724 480 939 582 Patribus

233 684 264 743 et
283 676 438 739 Fratribus
461 676 639 820 Conveppius
659 673 924 737 lutterbocceusis
950 671 1075 733 Ordinis

609 777 728 822 norum.
978 769 985 782 ·

271 926 407 988 Salutem
431 932 591 1003 etpacem.
615 921 746 985 Oblatee
761 922 926 983 suntmibi
939 918 1112 983 duaesehe-

189 1007 290 1086 dulae,
313 1006 505 1068 venerabiles
528 1005 644 1082 Patres,
666 1002 794 1085 quarum
814 1023 878 1065 una
897 1004 939 1064 ad
962 1004 1113 1065 Rorman-

190 1091 263 1151 diss.
285 1091 323 1151 D.
345 1090 558 1171 Episcopum,
588 1089 746 1151 dominum
775 1093 915 1149 nostrum
943 1088 1113 1167 gratiosum

190 1172 539 1255 Braudenburgensem,
569 1179 676 1233 atoto
699 1177 853 1232 conventu
873 1171 988 1249 missa,
1016 1187 1113 1229 meum

190 1274 304 1317 nomen
326 1254 505 1317 foedissime
527 1262 723 1335 conspurcat,
745 1261 776 1315 et
797 1253 916 1332 aliquot
928 1252 1115 1333 Propositio

190 1358 245 1401 nes
268 1339 440 1401 verissimas
461 1336 633 1415 impudenti
654 1339 826 1399 temeritate
847 1339 950 1416 arguit
971 1354 1115 1397 erroneas

179 1440 267 1491 csse.
302 1420 371 1501 Ego
393 1440 476 1495 saue,
492 1421 533 1480 fui
560 1421 635 1481 satis
657 1421 838 1498 admiratum,
862 1419 947 1498 quod
970 1438 1046 1496 vos,
1065 1418 1115 1497 qui

191 1500 406 1583 observantiae
433 1503 522 1564 titulo
549 1501 716 1580 inflamini,
745 1510 775 1562 et
800 1501 907 1582 populi
939 1520 999 1562 vos
1021 1501 1115 1563 salvs·

191 1595 274 1646 tores
295 1586 416 1646 iactatis
438 1594 470 1646 et
491 1586 620 1646 tunicae*
636 1586 827 1646 inconsutilis
853 1585 1017 1662 zelatores,
1038 1583 1115 1645 adeo

146 1718 152 1727 .
190 1668 305 1729 fueritis
328 1669 415 1729 obliti
438 1669 602 1751 evangelii,
625 1677 656 1729 ut
678 1689 742 1731 non
754 1676 825 1729 ante
838 1669 976 1729 Fratrem
993 1684 1115 1729 monue-

191 1750 265 1826 ritis,
286 1752 367 1811 inter
380 1758 410 1812 te
432 1758 464 1812 et
484 1753 583 1831 ipsum
609 1759 660 1828 (ut
681 1751 839 1831 inquit*))
864 1751 977 1826 solum,
999 1769 1039 1811 ae
1057 1769 1116 1811 ma·

212 1834 237 1895 ‘s
259 1832 399 1895 voluistis
423 1834 612 1896 detractores
634 1835 728 1895 alieni
751 1834 902 1909 nominis,
924 1840 1013 1912 tum,
1038 1832 1115 1912 quod

203 1915 312 1979 oedius
335 1926 391 1995 est,
413 1916 664 1985 iudices-alienae
680 1912 852 1979 sententiae
866 1918 1035 1979 autoritate
1054 1935 1116 1998 pro·

81 1996 84 2000 ’
191 2000 259 2080 pria
280 1999 355 2083 fieri.
385 1997 442 2061 Est
471 2001 531 2061 iste
552 2000 695 2080 superbia
718 2007 750 2061 et
769 2000 940 2081 petulentia
961 2000 1117 2081 religionis

193 2091 314 2143 vestrae
337 2090 368 2142 et
390 2082 606 2143 observantiae
625 2082 755 2145 modus?

276 2166 407 2243 Verum,
422 2187 461 2227 ne
482 2164 608 2227 reddam
633 2167 751 2227 malum.
766 2185 823 2246 pro
846 2167 939 2244 malo,
962 2167 1117 2246 optionem

193 2248 280 2309 vobis
311 2249 360 2308 do.
388 2248 451 2308 Aut
477 2256 624 2310 revocate
648 2248 728 2310 hane
751 2251 978 2325 temeritatem,
1001 2255 1035 2309 et
1055 2248 1117 2309 red·

193 2331 255 2392 dite
277 2331 349 2390 mihi
372 2350 485 2392 nomen
509 2351 628 2412 meum,
650 2341 704 2392 aut
725 2351 784 2413 ego
806 2331 971 2412 publicabo
993 2351 1052 2412 per
1072 2334 1119 2392 im

193 2432 367 2495 pressuram
389 2414 469 2474 hanc
490 2422 624 2474 vestram
647 2415 845 2495 schedulam,
874 2415 998 2476 adiecta
1020 2415 1119 2477 contir-

194 2497 310 2557 tatione
334 2503 454 2556 vestrae
475 2498 687 2577 ignorantiae,
718 2498 801 2578 quod
824 2517 887 2558 non
919 2500 979 2577 erit
999 2499 1118 2560 honori·

194 2578 285 2640 ficum
309 2579 416 2641 Ordini
439 2587 552 2640 vestro.
576 2581 656 2659 Vos,
687 2583 738 2660 qui
761 2590 883 2643 vestrae
905 2581 1119 2643 observantiae

194 2663 253 2722 ritu
276 2662 377 2723 studia
399 2664 619 2742 contemnitis,
642 2671 673 2725 st
694 2665 797 2725 literas
819 2677 929 2744 sponte
953 2663 1049 2726 vultis
1071 2683 1120 2725 ne·

195 2745 284 2822 scire,
307 2745 362 2806 sed
385 2752 502 2807 tantum
518 2747 686 2808 visionibus
710 2755 742 2808 et
762 2748 1004 2826 cogitationibus
1015 2750 1120 2808 vestris

194 2827 341 2907 populum
373 2847 545 2909 occupare,
578 2828 728 2908 decebat,
765 2838 798 2891 ut
819 2830 967 2908 sileretis,
990 2840 1025 2892 et
1045 2831 1120 2892 alios

195 2907 317 2970 studere
339 2913 565 2990 permitteretis.
597 2912 667 2973 Mea
696 2914 836 2974 doctrina
863 2914 959 2973 tribus
981 2916 1121 2974 anuisiu

193 2986 401 3053 Universitute
429 3002 535 3054 nostra
557 2994 679 3055 assidue
701 3003 748 3056 est
770 2998 901 3075 agitata,
932 2995 1076 3057 discussa
1095 3006 1122 3056 et

194 3073 337 3151 iudicata,
351 3075 547 3155 disputando,
562 3078 703 3158 legendo,
727 3078 880 3156 docendo,
903 3078 1124 3157 praedicando,

195 3156 375 3236 scribendo,
403 3178 472 3219 curn
501 3162 684 3221 acutissimis
715 3170 747 3222 et
778 3162 1022 3240 diligentissimis
1045 3164 1124 3237 viris,

193 3238 325 3299 necdum
355 3241 482 3302 inventa
512 3243 654 3323 reproba.
691 3244 731 3305 Et
761 3263 844 3304 nunc
872 3251 946 3324 post
966 3245 1124 3307 fornacem

194 3323 517 3384 vestri'conventiculi
539 3326 577 3387 ab
602 3346 663 3387 uno
699 3335 753 3389 aut
774 3327 895 3388 duobus
926 3328 1124 3392 stertentibus

193 3400 358 3483 Fratribus,
374 3407 425 3485 qui
443 3409 622 3482 magistrum
635 3410 714 3471 forte
729 3410 871 3470 viderunt
884 3409 1077 3490 aliquando,
1098 3417 1126 3472 et

195 3496 409 3566 coguoverunt
440 3509 614 3569 nunquam,
642 3493 735 3554 debet
768 3495 928 3556 haeretice
963 3493 1126 3556 damnari?

194 3567 314 3648 Videte,
337 3590 375 3630 ue
398 3591 453 3632 vos
476 3574 675 3635 inveniamini
694 3577 851 3654 haeretiei,
875 3584 906 3636 et
930 3580 1063 3640 omnino
1086 3586 1126 3638 tu·

198 3690 611 3704 Ἣ

250 3754 279 3821 *)
300 3755 396 3813 matth.
418 3758 462 3813 18.
