2356 4200
371 276 546 346 Heidelberg.
565 276 702 344 Dispnlal.
940 272 1007 342 399

81 444 266 526 desperare,
295 450 330 505 ut
350 451 439 529 aptus
461 443 516 505 ilat
538 443 578 505 ad
600 444 850 524 consequendam
872 446 1002 528 gratiani

164 610 199 672 id
210 611 293 671 enim
313 612 379 672 Lex
391 611 465 688 vuit,
490 611 630 671 ntiromo
650 609 691 671 de
713 611 908 692 ssdesperet,
931 611 1003 672 dum

81 712 152 756 enm
174 693 301 755 deducit
321 692 361 754 ad
382 695 512 773 inferos,
531 701 561 754 et
582 712 748 774 pauperem
771 696 858 770 taen,
880 701 912 755 et
931 690 1003 775 pe'e·

80 785 219 838 catonem
256 776 392 838 ostendit
427 778 458 837 in
498 777 638 837 omnibus
676 779 740 837 auis
773 777 934 858 operibus,
970 782 1003 838 nt

80 861 190 923 Roma.
213 862 243 923 2.
267 868 298 920 et
319 863 347 924 3.
370 861 444 920 iacit
464 859 645 940 Apostolus,
663 859 785 920 dicens:
809 860 933 922 causati
954 876 1003 921 sn-

80 963 149 1004 mus
184 962 292 1004 omnes
326 963 395 1003 esse
428 943 483 1003 sub
517 949 657 1027 peccalo
701 942 759 1018 Qui
787 950 889 1004 autem
920 944 1003 1024 facil,

81 1026 166 1106 quod
199 1027 229 1086 in
260 1046 294 1086 se
328 1032 391 1105 ast,
430 1034 461 1086 et
484 1024 580 1086 credit
603 1045 636 1085 se
657 1025 772 1106 aliquid
795 1026 868 1087 boni
890 1027 1003 1106 facere,
1119 1068 1125 1089 .

80 1127 144 1170 non
168 1110 296 1170 omnino
317 1109 376 1169 sibi
396 1108 471 1169 nihii
492 1108 629 1188 videtur,
663 1126 721 1170 neo
743 1108 782 1169 de
805 1110 867 1170 suis
888 1109 1002 1171 viribus

77 1192 232 1272 desperat,
251 1194 317 1252 >imo
350 1198 466 1252 tantum
489 1193 673 1272 praesumit,
703 1191 787 1271 quod
809 1191 849 1253 ad
871 1193 1002 1275 gratim
1034 1257 1037 1263 ,

80 1277 144 1335 suis
168 1274 282 1335 viribus
304 1272 418 1336 nititur.

499 1407 585 1478 XIX.

165 1527 235 1587 Non
257 1527 310 1587 iile
332 1527 425 1608 digne
438 1528 602 1608 theologus
625 1527 743 1607 dicitur,
765 1529 817 1608 qui
837 1526 1007 1591 invisibilia·

80 1611 138 1670 Dei
162 1628 219 1689 per
240 1627 286 1689 ea,
309 1611 489 1690 quaefacta
511 1610 769 1689 sunt,intei1eota
791 1613 949 1693 conspicit.
981 1620 1006 1633 ²·

165 1692 254 1753 Patet
275 1712 330 1772 ρει·
351 1711 422 1772 cos,
447 1696 496 1778 qni
520 1693 597 1754 tales
620 1694 755 1773 inerunt,
787 1701 818 1755 et
839 1702 941 1755 tamen
964 1694 1003 1759 ab

79 1775 226 1857 apostolo
233 1776 344 1838 Roma.
355 1782 380 1839 l.
391 1777 474 1837 stulti
487 1783 645 1841 vocantur.
669 1777 763 1837 Porro
772 1777 938 1839 invisibilia
946 1776 1003 1840 Dei

80 1867 153 1919 sunt
175 1860 279 1938 virtus,
293 1858 447 1938 divinitas,
464 1860 761 1940 sapientia,iustitia,
782 1860 904 1921 bonitas
927 1867 1003 1942 εἴας

80 1942 270 2002 haecomnia
282 1944 407 2023 cognita
418 1961 480 2003 non
492 1945 608 2004 faciunt
619 1942 743 2024 dignum
758 1945 1002 2025 necsapienteni,

512 2067 578 2136 XX.

168 2187 229 2250 sed
251 2190 302 2269 qui
324 2187 456 2249 visibilia
478 2196 508 2249 et
529 2191 703 2269 posteriora
723 2188 779 2250 Dei
802 2207 857 2270 per
887 2191 1004 2271 passio·

80 2291 136 2332 nes
160 2279 192 2331 et
211 2290 333 2332 crucem
356 2280 523 2352 conspecta
545 2272 698 2352 inteiligit.

164 2355 341 2416 Posteriora
373 2363 404 2415 et
431 2354 563 2415 visibilia
585 2356 642 2416 Dei
672 2362 742 2415 sunt
764 2355 908 2435 opposita
929 2355 1003 2415 in'vi-

80 2437 225 2518 sibilium,
247 2438 278 2497 id
301 2447 362 2516 est,
380 2439 564 2517 humanitas,
586 2438 755 2517 infirmitas,
778 2438 914 2498 stultitia.
960 2437 1007 2500 Sl·

59 2528 135 2580 ·out
165 2525 178 2582 1
215 2521 351 2582 Corinth.
385 2522 414 2583 1.
436 2531 529 2582 vocat
550 2521 702 2581 infirmnm
725 2528 756 2582 et
778 2521 912 2581 stultum·
935 2521 993 2582 Del

81 2605 157 2682 quia
171 2605 251 2663 enim
273 2605 415 2664 homines
434 2607 613 2684 cognitione
626 2605 686 2665 Dei
700 2625 738 2665 ex
757 2605 899 2684 operibus
917 2566 1008 2664 abusi

80 2693 162 2765 sunt,
185 2685 283 2747 voluit
302 2706 405 2746 rursus
422 2687 506 2747 Deus
528 2708 568 2748 ex
588 2688 785 2769 passionibus
802 2689 950 2768 cognosci
973 2696 1004 2748 et

80 2768 250 2849 reprobare
271 2769 356 2829 illam
384 2770 566 2855 sapientiam
589 2770 785 2835 invisibilium
807 2790 863 2851 per
884 2772 1002 2853 sapien-

81 2854 156 2912 tiam
179 2852 358 2928 visibilium,
381 2859 414 2912 ut
446 2854 505 2934 sio,
538 2856 588 2934 qni
611 2853 709 2914 Deum
742 2872 807 2914 non
839 2853 1003 2921 [coluerunt

81 2935 277 2994 manifestum
301 2936 522 3015 exoperibus,
560 2939 698 2997 coierent
727 2935 941 2998 absconditum
970 2937 1002 2996 in

80 3017 287 3098 passionibus.
331 3019 416 3080 Sicut
452 3021 494 3080 ait
524 3024 540 3082 i
566 3021 702 3081 Corinth.
727 3024 760 3082 i:
792 3017 871 3093 Quia
892 3020 922 3078 in
944 3018 1002 3079 Dei

81 3101 235 3180 sapientia
257 3119 319 3161 non
349 3103 496 3182 cognovit
529 3103 658 3163 mundus
684 3103 782 3163 Deum
805 3119 860 3182 per
881 3103 1002 3183 sapien:

81 3187 170 3263 nam,
194 3184 309 3264 placuit
329 3186 397 3246 Deo
420 3205 476 3265 per
504 3186 661 3247 stultitiam
684 3184 922 3266 praedicationis
945 3184 1002 3245 sal·

81 3285 140 3328 vos
164 3268 265 3327 iacere
288 3268 462 3328 credentes:
495 3269 553 3350 ita,
577 3276 610 3328 ut
630 3268 704 3330 nulii
726 3271 787 3328 iam
810 3269 883 3328 satis
906 3268 945 3327 sit
966 3266 1007 3329 ac'

81 3351 197 3431 prosit,
226 3352 277 3428 qui
299 3353 461 3432 cognoscit
481 3351 582 3413 Deum
605 3355 635 3412 in
658 3353 757 3433 gloria
781 3358 812 3412 et
833 3352 1002 3429 maiestate,

82 3435 141 3493 nisi
165 3445 335 3513 eognoscat
358 3434 488 3495 eundem
509 3437 540 3495 in
570 3435 740 3495 humilitate
769 3443 800 3495 et
833 3435 1003 3515 ignominia

82 3517 191 3576 erucis.
236 3516 286 3577 Sic
307 3518 408 3598 perdit
429 3520 610 3598 sapientiam
640 3519 812 3599 sapientum
834 3527 903 3594 eto,
926 3518 1005 3577 siout

82 3599 193 3660 Esaias
217 3599 304 3661 dicit:
328 3602 408 3661 Vere
426 3601 623 3662 absconditus
646 3609 677 3662 tu
700 3621 733 3661 es
755 3600 848 3661 Deus.

166 3683 217 3744 Sic
235 3683 347 3746 lohan.
372 3687 420 3762 14,
443 3703 511 3744 oum
524 3684 682 3765 Philippus
704 3685 791 3744 iuxta
812 3683 917 3745 theoIo
941 3685 1001 3743 iam

82 3765 202 3847 gloriae
226 3766 355 3828 diceret:
390 3766 527 3829 Ostende
555 3767 644 3830 nobis
666 3773 800 3847 patrem,
823 3785 896 3828 mox
917 3703 1001 3828 dhri-
