2356 4200
168 270 231 340 180
496 276 644 330 Sermones
662 266 773 330 lutheri

167 445 318 528 plicantis
337 451 432 527 patet.
470 445 550 506 Nam
570 445 620 510 Ps.
643 447 673 508 4.
696 445 818 506 dicitur:
840 444 908 507 Filii
930 443 1090 505 hominum

164 545 265 609 ¹nsque
288 548 349 609 quo
372 530 459 610 gravi
481 527 594 590 corde?
617 528 660 590 Ut
680 528 753 608 quid
775 528 900 611 diligitis
923 528 1090 587 vanitatem

169 619 201 673 et
221 612 436 672 mendacium?
458 611 492 672 Id
514 619 561 672 est
584 612 704 692 omnia,
741 630 820 691 quae
842 613 909 672 sine
931 609 1026 671 corde
1047 609 1089 671 cf-

168 695 314 771 l'eruntur,
336 714 417 755 vana
438 701 509 755 sunt
530 701 561 755 et
582 694 757 773 mendacia,
788 697 820 755 in
850 692 958 775 quibus
987 699 1089 754 tamen

189 778 341 839 loriamini
371 777 411 838 ad
438 778 651 839 confusionem
672 784 804 839 vestram
826 796 882 858 per
903 795 957 837 cor
986 795 1090 857 grave.

167 796 208 922 lt
228 860 277 922 Ps.
300 864 334 924 4:
370 860 580 941 Quadraginta
608 862 696 920 andis
719 861 877 940 proximus
899 860 942 920 sui
962 878 1089 939 genera

168 945 245 1005 tioni
266 945 351 1023 huic,
374 951 406 1004 et
426 943 506 1004 dixi:
541 943 671 1023 Semper
692 942 807 1005 habent
830 962 965 1004 errorem
987 941 1090 1020 corde,

168 1028 227 1108 ipsi
250 1046 324 1087 vero
347 1047 411 1087 non
435 1033 649 1108 cognoverunt
670 1029 735 1087 vias
768 1045 869 1105 meas,
904 1024 1013 1105 quibus
1047 1027 1090 1085 iu-

166 1111 233 1171 ravi
254 1111 341 1170 intra.
354 1129 414 1189 me,
436 1111 461 1169 si
483 1109 652 1170 introibunt
671 1111 701 1168 in
722 1111 859 1188 requiem
874 1129 985 1170 meam.
1007 1108 1089 1169 Ecce

169 1193 236 1253 sine
264 1192 358 1254 corde
394 1212 516 1273 semper
537 1201 668 1271 erratur,
701 1194 748 1252 ira
775 1193 949 1270 incurritur,
984 1192 1091 1270 requie

168 1277 318 1356 privatur,
342 1276 460 1336 vanitas
489 1278 661 1354 quaeritur,
685 1275 877 1336 mendacium
906 1274 1040 1355 diligitur
1061 1282 1093 1335 et

169 1359 309 1420 confusio
332 1377 389 1438 pro
407 1359 507 1439 gloria
529 1361 694 1436 quaeritur.
736 1358 815 1418 Nam
837 1357 996 1419 Hebraeus
1024 1365 1090 1418 tex-

167 1449 217 1502 tus
239 1442 284 1501 sic
305 1441 399 1503 hebet
421 1459 559 1502 sensum:
589 1441 658 1500 Filii
684 1442 740 1501 viri
762 1460 859 1521 nsque
880 1460 941 1521 quo
964 1441 1091 1522 gloriosi

170 1525 244 1586 estis
272 1525 303 1583 in
324 1525 379 1604 iis,
411 1543 489 1604 qnae
512 1523 550 1584 ad
572 1525 773 1604 ignominiam
795 1524 884 1585 sunt?
919 1524 998 1585 Dum
1019 1523 1091 1584 -dili-

170 1608 241 1688 gitis
263 1609 431 1668 vanitatem
453 1614 485 1669 et
505 1607 649 1687 quaeritis
672 1606 876 1668 mendacium.

253 1689 304 1751 Sic
325 1689 535 1753 dedicationes
570 1691 768 1750 ecclesiarum
789 1692 822 1751 in
850 1690 1033 1750 ceremoniis
1061 1695 1093 1749 et

170 1775 304 1834 externis
328 1773 557 1854 operationibus
580 1774 668 1853 signa
698 1780 770 1833 sunt
798 1773 898 1834 cordis
927 1771 1089 1832 dedicandi

170 1857 245 1917 Dec.
276 1855 355 1930 Quid
378 1857 458 1916 enim
472 1857 555 1916 Deus
578 1856 724 1936 templum
748 1857 827 1936 signi
849 1861 943 1933 curat,
966 1853 1089 1934 quando

170 1938 317 2019 templum
347 1940 458 2020 signati
488 1958 551 1998 non
580 1938 696 1999 habet?
739 1938 818 2013 Quid
851 1940 966 1999 iaceret
997 1937 1090 1999 homo

169 2021 295 2100 bomini,
319 2023 345 2082 si
366 2023 531 2102 quotannis
554 2023 584 2080 in
606 2024 733 2102 negotio
756 2022 834 2083 alter
854 2022 942 2082 alteri
963 2022 1093 2101 registra

170 2110 203 2166 et
224 2103 308 2165 dicas
330 2104 453 2166 afferret
466 2111 498 2165 et
510 2105 656 2166 scriberet
677 2104 781 2166 debita
800 2112 831 2166 et
841 2103 992 2182 iacienda,
1017 2123 1092 2163 nun-

172 2206 263 2266 quam
286 2195 388 2248 tamen
412 2187 549 2269 laceret?
591 2186 703 2248 Nonne
729 2187 782 2247 ille
810 2189 909 2249 solum
943 2188 1031 2266 signa
1061 2194 1093 2247 et

169 2270 264 2332 verba
296 2270 419 2330 tandem
453 2277 613 2350 pertaesus
650 2277 806 2350 rumperet
839 2269 928 2331 simul
963 2269 1090 2330 omnia?

170 2354 293 2414 Certum
327 2355 408 2413 enim
441 2361 502 2432 est,
535 2353 596 2413 hoc
618 2353 702 2413 nolle
724 2355 879 2414 hominem
904 2352 942 2413 ab
965 2351 1090 2413 bomine

170 2437 336 2512 sustinere,
365 2444 396 2496 et
422 2444 525 2496 tamen
547 2437 629 2496 Deus
657 2436 751 2497 debet
770 2437 830 2497 hoc
857 2436 980 2496 assidue
1002 2437 1089 2495 susti·

99 2557 100 2562 κ
170 2537 253 2580 nere.
297 2519 370 2580 ldeo
393 2538 466 2579 ecce
487 2518 536 2596 fit,
567 2527 598 2578 ut
626 2519 749 2599 saepius
778 2520 1003 2579 ecclesiasticas
1034 2518 1090 2578 iul-

170 2602 266 2662 minet
288 2621 378 2681 quam
401 2602 476 2663 alias
499 2601 625 2679 domus,
654 2601 735 2681 quod
763 2602 813 2662 bic
835 2602 1007 2662 vanissimis
1031 2602 1091 2682 sig—

171 2685 218 2745 nis
249 2692 367 2745 tentum
399 2687 533 2746 irritatur
562 2686 662 2745 verius
690 2704 781 2764 quam
804 2685 923 2746 colitur.
966 2683 1029 2745 Sed
1050 2683 1090 2745 ad

171 2768 364 2848 evangelium
387 2775 575 2828 revertamur
597 2774 628 2828 et
656 2776 838 2844 scrutemur,
868 2767 1090 2847 videamusque

172 2850 323 2912 mirabilia
345 2851 383 2911 de
405 2851 475 2932 lege
497 2851 564 2910 Dei.
588 2850 734 2911 Videmus
755 2851 805 2910 hio
813 2850 966 2910 Christum
987 2869 1088 2911 meum

172 2933 309 2995 cordium
347 2932 480 2994 indicem
507 2940 539 2994 et
568 2933 681 2993 nullius
717 2952 869 3013 personae
897 2935 916 2995 i.
947 2952 973 2996 e.
1001 2934 1090 2993 faciei

171 3018 237 3078 sive
259 3018 359 3078 bonae
381 3018 447 3077 sive
469 3016 568 3076 malae
591 3023 818 3095 respectorem3
845 3018 964 3076 namsi
985 3035 1090 3096 perso·

139 3112 142 3117 ’
170 3118 241 3160 nam
262 3101 465 3180 respexisset,
499 3099 609 3159 melior
633 3100 688 3159 illa
716 3105 782 3160 erat
809 3118 916 3166 eorum
938 3100 990 3177 qui
1013 3118 1090 3159 mur-

170 3183 345 3260 murabant,
377 3201 467 3261 qnam
497 3182 536 3243 od
564 3190 759 3261 peccatorem
789 3181 978 3260 divertisset,
1011 3200 1089 3260 quos

168 3270 272 3325 tamen
295 3265 438 3342 desernit,
461 3267 548 3345 peior
574 3271 640 3326 erat
661 3266 834 3343 Zachaeus,
868 3283 958 3344 quem
986 3270 1089 3325 tamen

169 3365 233 3408 non
255 3350 368 3408 veritus
391 3356 446 3408 est.
488 3348 536 3408 llli
558 3350 640 3408 enim
663 3347 868 3427 sequebantur
896 3367 964 3407 enm
988 3356 1019 3408 et
1040 3367 1090 3407 cn·

170 3431 305 3509 piebant,
328 3431 378 3491 hic
400 3437 465 3491 erat
482 3433 624 3511 princeps
653 3431 902 3510 publicanorum,
933 3430 977 3489 illi
1006 3430 1089 3507 boui,

171 3513 221 3573 bic
242 3512 349 3575 malus.
394 3513 525 3592 Exque
548 3513 579 3574 id
603 3513 779 3574 miraculum
803 3513 979 3591 conficitur,
1006 3513 1089 3592 quod

170 3597 222 3676 qui
244 3597 369 3674 cupiunt
392 3596 553 3673 Christum,
576 3616 638 3657 non
663 3598 798 3676 cupiunt,
829 3603 859 3656 et
880 3598 932 3674 qni
953 3615 1016 3656 non
1040 3615 1089 3657 cu·

169 3678 266 3758 piunt,
290 3680 424 3759 cupiunt,
447 3686 478 3740 et
498 3681 565 3760 ipse
587 3679 626 3740 ad
649 3698 704 3740 eos
726 3679 911 3760 ingreditur,
945 3680 996 3758 qni
1019 3699 1089 3740 eum

169 3778 232 3823 uon
267 3763 410 3842 cupiunt,
440 3762 517 3843 fugit
544 3762 583 3823 ab
611 3763 654 3823 eis
682 3764 733 3841 qui
764 3781 833 3823 eum
855 3762 990 3843 cupiunt.
1033 3762 1091 3823 Hic
