2356 4200
369 299 496 361 uerial.
517 301 553 372 ll.¹
566 299 632 355 silv.
651 256 801 369 Prior-im
1012 300 1046 370 Ιὁ,

205 468 255 537 Ad
274 470 544 550 quadragesimam
573 472 711 549 quintam
739 472 849 533 iterum
883 469 1058 552 distinguis,

123 558 155 613 ut
177 552 289 613 videris
312 554 376 631 tibi,
399 553 599 614 sufficientius
631 554 714 615 bona
736 554 1058 651 temporalianecea-

124 636 213 714 sana,
238 637 413 696 attendam
438 656 506 696 curn
529 636 676 698 Thomist'
657 643 694 698 trs
717 639 828 697 nostris
852 639 1058 698 consentiens

124 717 217 802 dicis.
249 717 432 780 Necessaria
467 719 602 780 secundo
631 719 725 783 modo
755 719 857 780 danda
887 739 945 800 pro
975 720 1058 783 aloe·

126 797 275 883 mosynis,
300 802 354 864 sed
377 802 507 862 solum
499 822 530 861 ιιι
553 809 691 864 extrema
713 804 907 864 necessitate.

135 976 141 981 .
208 919 314 1000 Rogo,
362 921 491 1000 ignosce
524 921 616 998 mibi,
648 919 817 980 reverende
846 919 950 994 Pater,
986 930 1058 980 nro‘r

125 1002 207 1062 enirn
229 1004 335 1080 nimis,
366 1003 448 1081 quod
473 1011 590 1063 textum
613 1003 745 1083 apostoli
768 1002 919 1062 Johannis
942 967 980 1062 de
1000 1002 1054 1083 vna-

125 1085 271 1161 cessitate
291 1085 496 1165 perditissime
524 1086 618 1146 trahis
648 1085 687 1145 ad
720 1087 934 1145 necessitatem
957 1091 1055 1146 extr'e

125 1183 241 1228 mam.³
271 1166 346 1242 Quis
380 1168 466 1228 dedit
503 1169 560 1233 tibi,
591 1173 793 1249 potestatem,
837 1170 1054 1229 necessitatem

124 1250 211 1311 illam
226 1256 395 1311 extremam
412 1252 536 1316 lacere?
560 1251 610 1312 Sic
627 1251 777 1327 diabolus,
799 1249 1054 1311 insidiosissimus

123 1333 242 1409 hostis,
272 1334 363 1394 etiam
390 1353 493 1394 sacras
521 1335 625 1393 literas
656 1333 745 1395 nobis
768 1333 870 1394 illudit
893 1340 923 1393 et
944 1333 1053 1414 perdit.

124 1416 187 1476 Det
214 1416 364 1476 Dominus
395 1417 485 1477 Jesus
516 1417 668 1494 Christus,
704 1424 737 1477 ut
764 1416 865 1475 nullus
895 1416 1054 1476 hominum

125 1498 180 1559 tibi
203 1505 234 1558 at
256 1499 415 1579 omnibus,
447 1501 498 1579 qui
519 1500 599 1559 hano
620 1499 755 1579 glossam
778 1505 900 1574 tenent,
932 1499 1054 1578 tribuat,

125 1581 278 1641 nisi-dum
301 1585 504 1662 perveneritis
526 1583 566 1642 ad
588 1588 757 1642 extremam
771 1582 998 1660 necessitatem,
1021 1587 1055 1642 ιιι

125 1664 260 1743 discatis,
282 1665 463 1744 scripturam
486 1671 623 1726 sanctam
644 1666 852 1744 incorruptam
868 1665 1053 1743 relinquere,
1083 1661 1087 1674 '

126 1748 176 1808 val
197 1747 335 1827 penuria.
381 1751 470 1808 istam
493 1747 649 1808 libidinem
685 1754 716 1807 et
743 1748 894 1806 luxuriam
918 1765 1064 1809 currum.

124 1830 248 1911 pendae
271 1832 439 1910 scripturae
461 1833 522 1891 iam
543 1832 638 1890 ferme
659 1831 804 1890 trecentis
827 1831 915 1889 annis
938 1832 1053 1910 patitur

125 1913 259 1974 eeclesia
294 1914 528 1993 incomparabili
570 1913 683 1973 damno
722 1930 777 1972 suo
816 1931 834 1973 a
871 1912 1051 1974 doctoribus

125 1995 331 2058 scholasticis.
401 2004 405 2010 '

209 2099 362 2179 Secundo,
386 2101 616 2162 conclusionem
641 2120 741 2160 meam
764 2118 868 2160 veram
890 2099 1051 2180 relinquis,

122 2203 231 2246 verum
259 2203 320 2244 non
355 2185 439 2264 capis
470 2183 552 2263 quod
588 2185 682 2245 volui.
734 2182 779 2242 Τιι
814 2183 845 2241 in
874 2181 937 2242 hoc
967 2190 1051 2243 recte

124 2268 223 2347 sapis,
248 2266 331 2346 quod
353 2269 528 2326 necessaria
550 2266 686 2327 secundo
705 2264 798 2325 modo
829 2270 933 2345 potest
953 2265 1047 2326 homo

124 2369 180 2430 pro
201 2351 299 2409 veniis
323 2349 414 2427 dare,
444 2349 543 2446 quodu
555 2350 699 2428 admitto,
731 2348 784 2408 sed
807 2349 903 2408 nostri
924 2349 1051 2409 venales

124 2451 295 2513 praecones
319 2432 357 2492 de
379 2433 560 2493 necessariis
590 2434 688 2512 primo
718 2430 811 2492 modo
841 2431 971 2491 suadent
997 2431 1051 2491 ho·

124 2515 256 2576 minibus
290 2514 363 2575 dare
395 2534 451 2596 pro
487 2518 594 2576 veniis.
648 2515 762 2575 Horum
798 2515 878 2573 enim
917 2533 980 2574 vox
1021 2519 1052 2576 et

123 2599 159 2658 lit
146 2605 232 2659 terae
256 2599 409 2678 (exempli
432 2617 487 2678 gra
489 2600 548 2677 tia)
574 2605 644 2658 sunt
664 2598 732 2658 hae.
768 2596 798 2656 si
812 2595 940 2657 haberes
958 2616 1051 2656 unam

124 2683 269 2760 tunicam,
291 2681 427 2742 vendere
449 2681 645 2755 deberest
611 2688 645 2740 ut
665 2699 771 2740 vemas
785 2679 961 2739 redlmeres
985 2679 1051 2740 Nec

123 2765 184 2826 hoo
214 2766 351 2825 contteni
329 2764 525 2841 ttsuaden,
559 2764 610 2825 ubi
642 2764 708 2842 quis
740 2755 914 2822 necessaria
950 2764 1050 2842 primo

124 2847 217 2908 modo
241 2866 304 2907 non
326 2847 510 2924 habuerint
498 2854 560 2908 tum
584 2845 726 2908 alicunde
747 2852 874 2922 mutuet,
893 2853 945 2904 aut
967 2864 1050 2906 men-

124 2929 215 3010 dicet,
239 2931 359 2990 etiamsi
381 2931 421 2989 sit
442 2950 527 2990 uxor.
561 2929 680 2990 Demde
693 2928 813 2989 Fratres
839 2927 1049 2988 mendicantes

124 3032 249 3094 qnoque
271 3013 412 3089 suadent,
390 3020 466 3072 ιιι
455 3013 652 3073 tctorradan
641 3012 731 3070 tsine
747 3010 849 3072 licent
830 3017 872 3069 ιιι
892 3013 1049 3090 pecunias.

123 3096 209 3158 Haec
234 3101 312 3174 sunt,
336 3098 377 3155 mi
401 3096 457 3156 Ριι
446 3103 500 3173 ιιι,
523 3096 576 3154 illa
597 3115 654 3176 por
656 3100 756 3167 ιιιιι,ι
786 3112 864 3171 quae
887 3093 968 3173 apud
992 3113 1056 3157 nos.

123 3184 318 3259 grassantur,
351 3179 426 3239 nihil
461 3179 519 3238 nisi
547 3177 831 3258 impudentissimae
860 3182 891 3235 ιι
917 3177 1049 3256 rapacis-

125 3265 221 3322 simae
244 3262 391 3321 avaritiae
413 3262 572 3342 negotium
594 3262 644 3321 hio
667 3260 731 3340 agit
732 3280 782 3334 ur,
812 3259 843 3316 in
866 3263 932 3318 ttan
933 3279 983 3318 um
1007 3259 1049 3318 lu-

124 3344 253 3406 dibrium
292 3344 444 3404 ecclesiae
483 3345 659 3422 Romanae,
693 3350 725 3402 ut
713 3342 834 3402 thaec
867 3340 935 3402 sola
967 3347 1050 3402 esset

125 3447 218 3489 eausa
240 3426 433 3487 abundet
386 3447 420 3486 sa
422 3435 510 3505 rs
514 3429 710 3487 tuniversae
731 3426 841 3485 veniae
858 3424 1048 3499 tollerentur,

124 3530 182 3572 nec
208 3530 259 3570 rne
286 3511 365 3570 falsa
391 3509 493 3570 dicere
528 3510 651 3587 aradae,
682 3528 744 3569 non
783 3513 899 3568 tantum
927 3527 990 3568 vox
1018 3513 1050 3568 et

102 3595 205 3655 ·fama
227 3598 345 3670 exstat,
317 3593 494 3654 tetsed
520 3592 588 3653 libri
618 3612 741 3669 eorum,
773 3591 804 3650 in
840 3589 948 3670 quibus
970 3591 1049 3651 baec

124 3679 238 3756 passim
262 3677 415 3757 leguntur.

206 3783 322 3863 Tertio,
345 3782 449 3843 omnia
465 3800 543 3862 quae
559 3782 673 3842 suades
696 3785 727 3842 ιι
741 3779 827 3860 dicis,
850 3798 888 3841 ea
902 3780 1049 3861 opinione
