2356 4200
176 274 239 342 142
425 278 620 338 Resoludcnes
640 280 743 350 bisput
763 279 842 335 turn.

176 465 239 526 quo
258 453 291 508 et
311 446 370 528 ipsi
399 467 511 529 papam
542 454 575 508 et
601 448 707 511 sedem
729 450 932 530 apostolicam
954 440 1097 529 blasph&

177 538 262 592 ment
283 539 314 591 et
335 530 554 593 criminentur?
576 531 641 592 Hos
664 553 723 614 ego
736 550 798 595 ncu
814 530 1099 614 inquietassent

176 615 321 675 iusitcres
344 613 517 675 haereticae
538 617 697 694 pravitatis
730 616 827 678 libera
859 634 937 678 vace
966 632 1099 697 pronun-

178 698 302 759 duem.
344 697 436 760 'Pales
458 705 571 759 ettam
592 699 759 779 prudenter
791 701 921 781 positae=
938 698 1013 759 sunt·
1036 699 1099 759 iere

175 799 283 842 omnes
306 781 532 861 conclusiones,
555 800 631 860 qaas
652 784 843 863 amplissima
868 783 923 843 illa
952 787 983 842 et
1011 783 1100 842 inno·

176 865 352 926 centesima
372 884 507 945 papyrus
528 866 643 944 passim
659 867 842 944 circumfert,
865 864 1003 928 subiecto
1016 866 1099 926 varri-¹

175 949 231 1011 tati
252 966 315 1009 nnn
342 947 460 1009 volens.
504 946 588 1023 Quas
610 950 636 1008 ei
658 966 766 1011 omnes
787 949 901 1010 vellem
929 947 1099 1027 coniutare,¹

198 1030 284 1092 randi
305 1031 463 1092 volumine
485 1049 563 1111 opus
584 1032 679 1110 foret,
710 1041 744 1094 et
770 1040 868 1094 totum
900 1051 981 1114 pene
1003 1031 1099 1092 chaos

175 1050 282 1190 auerti
304 1113 530 1176 Sententiarum
552 1114 760 1176 evolvendum
782 1133 852 1176 curn
881 1117 944 1176 suis
966 1115 1100 1176 scriben-

176 1198 271 1272 tibus,
295 1197 349 1258 sed
371 1204 422 1274 tu,
444 1197 557 1262 lector.
591 1205 659 1260 esto
682 1197 763 1260 liber
780 1206 812 1260 et
833 1199 999 1277 candidus,
1033 1214 1099 1278 cuo

175 1283 277 1362 possis
299 1301 339 1341 ex
361 1281 420 1343 hac
441 1298 503 1367 uua
525 1280 643 1342 discere
665 1299 783 1344 omnes.
953 1310 957 1319 ·

450 1480 708 1577 ‘'Conclusic
730 1482 787 1559 IV.

196 1646 210 1661 -·
256 1611 361 1671 Manet
381 1611 485 1690 itaque
505 1630 625 1690 poena,
654 1610 756 1672 denec
785 1615 890 1672 manet
920 1610 1027 1671 odium
1052 1611 1099 1671 sui

178 1694 227 1773 tid
250 1702 314 1769 est,
344 1695 536 1773 poenitentia
566 1713 640 1754 vera
662 1693 779 1777 intus),
802 1695 923 1757 scilicet
942 1710 1039 1773 usque
1057 1688 1099 1754 ad

179 1779 336 1839 introitum
358 1779 453 1858 regui·
467 1778 636 1840 coelorum.
975 1774 994 1813 '¹
1076 1794 1089 1817 ¹·

206 1900 208 1907 -
300 1906 303 1911 >
393 1860 434 1920 at
456 1860 535 1921 hanc
556 1878 664 1921 assero
684 1869 717 1921 et
737 1860 893 1922 ostendo..
974 1881 977 1888 ·
1057 1876 1061 1923 ἱ

258 1944 476 2022 Prinna-certa
499 1943 625 2022 sequela
648 1949 798 2023 tanquam
827 1942 1025 2004 corollarium
1049 1944 1101 2001 aa)

175 2029 277 2108 quitur
298 2047 338 2087 ex
359 2027 459 2104 dictis,
480 2027 558 2106 quia·
575 2028 600 2087 si
624 2029 724 2087 omnis
753 2028 817 2086 rita
839 2036 887 2086 est
908 2023 1100 2104 poenitentis

175 2116 207 2172 ct
229 2129 304 2206 spur
319 2109 452 2180 Christi,
484 2128 547 2170 nnn
569 2110 669 2170 solum
691 2111 722 2170 in
745 2109 925 2171 voluntariis
956 2105 1100 2167 afflictio·

175 2193 283 2272 uibus,¹
303 2193 358 2254 sed
380 2194 472 2253 etiam
495 2194 526 2252 in
548 2193 769 2255 tentationibus
791 2192 916 2268 diaboli,
940 2189 1046 2251 mnndi
1068 2197 1098 2250 et

177 2279 287 2355 earnis,
311 2278 491 2356 quinetiam
512 2277 543 2335 in
561 2275 826 2357 persecutionibus
849 2285 878 2335 et
892 2273 1098 2355 passionibus,

178 2368 272 2421 utex
294 2359 473 2438 praedictio,
505 2360 716 2439 exscriptum
748 2366 830 2442 tota,
865 2377 904 2418 ex
940 2359 1100 2437 ipsiusmet

178 2443 282 2505 Sancti
304 2451 496 2518 sanctorum,
521 2450 558 2502 at
585 2445 720 2503 omnium
748 2451 920 2521 martyrum
949 2440 1100 2522 exemplis

177 2533 272 2607 patet,
294 2535 411 2586 certum
432 2533 489 2601 est,
512 2526 594 2604 quad
619 2545 692 2585 crux
713 2525 768 2587 illa
789 2524 939 2604 usquead
960 2531 1099 2600 mortem,

178 2620 210 2672 et
232 2612 276 2671 sic
296 2609 336 2669 ad
358 2610 515 2669 introitum
539 2611 626 2689 regni
647 2609 745 2669 durat.

262 2693 424 2767 Secundo,
451 2692 525 2752 illud
552 2699 639 2772 patet
667 2693 757 2753 etiam
780 2694 810 2752 in
833 2691 900 2752 aliis
922 2690 1047 2751 sanctia.
1069 2688 1099 2748 8.

177 2775 367 2857 Augustinus
391 2776 470 2836 Psal.
493 2781 510 2839 7
535 2772 772 2854 poenitentiales
804 2775 860 2835 sibi
895 2774 967 2834 iecit
1000 2770 1098 2847 scribi,

178 2868 210 2921 et
230 2878 285 2920 eos
308 2879 377 2920 cum
399 2860 530 2919 lacrimis
554 2858 676 2936 orabat,
701 2868 732 2919 et
754 2858 957 2918 meditabatur
979 2856 1097 2918 dicens:

176 2944 304 3007 Etiamsi
326 2945 490 3023 episcopus
511 2943 685 3022 quicunque
707 2943 785 3002 iuste
807 2941 932 3015 vixerit,
963 2960 1026 3000 non
1050 2938 1098 2999 de·

178 3030 251 3091 bere
273 3034 375 3087 tumen
405 3028 471 3086 sine
500 3027 691 3105 poenitentia
724 3025 764 3086 de
799 3026 859 3086 boc
888 3023 1004 3084 mundo
1030 3040 1098 3083 eum

178 3111 346 3178 discedere.
389 3110 436 3169 lta
458 3117 488 3169 et
508 3109 540 3168 B.
555 3107 727 3168 Bernartius
748 3110 915 3188 agonisans
938 3105 1098 3166 clamauit:

178 3194 300 3256 Perdite
313 3194 394 3262 'vixi
417 3194 490 3270 quia
512 3199 632 3271 ternpus
654 3192 783 3270 perdidi,
806 3191 880 3250 nibil
902 3189 1024 3267 habeo,¹
1043 3189 1098 3256 nisi

179 3278 262 3358 quod
285 3279 365 3352 scio,
388 3277 461 3356 quia
484 3294 537 3334 cor
560 3275 723 3335 contritum
747 3282 778 3334 et
800 3272 995 3334 humiliatum
1016 3273 1100 3332 Deus

179 3382 241 3423 non
265 3360 425 3440 despicies.
1090 3388 1094 3397 ·

260 3444 380 3521 Tertio,
413 3443 533 3502 ratione
560 3449 621 3501 tam
644 3440 696 3500 diu
718 3459 798 3501 crux,
816 3439 868 3501 illa
885 3439 1097 3518 poenitentiae

179 3529 272 3591 debet
291 3527 411 3602 durare,
432 3527 534 3586 donec
554 3524 721 3584 secundum
733 3523 908 3602 apostolum
926 3521 1101 3584 destruatur

179 3632 290 3692 corpus
313 3611 441 3691 peccati,
464 3616 494 3669 et
515 3616 622 3688 pereat
644 3614 779 3668 vetustas
807 3606 894 3685 primi
919 3605 1006 3667 Adae
1031 3625 1099 3666 cum

180 3716 235 3758 sua
256 3696 389 3774 imagine
411 3700 443 3753 et
460 3690 634 3773 perficiatur
655 3709 753 3750 novus
766 3688 865 3749 Adam
881 3688 918 3748 ad
933 3689 1098 3770 imaginem

176 3779 250 3845 Dei.
293 3778 354 3840 Sed
377 3784 539 3860 peccatum
559 3782 780 3852 maestusque
802 3771 842 3833 ad
864 3780 1005 3851 mortem,
1027 3771 1101 3833 licet
