2356 4200
118 276 181 355 262
307 348 328 369 ,Ι
365 274 563 341 Βαοῑιιιὶοηω
585 272 694 343 Diaput
712 270 791 329 tutta.

259 480 308 542 De
329 479 484 559 seoundo,
507 479 626 539 soiiioet
648 477 759 538 marito
781 475 904 537 (insisti.
999 499 1013 515 ··
1035 498 1039 505 ·

209 608 278 672 Hoo
305 629 369 670 non
399 626 469 669 esse
496 607 671 668 thesaurum
702 604 982 687 indulgentiarum,
1010 602 1052 669 di

123 701 230 777 sputo,
260 712 331 759 esse
351 698 454 757 autem
477 691 654 751 thesaurum
676 689 845 768 eeclesiae,
872 688 1051 757 haeretieua

123 783 232 860 negat,
262 774 416 856 siquidem
438 772 576 835 Christus
598 781 647 833 est
666 773 799 852 pretium
820 770 926 839 mundi
949 776 984 833 et
998 788 1051 833 ro·

124 860 276 940 demptor,
297 864 330 919 et
348 858 420 919 ideo
443 857 602 917 verissime
623 863 654 916 et
671 855 755 917 solus
770 855 880 919 unicus
893 854 1051 923 eeclesiae

125 942 296 1007 thesaurus.
339 939 400 1005 Sed
422 937 506 1018 quod
527 939 567 999 sit
587 937 748 1001 thesaurus
776 937 1049 1018 indulgentiam,

125 1044 217 1107 nego,
239 1020 340 1085 donee
361 1022 486 1098 docear,
508 1028 540 1091 et
561 1040 655 1083 eausa
676 1019 811 1102 negandi
832 1026 894 1083 eat:

205 1106 321 1183 Prima,
351 1105 423 1183 quia
449 1103 541 1165 nullis
576 1101 628 1184 (ut
649 1104 708 1165 iam
731 1122 826 1183 saepe
846 1100 932 1185 diui)
955 1102 1051 1185 sorio

125 1190 200 1251 turis
220 1187 253 1249 id
273 1186 409 1268 probari,
430 1205 491 1247 neo
508 1186 679 1249 rationibus
701 1185 824 1249 ostendi
844 1190 962 1266 potest.
983 1184 1052 1259 Nee

125 1273 201 1353 ipsi,
231 1270 282 1350 qui
303 1269 365 1329 hoo
386 1274 506 1345 tenent,
528 1268 678 1349 probant,
701 1268 757 1330 sod
777 1268 961 1350 simplioiter
982 1288 1052 1329 mr·

126 1359 205 1433 rant,
225 1361 259 1413 ut
280 1350 422 1415 omnibus
444 1358 551 1413 uotum
574 1358 630 1413 est.

208 1434 280 1501 Dixi
301 1440 404 1499 autem
426 1434 526 1514 prius,
548 1434 631 1513 quod
652 1434 685 1496 in
707 1432 841 1497 oooleaia
861 1432 983 1513 aliquid
1003 1452 1050 1507 aa·

126 1536 244 1595 serere,
266 1516 351 1577 euius
373 1516 460 1577 nulla
480 1522 586 1596 potest
605 1517 684 1579 ratio
705 1515 756 1577 ve]
778 1516 929 1589 autoritas
949 1514 1050 1595 reddi.

127 1605 176 1663 eat
196 1598 361 1661 eeclesiam
382 1597 523 1659 hostibus
552 1604 585 1659 et
604 1599 768 1667 haereticis
788 1599 926 1667 irrisioni
953 1616 1052 1681 eaput

126 1701 212 1761 nere,
234 1700 303 1741 oum
324 1680 491 1743 seeundum
505 1680 682 1761 apostolum
695 1680 864 1756 Petrum*)
888 1687 1052 1753 teneamur

126 1764 278 1827 rationem
299 1761 430 1825 reddere
452 1762 491 1825 de
512 1782 560 1839 ea,
582 1764 712 1844 quaein
734 1762 825 1835 nobis
847 1769 911 1840 eat,
934 1761 1053 1835 udan

126 1865 192 1929 spe.
219 1840 462 1927 EtPaulus**),
485 1850 518 1905 ut
539 1846 579 1913 sit
600 1846 765 1926 episeopus
786 1852 899 1925 potens
921 1845 954 1913 iu
977 1844 1050 1917 doo-

125 1930 206 2001 trina
236 1947 329 2006 sana,
357 1928 449 1989 etiam
479 1926 738 1989 eontradieeutes'
755 1928 954 2008 redarguere.
995 1926 1054 2003 flio

127 2018 229 2085 autem
252 2010 332 2074 adeo
356 2016 406 2075 est
427 2009 513 2070 nulla
533 2011 699 2088 autoritas,
720 2017 763 2085 ut,
785 2011 810 2072 si
831 2009 927 2077 hodie
948 2008 1052 2081 deter-

130 2094 263 2155 minaret
283 2092 416 2161 eeclesia
435 2092 579 2155 Romana
598 2099 718 2172 partem
747 2091 980 2169 medvana,
1010 2093 1053 2165 nir

128 2174 296 2239 hilominua
316 2182 455 2235 maneret
476 2172 558 2235 idem
572 2174 751 2254 perieulum,
774 2175 892 2249 soilioot
901 2175 978 2255 quia
989 2194 1052 2247 nou

130 2276 293 2339 possumus
314 2258 467 2319 rationem
487 2255 617 2317 reddere
638 2256 741 2333 aliam,
763 2259 821 2319 nisi
843 2257 1052 2339 quiasiopa

130 2358 190 2421 pae
212 2345 243 2399 et
263 2338 425 2399 Romanae
451 2337 603 2399 eoolesiae
631 2339 757 2419 placuit
798 2339 861 2403 flod
890 2338 967 2418 quid
995 2340 1055 2409 iata

130 2422 209 2483 ratio
231 2420 338 2499 iaoiet,
367 2421 392 2482 si
415 2420 454 2482 ab
477 2419 558 2497 iislj
581 2441 775 2502 urgeremur,
805 2423 856 2501 qui
877 2406 1052 2485 Romanam

132 2503 296 2567 ecelesiam
317 2522 381 2564 non
405 2504 593 2582 sequuntur?
621 2511 655 2565 ut
673 2503 853 2583 haereticis,
880 2504 1063 2585 Pighardiu:

131 2584 171 2651 Hi
196 2604 259 2647 non
292 2585 482 2649 voluntatem
512 2605 613 2665 papae
644 2592 676 2647 et
702 2586 863 2657 Romanae
880 2587 1053 2663 eoelesiae,

132 2667 189 2731 sed
210 2666 260 2729 vel
281 2669 489 2747 autoritatem,
510 2667 561 2728 vel
581 2669 734 2731 rationem
755 2669 949 2749 probabilem
963 2688 1053 2749 quae

131 2758 209 2813 rent.
250 2749 292 2811 Et
313 2758 397 2811 uerte
417 2751 476 2811 iste
498 2755 545 2813 est
566 2750 636 2812 mihi
667 2750 716 2813 vel
744 2753 851 2813 unious
878 2770 997 2833 seopus
1024 2752 1053 2815 io

132 2834 193 2895 ista
214 2833 343 2895 materia
364 2839 439 2893 tota.
523 2824 538 2847 ⁹
747 2880 750 2885 .

216 2913 368 2993 Secunda,
390 2915 495 2977 omnia
507 2918 686 2995 argumenta
698 2910 749 2975 hio'
761 2915 830 2996 plus
841 2915 960 2994 valent,
976 2934 1055 2997 quae

134 2996 174 3059 de
196 2996 341 3059 thesauro
365 2996 522 3057 militantis
544 2996 695 3059 ecelesiae
717 3004 749 3058 et
769 3004 949 3059 sanctorum
969 2998 1055 3069 meri·

135 3080 174 3139 tis
194 3077 328 3140 adducta
350 3087 437 3155 sunt,
459 3079 593 3142 scilieet:

214 3158 332 3239 Primo,
353 3160 437 3241 quod
459 3167 533 3221 tuno
552 3161 763 3243 indulgentiae
782 3181 849 3223 uon
870 3170 944 3223 sunt
960 3160 1056 3227 indui·

133 3244 267 3325 gantiae,
288 3241 344 3303 sed
356 3242 572 3306 translationes
588 3264 715 3324 operum
729 3244 901 3315 alienorum
913 3244 956 3307 ad
968 3244 1056 3319 aliod,

135 3331 167 3386 et
185 3342 261 3389 vere
277 3343 315 3385 ao
329 3323 467 3405 legitima
479 3326 658 3404 satisfactio,
681 3328 754 3406 quia
764 3325 797 3397 id
807 3318 953 3405 saoimua,¹
974 3324 1056 3408 quod

31 3468 54 3501 ο
133 3426 189 3549 ger
210 3406 303 3503 alium
331 3406 468 3476 iacimus.
511 3408 557 3504 At·
579 3429 635 3490 per
666 3408 877 3490 indulgentias
910 3413 966 3489 (ut
985 3408 1057 3473 diait

161 3506 243 3549 anon
274 3488 327 3551 hb.
350 3492 369 3554 5
399 3489 439 3550 de
465 3509 569 3571 poem.
596 3500 626 3553 et
653 3512 695 3554 re.
724 3510 793 3572 oap.
820 3490 900 3553 Oum
928 3512 971 3555 ex
996 3490 1055 3575 ao)

207 3676 236 3739 1)
255 3677 287 3731 In
309 3677 352 3731 ed.
370 3675 446 3730 den:
465 3677 519 3731 his.

207 3747 240 3814 ‘)
260 3746 275 3801 1
294 3749 352 3803 Pet.
371 3746 396 3800 4.
452 3746 501 3816 ··)
521 3747 574 3804 Tit.
594 3745 617 3800 1.
