2356 4200
125 253 167 321 80
447 260 595 316 Sermones
613 261 725 316 Lutheri

125 447 192 487 rum
215 426 254 486 de
275 446 314 488 eo
336 428 415 488 iuste
438 435 470 488 et
490 448 562 490 vere
583 429 708 491 dicetur.
752 430 793 492 Ut
815 429 959 490 sidicat:
986 429 1043 490 Ille

128 517 177 571 est
198 517 364 588 scortator,
397 511 473 590 hoo,
501 514 572 592 quia
599 532 662 574 non
690 532 762 573 vere
789 512 878 592 dicit,
910 512 984 572 licet
1005 513 1045 573 sit

125 613 247 673 verum,
283 595 356 672 quia
389 613 453 654 non
486 594 574 674 loeo,
610 598 658 656 eni
694 603 725 656 et
753 595 909 675 quomodo
940 595 1043 675 debet

126 676 217 758 dicit,
252 676 323 737 ideo
354 677 463 737 dicitur
491 679 687 757 spiritualiter
714 685 881 758 scortator,
919 679 1044 739 mittens

97 787 98 791 ¹
126 779 233 820 semen
245 779 360 840 perum
383 765 414 820 et
434 760 549 821 bonum
573 762 751 840 verborum,
779 780 842 824 non
863 763 893 823 in
917 756 970 821 vai
994 760 1044 822 de-

125 843 237 921 bitum,
259 861 360 921 neque
382 843 453 903 loeo
476 850 530 904 aut
549 851 689 925 tempore
711 844 832 906 debitis.

208 926 360 1006 Disponat
391 945 465 1006 ergo
494 928 623 1006 quilibet
654 947 812 988 sermones
841 946 915 988 suos
936 928 967 986 in
991 926 1045 987 tali

124 1010 248 1086 indicio,
270 1015 303 1068 ut
324 1011 410 1085 sciat,
433 1011 515 1088 quod
537 1010 618 1071 idem
642 1011 724 1072 dicet
734 1011 818 1073 Deus
832 1009 870 1070 de
888 1028 937 1086 eo,
960 1009 1044 1088 quod

124 1094 193 1172 ipse
214 1092 295 1152 dicet
316 1092 355 1152 de
377 1093 449 1171 alio,
471 1092 664 1154 sivebonum
681 1095 747 1154 sive
762 1093 886 1171 malum,
910 1100 941 1152 et
962 1091 1044 1171 vide,

126 1176 198 1254 quid
221 1175 363 1236 libentius
387 1175 425 1235 de
442 1176 509 1236 Deo
532 1176 639 1237 audias
658 1195 697 1236 ex
713 1176 785 1254 illis,
805 1177 867 1238 hoc
887 1175 936 1235 dic
952 1176 1046 1236 etiam

125 1258 164 1319 de
185 1260 339 1339 proximo.
382 1258 471 1319 Unde
492 1259 566 1320 dicit
590 1261 757 1336 Dominus,
784 1279 823 1319 ex
853 1257 953 1319 verbis
983 1258 1044 1318 tuis

89 1379 91 1382 >
124 1340 336 1402 iustificaberis
366 1349 397 1402 et
427 1361 467 1401 ex
496 1342 596 1402 verbis
625 1343 683 1402 tuis
712 1340 985 1418 condemnaberis,
1015 1348 1046 1401 et

125 1425 186 1485 Jer.
212 1426 266 1488 23:
290 1424 375 1485 Unus
398 1425 455 1485 erit
476 1426 639 1504 unicuique
662 1444 763 1485 sermo
787 1444 876 1502 suus,
899 1423 938 1483 ad
960 1422 1044 1484 idem

125 1506 281 1585 Psalmus,
313 1507 440 1568 Gladius
470 1528 576 1568 eorum
605 1509 696 1568 intret
725 1510 756 1567 in
779 1507 874 1569 eorda
896 1508 1046 1586 ipsorum,

127 1597 160 1651 et
179 1591 287 1650 iterum
310 1589 359 1650 Ps.
382 1593 436 1654 49:
466 1590 583 1652 Sedens
609 1592 645 1666 (i.
668 1610 695 1653 e.
718 1609 825 1651 secure
847 1591 913 1650 siue
936 1590 1047 1650 timore

126 1673 203 1752 Dei,
233 1674 321 1751 quasi
345 1673 429 1733 solus
458 1675 571 1752 iustus,
606 1675 685 1734 sicut
711 1673 818 1746 Annas
852 1680 883 1733 et
911 1671 1045 1751 Caiphae

126 1763 234 1817 contra
254 1755 423 1831 Christum)
454 1757 601 1818 adversus
632 1758 754 1817 fratrem
785 1764 869 1817 tuum
898 1754 1045 1834 loqueba·

124 1842 167 1901 ris
190 1847 248 1900 eto.
292 1838 407 1900 Sedent
428 1842 508 1900 enirn
532 1840 768 1918 detrectatores,
792 1840 879 1918 quasi
900 1837 957 1899 sibi
980 1837 1047 1898 unl-

126 1923 226 1983 lorum
250 1931 449 2002 peccatorum
479 1924 611 2000 conscii,
642 1924 704 1982 iam
733 1922 819 2000 qnasi
847 1922 945 1980 sancti
975 1922 1047 1998 sint,

127 2013 210 2066 stant
231 2012 334 2065 autem
355 2007 427 2066 iusti
449 2013 480 2066 et
500 2007 613 2084 sancti,
646 2012 751 2066 tacent
771 2011 968 2086 peccatores,
999 2022 1047 2063 se-

128 2088 201 2151 dent
223 2097 326 2149 autem
348 2109 421 2149 vere
441 2088 500 2150 soli
521 2089 603 2150 beati
625 2107 693 2148 eum
717 2087 855 2164 Christo,
890 2087 968 2147 sicut
1001 2087 1046 2146 eis

126 2172 299 2253 pollicetur.
342 2172 389 2232 Illi
418 2191 492 2252 ergo
519 2172 612 2232 talem
640 2171 770 2252 gloriam
801 2170 858 2230 sibi
886 2169 936 2230 hio
964 2180 1047 2230 arro·

126 2263 216 2337 gant,
238 2254 293 2316 sed
315 2255 387 2333 quid
410 2255 564 2334 seqnitur?
606 2254 675 2314 Hoc
696 2255 796 2316 fecisti
818 2261 849 2313 et
870 2253 961 2330 tacui,
984 2253 1047 2312 exi·

127 2340 255 2400 stimasti
282 2340 403 2419 inique,
435 2338 518 2417 qnod
547 2357 599 2398 ero
629 2338 672 2397 tui
702 2336 825 2415 similis,
858 2354 983 2416 arguam
1017 2339 1049 2394 et

128 2429 259 2483 statuam
282 2428 390 2481 contra
411 2428 459 2499 te,
492 2419 611 2481 seilicet
633 2426 685 2479 tua
707 2419 802 2481 verba
823 2426 930 2479 contra
951 2424 982 2477 te
993 2418 1047 2497 *ip-

128 2526 209 2584 sum,
238 2524 316 2583 quae
345 2507 456 2564 sedens
479 2504 626 2564 adversus
649 2504 771 2563 fratrem
795 2510 879 2562 tunm
902 2499 1048 2579 loqueba·

127 2591 177 2653 ris.
220 2587 271 2650 Sic
292 2589 322 2646 in
345 2587 531 2668 Evangelio,
553 2585 676 2665 quando
695 2586 849 2646 Pharisaei
872 2583 911 2644 de
924 2582 1046 2646 Christo

128 2672 287 2748 dixerunt,
309 2689 372 2731 non
395 2678 442 2730 est
463 2670 512 2731 hio
533 2670 627 2730 homo
650 2689 670 2728 a
690 2669 774 2746 Deo,
796 2670 885 2746 item,
909 2686 966 2726 nos
990 2667 1070 2727 soi-x

129 2775 211 2833 mus,
233 2752 316 2833 qnod
338 2752 432 2814 homo
455 2754 513 2814 iste
534 2759 681 2832 peccator
702 2758 763 2829 est,
796 2752 887 2829 item,
908 2749 954 2809 Tu
977 2748 1047 2810 dae·

128 2838 264 2898 monium
288 2837 399 2914 habes,
426 2845 457 2897 et
486 2837 694 2897 testimonium
724 2843 808 2895 tuum
839 2852 902 2894 non
925 2839 973 2892 est
995 2851 1045 2892 ve·

128 2942 209 2999 rum,
238 2921 358 2980 vocaris
388 2927 513 3001 potator
540 2921 603 2980 vini
625 2925 656 2980 et
675 2917 910 2998 publicanorum
932 2915 1046 2994 socius,

128 3023 208 3085 quae
231 3004 336 3064 omnia
356 3009 473 3064 retorta
493 3003 524 3063 in
547 3021 620 3063 suos
642 3009 765 3062 autores
789 3018 863 3061 vera
883 3005 964 3059 sunt.

210 3087 280 3147 Jarn
303 3086 461 3148 videamus
483 3086 601 3164 aliquas
622 3103 740 3165 poenas
756 3084 832 3143 eius.
874 3081 976 3141 Primo
999 3099 1047 3140 so·

128 3190 179 3232 ror
200 3166 294 3230 Masis
316 3189 462 3250 pereussa
489 3176 536 3230 est
561 3168 662 3248 lepra,
695 3167 767 3246 quia
800 3164 933 3225 detraxit
958 3163 1048 3242 Moci,

128 3256 173 3314 sio
201 3255 409 3333 percutientur
441 3261 472 3313 et
496 3252 549 3314 illi.
594 3249 737 3312 Secundo
764 3249 816 3309 lex
843 3247 940 3308 civilis
961 3247 1049 3327 punit

128 3338 246 3418 capite,
280 3344 312 3396 ut
343 3341 429 3416 patet
461 3335 500 3396 de
528 3334 633 3396 libello
660 3334 790 3393 famoso.
837 3329 941 3390 Tertio
978 3327 1048 3391 vide

129 3420 272 3500 exempla
296 3423 380 3482 varia
400 3420 432 3479 in
455 3419 525 3480 vitis
546 3417 670 3478 Petrum
693 3423 724 3477 et
744 3416 774 3474 in
797 3412 925 3494 speculo
947 3431 1048 3472 exem-

128 3504 249 3585 plorum
272 3502 458 3582 Scripturae.
500 3499 591 3562 Unde
618 3498 805 3560 facetissime
827 3495 970 3577 Aesopus
992 3495 1048 3554 lin-

129 3607 205 3668 guas
228 3588 302 3648 emit
322 3585 369 3647 bis
394 3592 538 3663 tanquam
561 3602 669 3643 carues
690 3581 840 3661 pessimas
863 3586 894 3640 et
915 3579 1048 3658 optimas

130 3672 278 3732 omnium.
320 3669 395 3729 Ideo
425 3675 488 3728 tarn
517 3666 786 3727 vehementissime
808 3663 996 3742 vituperatur
1016 3662 1048 3720 iu

129 3753 302 3834 Scriptura,
334 3752 383 3816 Ps.
407 3754 463 3816 31:
496 3749 577 3826 Quid
605 3748 747 3831 gloriaris
778 3746 809 3807 in
839 3744 970 3824 malitia,
997 3743 1049 3823 qui
