2356 4200
134 297 176 365 34
196 282 207 374 s
436 318 448 345 v
493 299 591 356 aaran
609 299 740 356 Lntlrarl'·

133 469 198 533 hcc
217 469 350 552 malum,
380 472 453 551 qnia
475 488 614 550 omasum
633 471 795 553 corporale
818 475 966 550 nonest,
994 488 1059 531 non

135 555 322 636 agnoscitur,
344 572 408 617 non
430 562 547 635 movet,
568 574 632 616 uon
655 561 757 634 terret,
779 553 867 636 quod·
884 560 986 614 minen
1010 570 1058 614 so-

136 637 200 698 lum
294 639 360 699 osci
389 639 534 719 oportuit.
578 638 829 720 Quotusquisque
863 637 1059 698 sacerdotum

126 728 185 782 -est
203 720 244 782 ho
269 722 306 800 'a
328 722 380 802 qui
402 740 466 784 non
486 723 585 783 maius
606 729 769 802 peccatum
792 723 883 799 dicat,
905 723 932 780 si
954 720 1059 801 lapsus

73 877 76 884 Ι
134 805 229 866 sitin
250 811 411 886 paccatum
433 807 543 885 carnis,
566 806 674 866 sinon
697 807 840 884 oraverit,
863 806 889 864 si
910 803 1059 864 titubave-

136 889 176 948 rit
207 890 238 948 in
268 907 404 966 canona,
437 907 529 969 quam
557 890 584 949 si
604 889 732 950 verbum
754 889 891 950 veritatis
912 888 1060 965 omiserit,

137 978 191 1032 aut
217 990 280 1032 non
306 978 390 1032 recte
411 972 607 1032 tractaverit?
650 972 728 1033 Nam
757 970 804 1053 hi,
824 972 910 1033 alias
931 969 1006 1032 boni
1027 976 1061 1030 at

138 1056 236 1115 sancti
257 1055 324 1134 viri,
346 1053 527 1136 gravissime
549 1062 660 1119 errant.
701 1055 811 1116 Solum
834 1054 960 1116 verbum
982 1054 1056 1113 vari-

136 1139 207 1198 tatis
230 1143 286 1216 ast,
309 1139 341 1198 in
363 1156 424 1217 quo
447 1145 557 1218 putant
578 1159 612 1199 se
636 1156 699 1199 non
716 1157 810 1219 posse
824 1155 965 1219 peccare,
987 1155 1057 1196 cum

125 1236 219 1302 -pana
239 1221 339 1293 solum
361 1222 414 1300 ait,
448 1221 479 1281 in
502 1240 564 1302 quo
583 1221 727 1283 sacerdos
756 1229 867 1304 peccet
895 1228 930 1282 ut
962 1239 1060 1280 sacer-

136 1303 205 1366 dos.
247 1304 282 1365 In
304 1305 414 1364 ceteris
436 1323 511 1365 sane
532 1313 642 1386 peccat
662 1313 696 1366 ut
718 1305 832 1384 hom03
859 1303 923 1383 hic,
946 1305 972 1364 ai
993 1320 1058 1364 ver-

137 1387 209 1449 bum
232 1388 346 1448 omittit
375 1393 428 1448 ant
449 1388 651 1468 adulteretur,
684 1391 716 1448 ln
746 1387 881 1449 olllcium
909 1404 996 1448 suum
1028 1392 1090 1446 et·

128 1477 171 1531 ‘ut
184 1470 340 1551 sacerdos,
360 1471 381 1532 i.
404 1489 431 1531 e.
454 1471 548 1553 longe
562 1471 746 1551 horribilius,
769 1483 860 1552 quam
876 1471 970 1532 homo
986 1488 1057 1552 pac-

136 1560 196 1615 oat
239 1553 328 1615 Adeo
342 1553 421 1633 proh
443 1553 549 1616 dolori
572 1554 647 1615 dure
669 1562 700 1616 st
719 1556 879 1617 insensata
894 1553 1057 1634 pontifices

136 1635 231 1698 hodie
253 1639 352 1698 securi
374 1643 453 1716 sunt,
474 1644 508 1698 ut
529 1657 591 1700 non
615 1639 707 1700 modo
721 1639 880 1717 tacuerint,
903 1636 959 1697 sed
975 1637 1058 1716 quic·

137 1719 210 1802 quid
231 1720 355 1782 tandem
379 1740 397 1781 e
417 1720 516 1790 bucca
536 1722 568 1781 in
589 1721 737 1802 populum
768 1721 964 1802 spiraverint,
997 1719 1059 1780 hoo

134 1803 333 1886 praedicasse
354 1824 391 1864 ac
413 1802 556 1865 docuisse
577 1805 774 1885 appellitant,
794 1805 909 1865 nullam
932 1820 1057 1884 prorsus
1091 1804 1094 1811 '

136 1890 288 1950 rationem
311 1885 477 1966 habentes,
509 1888 595 1949 nullo
623 1890 734 1949 timore
762 1888 924 1965 commoti,
956 1905 996 1946 an
1018 1887 1060 1945 sit

138 1971 266 2034 verbum
288 1971 426 2032 veritatis
447 1970 487 2030 ad
509 1972 700 2032 nativitatem
722 1970 858 2032 divinam
874 1971 1060 2050 appositum,

136 2074 253 2134 necne,
286 2072 343 2135 pro
367 2073 428 2133 quo
452 2060 554 2115 tamen
576 2056 646 2116 solo
675 2061 760 2135 sunt,
794 2053 938 2134 quiequid
972 2059 1060 2130 sunt3

138 2138 168 2203 h.
192 2158 220 2200 a.
242 2137 421 2199 sacerdotes
444 2143 474 2198 at
496 2137 608 2218 clarus,
637 2157 708 2198 nam
730 2136 761 2198 in
785 2139 895 2198 ceteris
918 2134 1060 2198 omnibus

139 2228 276 2284 nonest
298 2240 377 2301 opus
399 2221 619 2284 sacerdotibus.
662 2220 830 2282 Proinde
852 2221 883 2280 si
903 2219 1060 2301 pontifi-

140 2323 205 2367 cas
225 2310 292 2365 ant
314 2303 552 2365 sacerdotes
574 2305 723 2385 alioqui
746 2309 879 2364 essent
898 2301 1059 2364 rotunda

140 2389 266 2450 sancti
287 2395 325 2448 at
346 2387 461 2468 boati,
483 2389 514 2448 si
535 2388 572 2447 in
589 2388 660 2449 hoa
676 2406 750 2449 uno
773 2389 850 2451 sint
870 2386 1064 2466 incuriosi

142 2473 276 2551 (sicuti
304 2472 425 2532 ferma
454 2488 588 2531 omncs
612 2477 737 2551 sunt),
770 2477 809 2532 ut
830 2469 984 2533 verbum
1006 2487 1063 2529 ve·

138 2556 277 2618 ritatis
299 2570 375 2616 non
398 2560 656 2616 cur-entreats
673 2552 896 2636 tractari*),
919 2559 1063 2614 certum

138 2645 214 2719 est,
243 2654 310 2699 eos
340 2639 446 2698 inter
474 2637 606 2718 lupos,
637 2657 713 2699 non
745 2639 847 2699 inter
873 2640 1062 2717 pas-tores

139 2727 383 2784 numeratum
405 2721 463 2800 iri,
485 2722 592 2782 inter
610 2721 732 2802 idola,
754 2738 831 2782 non
852 2721 955 2780 inter
974 2736 1061 2800 pon·

139 2805 278 2868 tilioaa
308 2822 437 2865 coram
465 2805 545 2865 Deo
577 2803 722 2868 haberi.
766 2803 812 2864 sit
842 2803 918 2863 alias
949 2807 1062 2882 castus,

140 2890 181 2950 sit
194 2889 354 2967 humanus,
377 2888 416 2947 sit
437 2887 556 2969 doctus,
578 2895 691 2970 augeat
705 2887 832 2967 reditus,
850 2885 994 2947 aedificet
1010 2884 1063 2946 do-

140 2990 224 3053 mus,
266 2971 375 3032 dilatet
406 2968 570 3051 ditionem,
612 2971 746 3051 deniqne
782 2971 876 3030 iaciat
904 2969 1062 3047 miracula,

140 3057 267 3117 suscitet
299 3061 456 3133 mortuos,
490 3055 594 3136 ejiciat
620 3055 802 3115 daemones:
836 3053 890 3113 illc
917 3050 1061 3113 sacerdos

141 3139 242 3200 solum
264 3143 312 3200 est
329 3144 360 3198 et
380 3143 498 3218 pastor,
521 3139 572 3218 qui
594 3136 722 3219 angelus
734 3137 858 3199 Domini
872 3137 1062 3196 exercituum

141 3228 204 3302 ast,
236 3224 257 3284 l.
290 3241 317 3283 e.
346 3223 476 3282 nuncius
506 3222 580 3300 Dei,
614 3221 643 3281 h.
666 3241 692 3282 s.
721 3222 772 3302 qni
799 3219 895 3281 verbo
924 3219 1061 3280 veritatis

127 3305 257 3387 populo
280 3311 412 3386 praeeat,
435 3306 529 3365 servit
550 3304 590 3364 ad
606 3305 799 3365 nativitatem
821 3303 901 3363 hano
915 3302 1061 3363 divinam.

140 3389 211 3450 Non
235 3407 309 3469 ergo
331 3389 391 3449 ista
412 3394 483 3448 sunt
503 3386 641 3467 pericula
661 3392 837 3468 pastorum,
866 3404 945 3466 quae
967 3385 1061 3465 vulgo

80 3509 82 3513 ,
141 3473 308 3550 iactantur,
343 3472 382 3531 da
405 3470 565 3531 altitudine
587 3469 715 3552 gradus,
752 3468 791 3531 da
818 3470 967 3550 regimina
990 3487 1062 3528 oon·

142 3557 347 3634 scientiarum,
373 3553 412 3614 de
429 3554 549 3614 ratione
562 3552 721 3616 reddenda
735 3573 791 3635 pro
814 3550 932 3615 divitiis
948 3570 986 3612 aa
1008 3570 1062 3631 po·

141 3646 268 3718 testate3
300 3635 433 3698 levicula
458 3634 536 3697 haec
564 3643 649 3698 sunt:
682 3657 788 3698 verum
811 3634 916 3698 omnia
937 3642 1062 3715 superat

196 3815 226 3877 *)
244 3810 330 3864 Aurei
347 3809 553 3862 reformationis
573 3823 654 3864 verae
673 3806 825 3878 prodromi.
899 3836 901 3845 =
