2356 4200
375 308 409 361 D.
430 307 507 362 Mart.
525 308 635 364 Lutheri
654 311 760 364 concio.
978 305 1039 372 339

206 477 299 558 Igitur
330 429 380 537 isti
405 479 503 559 magis
525 476 632 539 dolent
659 476 698 538 de
724 485 853 558 peccato
884 477 1038 540 offenden-
1071 493 1072 497 ’

123 562 198 622 ιιιιιιι
216 580 259 640 se,
282 578 373 640 quarn
395 559 432 620 de
455 578 510 621 suo
535 559 647 621 damno
670 569 701 621 et
723 559 849 638 offensa,
871 560 963 640 idque
984 582 1039 642 po-

121 646 182 705 tius
204 651 300 740 agunt
314 690 322 722 ‚
351 662 411 722 quo
440 643 509 703 illos
539 642 577 704 de
606 650 733 723 peccato
759 651 924 721 revocent,
948 663 1039 742 quam

121 726 236 808 quod
227 727 352 786 iniurias
375 745 444 787 suas
466 726 659 787 ulciscantur.
681 725 753 786 ideo
774 727 888 788 formas
909 728 1042 789 iustitiae

122 829 198 871 suae
230 815 359 888 exuunt,
395 816 426 869 et
452 808 572 869 illorum
595 809 708 870 formas
736 807 879 888 induunt
915 820 1038 872 orantes

121 912 178 974 pro
191 891 453 973 persequentibus,
471 890 688 953 benedicentes
703 857 970 990 maledicentibus:
987 892 1038 954 be·

121 976 311 1037 nefacientes
344 974 623 1055 malefacientibus,
653 983 684 1035 et
712 994 768 1056 pro
800 977 875 1056 ipsis
907 976 1037 1037 inimicis

121 1060 185 1120 auis
207 1077 325 1140 poenas
347 1057 476 1119 luereet
486 1058 662 1119 satisfacere
683 1059 792 1138 parati,
814 1059 933 1119 utsalvi
954 1058 1038 1140 fiant,

120 1143 251 1203 hoct
203 1147 251 1202 est
252 1141 474 1222 ‚evangelium
497 1146 528 1202 et
549 1140 722 1221 exemplum
746 1134 865 1204 Christi.

203 1224 298 1284 Tertii
319 1232 404 1304 sunt,
433 1225 483 1304 qui
511 1232 583 1288 sunt
604 1223 715 1285 affectu
737 1224 830 1304 teies,
859 1225 965 1304 quales
992 1245 1037 1286 se·

120 1306 242 1369 cundi
233 1327 293 1367 ram
317 1306 399 1386 dicti,
422 1306 476 1367 sed
499 1306 609 1367 effectu
630 1307 691 1367 alii.
733 1307 771 1367 Hi
795 1316 877 1386 sunt,
901 1309 951 1387 qui
974 1328 1035 1368 non

121 1389 201 1453 adeo
222 1396 389 1470 reposcunt
410 1409 483 1469 sua,
519 1395 572 1450 aut
598 1389 684 1450 reddi
710 1390 875 1451 vindictam
904 1392 1037 1471 cupiunt,

121 1475 193 1553 quia
215 1492 270 1534 sua
291 1480 460 1553 quaerunt,
489 1472 543 1533 sed
565 1491 622 1552 per
643 1492 712 1533 eam
733 1473 899 1535 vindictam
921 1483 952 1534 et
971 1473 1038 1534 red·

120 1557 267 1618 ditionem
291 1575 413 1617 suorum
437 1563 587 1635 quaerunt
607 1556 770 1616 emendam
790 1556 889 1635 iilius,
916 1558 966 1636 qui
993 1577 1038 1617 ra·

119 1640 207 1721 puit,
229 1639 279 1700 vei
301 1638 447 1715 offendit,
470 1657 560 1718 quem
583 1639 690 1699 vident
710 1639 777 1699 sine
793 1641 953 1719 punitione
975 1659 1036 1702 non
1063 1653 1068 1662 “

118 1741 214 1802 posse
237 1721 402 1782 emendari.
443 1721 484 1782 Hi
504 1729 653 1783 vocantur
674 1722 786 1800 zelon,
810 1729 841 1782 et
860 1723 890 1781 in
914 1724 1038 1802 scriptu-

118 1806 160 1865 ris
182 1804 306 1877 laudem
334 1803 463 1883 habent,
502 1803 557 1865 sed
588 1805 650 1865 hoo
678 1824 742 1865 non
764 1803 909 1866 debett
877 1812 1037 1883 attentare,

118 1888 177 1948 nisi
200 1889 304 1967 quiin
326 1851 463 1949 secundo,
485 1887 620 2030 gray
612 1908 674 1949 ram
702 1886 783 1949 dicto
807 1887 958 1967 perfectus
981 1897 1037 1967 est,

116 1976 150 2031 et
170 1971 461 2049 exercitatissimus,
484 1991 524 2031 ne
557 1990 678 2032 urorem
699 1989 756 2050 pro
778 1970 846 2031 zelo
869 1970 1036 2054 apprehen·

117 2053 172 2113 dat
192 2060 223 2114 ct
245 2053 328 2134 qnod
349 2072 454 2116 amore
475 2054 609 2114 iustitiae
637 2073 707 2114 sese
729 2051 826 2114 credit
814 2052 964 2131 tfacere,
998 2073 1037 2114 ex

115 2137 163 2197 ira
184 2138 287 2216 potius
316 2143 348 2199 ct
357 2137 568 2233 impatientia
585 2136 696 2198 fecisse
718 2136 926 2197 convincatur.
950 2135 1035 2196 Simi

115 2219 155 2281 iis
177 2228 226 2281 est
253 2221 334 2281 enirn
355 2220 401 2281 ira
421 2219 489 2280 zelo
513 2227 543 2280 et
561 2220 752 2299 impatientia
773 2219 870 2280 amori
892 2220 1035 2297 iustitiae,

115 2309 150 2363 ιιι
170 2303 230 2363 nisi
250 2321 270 2362 a
290 2302 539 2383 spiritualissimis
568 2301 698 2363 discerni
727 2303 801 2361 setis
823 2321 885 2363 non
907 2303 1036 2382 possint.

113 2383 299 2461 Huiusmodi
320 2385 393 2445 fecit
403 2385 539 2446 Christus
563 2404 641 2465 opus
653 2383 707 2528 gut
720 2383 1036 2467 diciturJohann.2.),

114 2466 240 2548 quando
263 2468 352 2528 factis
374 2466 504 2548 flagellis
535 2469 627 2529 eiecit
676 2488 693 2528 e
725 2467 842 2548 templo
865 2466 1034 2529 vendentes

113 2558 322 2631 sternentes,
350 2556 382 2612 et
402 2550 514 2612 Paulus
537 2551 595 2630 ⁸),
623 2550 746 2631 quando
770 2550 859 2612 dixit:
891 2552 924 2611 In
947 2552 1035 2633 virga

112 2635 239 2696 veniam
260 2634 300 2695 ad
318 2653 375 2695 vos
397 2641 455 2698 etc.

527 2764 620 2828 Finis.
