2356 4200
138 272 204 356 386Ι
368 274 436 331 scu
454 273 488 333 u.
509 273 587 345 aurs.
605 273 682 329 suu.
701 231 848 343 rugum
889 268 891 273 ·

138 446 332 526 theologum,
354 445 408 506 sed
431 446 482 525 qui
504 463 610 527 parum
633 446 672 506 sit
683 444 862 525 placiturus,
885 445 1069 525 praesertim

137 529 297 590 Romanas
319 530 423 589 curias
432 526 652 605 adulatoribus,
672 525 850 588 iamdudum
874 528 960 587 enim
980 528 1072 608 gestit

138 613 256 673 suimus
278 610 384 673 ludere
405 611 529 690 bellum,
553 610 635 691 quod
656 609 858 691 gessitiosue
879 609 1069 676 adversus¹i

137 694 225 756 Aitas
249 695 297 771 ⁴⁸).
339 692 466 755 Interim
488 692 571 754 hunc
590 700 712 774 gustum
735 691 790 754 tibi
811 688 966 775 praelibo,
1012 691 1070 753 uod

138 764 297 839 conciusio
322 795 390 838 mea
411 795 485 838 vere
507 781 555 837 cst
566 782 674 837 contra
686 774 953 857 Extravagantem
977 711 1072 852 iiiam,

137 858 209 925 ideo
231 858 309 919 inlsa
331 866 362 920 st
383 877 534 935 erronea,
571 865 602 918 et
630 857 814 923 revocanda.
845 856 952 935 Quare
975 864 1009 921 et
1027 876 1070 919 rs·

138 961 218 1004 voco
241 961 310 1003 eam
332 941 501 1005 solenniter
521 943 552 1002 in
574 941 622 1002 his
644 942 775 1023 scriptis,
797 940 1071 1023 damnatamques

86 1026 89 1033 '
140 1025 283 1107 meipso
306 1024 488 1106 pronuncio,
509 1022 658 1105 profiteor
679 1023 823 1104 denique,
845 1023 933 1104 quod
954 1025 1001 1085 ita
1019 1042 1070 1105 po

138 1109 199 1171 sita
219 1114 267 1168 est
289 1127 308 1168 a
329 1126 379 1167 me
402 1115 433 1167 et
454 1126 551 1190 usque
572 1106 666 1168 hodie
687 1106 791 1189 placet
810 1107 897 1188 ipsa,
930 1113 1029 1189 atque
1047 1107 1070 1167 si

138 1192 243 1270 posita
262 1210 326 1251 non
350 1197 440 1267 esset,
463 1188 563 1251 adhue
583 1209 741 1270 ponerem.

221 1272 363 1343 Secundo
386 1271 530 1352 reprob0,
550 1272 674 1347 damno,
697 1271 898 1352 detestorque
920 1222 1068 1357 Extra*

136 1363 260 1437 gantem
282 1355 377 1436 iliam,
400 1363 546 1437 tanquam
567 1354 675 1416 ialssm
698 1362 729 1417 et
750 1375 924 1434 erroneam,
947 1356 1067 1418 merito

137 1458 196 1518 que
218 1436 462 1519 reprobandam,
497 1437 704 1519 profiteorqua
725 1437 842 1500 bonum
863 1438 981 1521 fuisse,
1004 1456 1068 1501 eom

136 1521 204 1581 aliis
227 1521 328 1582 verbis
351 1523 484 1603 positam
508 1539 587 1601 esse,
611 1540 675 1583 non
697 1520 780 1602 quod
802 1521 940 1583 sit'ialsa
961 1522 996 1583 in
1017 1538 1067 1583 suo

136 1623 247 1684 sensu,
281 1603 336 1665 sed
373 1603 458 1685 quod
479 1605 511 1665 in
533 1602 712 1687 theologico
736 1624 830 1667 sensu
851 1611 951 1684 errat,
988 1606 1069 1666 cuius

135 1687 231 1748 verba
265 1686 381 1749 inducit
416 1695 524 1749 contm
557 1688 741 1749 sententiam
780 1693 884 1750 textus
917 1689 1068 1771 apertissi

136 1788 227 1835 mam.
260 1786 267 1791 ·

217 1852 300 1914 Ecce
321 1854 570 1932 revocationem,
592 1854 652 1913 iam
676 1853 821 1931 satisfeci,
845 1854 942 1937 etiam
965 1850 1067 1915 advar-

134 1936 242 2014 sariis,
265 1955 368 2017 spero.
402 1934 667 2010 Quidiinsanum
682 1956 739 2001 „me
760 1942 862 2017 putas,
886 1936 1000 2019 lector,
1021 1942 1068 1997 aut

134 2018 250 2079 ebrium
272 2018 403 2081 censes?
441 2017 511 2079 Non
532 2018 674 2096 insanio,
698 2018 753 2080 sed
775 2016 956 2081 sobrietatis
978 2018 1067 2081 veras

135 2101 254 2180 loquor.
284 2101 374 2178 Quod
397 2110 430 2161 ut
452 2101 613 2162 ostendam
642 2103 733 2162 etiam
756 2103 973 2165 crassissimae
994 2100 1068 2164 mdi-

134 2185 207 2261 tati,
242 2184 357 2245 ciarum
386 2183 516 2262 faciam,
545 2184 646 2245 solere
679 2184 798 2246 scilicet
818 2184 990 2328 ppntifices
1011 2185 1067 2246 vim

136 2266 236 2326 tacere
259 2269 354 2328 sacris
389 2266 485 2328 literis
506 2269 537 2327 in
560 2269 622 2328 suis
644 2267 784 2331 decretis.
848 2288 900 2329 am
929 2286 1067 2331 reveren·

137 2347 280 2410 dissimus
303 2348 447 2411 dominus
469 2350 602 2432 Legatus
637 2352 772 2412 omnium
801 2352 1069 2432 impatientissime

135 2430 213 2511 tulit,
237 2433 318 2512 quod
343 2452 401 2493 nec
419 2452 519 2514 papae
537 2435 689 2494 sanctitati
697 2435 889 2514 pepercerim
913 2435 1069 2514 (sicenim

133 2515 239 2577 scribit
259 2515 298 2576 ad
321 2515 565 2578 Illustrissimum
588 2517 761 2598 Principem
778 2516 973 2579 Fridericum
996 2521 1067 2592 etc.)

132 2606 164 2659 et
184 2599 336 2661 relatione
359 2598 487 2680 indigna
509 2597 659 2681 dixerim,
682 2599 767 2679 quod
788 2618 902 2681 papam
927 2608 1069 2683 torquere

132 2689 163 2742 et
193 2682 278 2743 abuti
308 2682 466 2764 scripturis
495 2679 638 2762 dixerim,
676 2681 974 2763 nitendumjtaque
1001 2682 1068 2744 mihi

130 2772 186 2905 pst,
210 2772 329 2827 utnon
352 2767 451 2846 possit
471 2784 604 2846 negare,
628 2767 687 2826 vim
710 2767 879 2849 scripturae
900 2765 1068 2849 aliquando

141 2855 253 2908 aetam.

212 2929 326 3010 Primo,
351 2932 426 2991 dicit
446 2930 617 2991 Decretalis
649 2930 687 2991 de
710 2932 818 2992 consti.
834 2930 1006 2995 Translata
1029 2951 1068 2993 sa-

129 3012 279 3091 cerdotio,
298 3032 429 3074 necesse
453 3019 517 3091 est,
539 3018 574 3073 ut
594 3014 754 3076 translatio
777 3014 855 3095 tegis
878 3014 947 3079 iiat.
991 3016 1069 3079 Haec

128 3097 264 3175 apostoli
288 3095 386 3157 verba
408 3094 539 3156 suntad
561 3094 700 3157 Ebraeos
723 3097 862 3177 dicentis,
883 3096 1069 3180 Temporale

128 3179 335 3240 sacerdotium
372 3178 450 3259 legis
478 3177 596 3238 finitum
627 3186 659 3239 et
679 3180 860 3261 abrogatum
883 3181 1069 3245 succedente

128 3262 307 3323 sacerdotio
334 3267 463 3322 aeterno
487 3260 610 3322 Christi.
641 3261 728 3324 Haec
748 3269 796 3323 est
817 3282 972 3343 germana
994 3264 1026 3343 ²)
1046 3272 1070 3324 ct

126 3347 260 3422 genuina
284 3345 444 3405 sententia
466 3344 593 3404 istorum
617 3344 791 3407 verborum.
836 3344 881 3407 At
901 3346 1071 3410 Decretaiis

127 3426 215 3488 huius
245 3428 406 3488 seruientia
442 3433 489 3487 est
509 3426 608 3505 haec,
645 3427 851 3491 sacerdotium
882 3428 1002 3493 Christi
1032 3436 1071 3491 est

174 3637 209 3723 t),
225 3639 310 3693 ibid:
339 3640 471 3692 adversus
491 3641 607 3696 Hsiitas.
663 3640 695 3709 2)
717 3641 747 3693 in
768 3640 810 3694 ed.
843 3644 920 3712 orig.
949 3644 1066 3714 (Witt.)t

123 3725 256 3779 germina.

176 3785 205 3856 *t
226 3781 292 3841 iud.
312 3780 346 3847 ‘'i.
