2356 4200
156 272 221 339 434
435 293 440 299 ·
552 275 685 330 Asterisci
733 322 736 329 .

241 444 288 503 De
318 432 532 522 applicatione
554 445 739 505 sacerdotali
767 445 875 506 omitto
903 443 953 504 hic
982 442 1081 522 loqui,

157 526 209 587 alii
231 526 380 605 viderint,
410 546 501 605 quam
531 533 614 586 recte
640 527 703 589 fiat.
727 542 730 549 ·
751 525 860 606 Neque
881 529 963 587 enim
985 526 1024 586 de
1043 545 1082 586 ea

157 610 285 670 locutus·
303 629 370 669 sum
391 610 651 690 inpositionibus
672 610 753 670 meis'
771 630 916 690 usquam,
946 608 1003 670 scd·
1023 609 1082 669 Ec-

158 694 238 769 cius,
259 693 311 771 qui
324 694 438 753 omnia
459 695 490 753 in
513 693 670 772 omnibus,
691 692 807 772 idest,
830 693 904 753 nihil
926 692 1081 773 intelligit,
1113 697 1117 703 ’

158 776 250 835 etiam
284 777 328 834 sic
357 795 441 836 meas
467 776 566 836 voluit
593 795 748 837 venenare
768 797 860 857 puras
883 783 915 836 et
937 777 1082 836 innoxias

158 860 354 919 sententias·
378 859 458 919 Dico
480 865 583 919 tamen
606 879 714 919 unum:
738 860 770 920 Si
791 859 902 920 Eccius
922 857 1080 920 exanimo

137 941 281 1015 'diceret
304 942 528 1021 applicationes
549 943 757 1003 sacerdotales
779 961 842 1003 nou
865 959 935 1003 esse
952 944 984 1001 ιιι
1002 941 1091 1002 arbi-³

157 1026 215 1084 trio
239 1024 334 1085 solius
356 1024 427 1102 oei,
452 1036 485 1085 ut
505 1027 572 1105 ipse
595 1026 757 1086 distribuat
778 1045 831 1086 aas
852 1026 978 1103 maritis,
1003 1025 1083 1084 sicui

157 1108 191 1169 Β.
210 1108 400 1187 Augustinus
423 1108 636 1168 de-defunotis
659 1109 771 1187 docet,·
799 1111 859 1169 iam
889 1127 952 1168 nou
982 1107 1084 1170 cauda

158 1193 239 1269 eius,
261 1189 316 1249 sed
337 1197 444 1268 canat,
466 1192 562 1270 pedes
586 1199 617 1251 st
638 1199 719 1252 totus
744 1191 889 1271 quidquid
908 1198 967 1270 est
990 1210 1083 1252 vena·

156 1294 229 1333 num
259 1280 315 1333 eat.
364 1272 481 1334 Horror
507 1275 580 1334 mihi
610 1283 658 1335 est
679 1276 801 1352 audire,
824 1294 886 1336 uon
908 1273 1081 1351 alumen,

157 1375 220 1417 non
242 1376 261 1415 a
282 1356 393 1436 Turno,
415 1376 479 1417 non
499 1377 518 1416 a
532 1359 671 1418 Bohemo
688 1359 854 1435 haeretico,
867 1357 935 1418 vsed
954 1377 974 1417 a
996 1358 1082 1418 theo

157 1439 232 1519 logo
253 1439 417 1516 catholico,
442 1439 586 1520 suffragia
608 1443 760 1501 ecclesiae
783 1460 850 1502 non·
869 1459 939 1500 essa
958 1439 1083 1501 inarbi-

158 1523 216 1582 trio
227 1522 296 1586 Dei
318 1521 423 1601 solius,
446 1525 526 1583 tusi
549 1525 593 1583 sio
616 1524 711 1584 doces
735 1524 901 1604 populum,
923 1542 987 1586 non
1010 1542 1083 1583 con·

159 1606 310 1682 donator,
327 1604 386 1664 sed
409 1613 546 1667 vastator
569 1626 602 1666 es
624 1607 784 1671 ecclesiae.
1068 1646 1086 1687 ·.

240 1687 323 1768 Ergo
353 1706 427 1748 vero
455 1689 551 1750 libers
578 1695 688 1749 contra
715 1690 809 1749 talem
837 1696 899 1749 tarn
926 1692 1091 1768 impurum:

83 1838 89 1845 ,
157 1770 345 1831 haereticum
367 1771 466 1832 clamo
490 1779 521 1831 et
542 1771 629 1832 dico:
656 1772 821 1833 Maledicta
846 1775 884 1832 sit
902 1773 1005 1832 omnia
1023 1791 1081 1852 ap-

86 1863 88 1867 ’
157 1853 284 1933 plicatio
315 1855 523 1934 uniuscunque
552 1855 737 1931 sacerdotis,
770 1858 794 1914 si
818 1874 880 1917 non
904 1873 973 1914 eam
995 1856 1081 1934 priua

159 1952 233 2016 pure
255 1944 287 1997 et
307 1945 484 1998 reverenter
504 1939 536 1996 iu
547 1937 704 1998 arbitrium
715 1938 773 1998 Dei
789 1939 884 1999 solius
896 1939 1081 2017 reposuerit,

159 2026 192 2079 et
216 2020 456 2100 applicationem
486 2021 542 2081 Dei
573 2040 648 2080 suae
676 2023 856 2116 longissime
890 2021 1081 2100 praetulerit

158 2121 305 2182 suamque
327 2103 576 2164 conditionaliter
597 2105 799 2183 apposuerit·
838 2105 924 2165 Itane
952 2103 1090 2169 undem-

158 2185 296 2266 theologi
324 2186 441 2245 Deum
437 2189 609 2266 1·(ιιιιιιιιιιιι
636 2187 782 2305 reddent
819 2195 852 2246 ut
885 2205 947 2247 non
985 2186 1082 2247 faciat

159 2267 375 2346 quodvult?
428 2310 430 2315 -

242 2350 303 2412 Sed
325 2353 434 2412 omitto
448 2353 524 2429 .,ista
546 2372 608 2414 nou
632 2355 713 2412 enim
736 2353 773 2413 de
795 2304 1005 2431 applicatione
1022 2371 1081 2433 ego

158 2433 242 2495 locut
231 2442 278 2495 tus
306 2454 396 2512 sum,.
412 2435 466 2495 sed
488 2435 527 2494 de
549 2437 777 2516 acceptatione,
802 2434 894 2514 quod
907 2435 1022 2495 Eccius
1043 2454 1083 2496 ox
1104 2505 1106 2508 y

158 2517 424 2596 praecedentibus,
446 2520 472 2577 si
484 2518 579 2578 ullum
592 2520 719 2580 haberet
731 2539 849 2595 nasum,
872 2518 1009 2578 olfacere
1029 2536 1081 2598 po·

160 2602 276 2660 tuissct.
327 2601 417 2661 Nam·
437 2601 584 2661 adversus
611 2622 665 2662 eos
694 2603 800 2682 posui,
831 2602 882 2679 qui
909 2620 968 2680 per
994 2602 1081 2662 illum

160 2683 294 2764 suffiagii
316 2684 441 2744 modum
464 2684 570 2744 dicunt
588 2687 721 2745 animam
741 2685 874 2761 evolare,
889 2702 959 2744 oum
977 2690 1081 2744 muron

160 2766 336 2862 suffragium
359 2769 400 2827 sit
388 2769 609 2827 tintercessio.
645 2768 879 2828 lntmcessiouis
903 2775 1007 2827 autem
1031 2786 1081 2828 va·

159 2848 207 2909 lor
229 2869 292 2911 non
311 2851 343 2909 in
367 2849 505 2910 offerent
485 2857 540 2925 trs,
573 2851 639 2910 sed
659 2852 838 2931 accipientis
856 2848 986 2909 arbitrio
1010 2868 1081 2911 con

161 2932 248 2995 sistit
281 2913 355 2993 Ideo
371 2952 440 2994 curn
462 2933 653 3013 indulgentia
674 2954 737 2996 non
760 2941 794 2994 ut
814 2932 1007 3013 indulgentia
1020 2952 1082 3013 -ρει

161 3015 290 3111 clavem,
313 3016 367 3076 sed
389 3024 422 3075 ut
440 3016 565 3096 suffrag
537 3037 619 3076 orum
632 3037 689 3097 pro
703 3017 763 3077 illis
780 3015 889 3078 offerat
877 3023 934 3093 tur,
958 3017 1090 3097 negara-

160 3101 337 3179 peripsum
359 3100 637 3176 animamredimi
666 3102 724 3160 nisi
752 3101 820 3161 Deo
850 3101 907 3159 sio
903 3099 1081 3178 placuerit,

161 3200 239 3260 quae
266 3201 371 3242 resa
381 3203 434 3243 me
457 3183 584 3261 quidem
612 3184 802 3263 disputatur
831 3201 894 3241 non
925 3184 1080 3243 asseritur.

159 3263 317 3361 Exspecto
347 3265 603 3337 declarationem
637 3267 691 3326 sed
724 3285 786 3326 non
814 3265 900 3324 illam
927 3265 1079 3340 nivatam,

159 3347 620 3427 idtsst,1nes0rumouid
651 3357 753 3409 autem
787 3347 827 3407 ad
860 3347 1080 3410 discursanti

161 3433 265 3511 quarti
282 3432 421 3511 dicam,
413 3452 448 3491 ιιι
466 3433 577 3512 probat
566 3434 700 3494 tionibus
722 3431 882 3492 videbitur.

462 3538 540 3603 XIV.
562 3537 777 3614 Obeliscus.*)

358 3641 436 3699 imus
465 3659 520 3719 per
555 3641 760 3719 scripturam,
801 3637 1005 3704 clamantibus
1042 3634 1075 3697 ad

126 3696 575 3819 ·ιι--βψω

126 3808 143 3847 ἰ
183 3784 239 3862 '‘·)
257 3794 401 3850 Adversus
420 3793 464 3847 29.
484 3791 612 3867 Conclus.
631 3791 753 3845 Lntlreri.
