<?xml version="1.0" encoding="UTF-8"?>
<!DOCTYPE html PUBLIC "-//W3C//DTD XHTML 1.0 Transitional//EN"
    "http://www.w3.org/TR/xhtml1/DTD/xhtml1-transitional.dtd">
<html xmlns="http://www.w3.org/1999/xhtml" xml:lang="en" lang="en">
 <head>
  <title>
</title>
<meta http-equiv="Content-Type" content="text/html;charset=utf-8" />
  <meta name='ocr-system' content='tesseract 3.04.00' />
  <meta name='ocr-capabilities' content='ocr_page ocr_carea ocr_par ocr_line ocrx_word'/>
</head>
<body>
  <div class='ocr_page' id='page_1' title='image "./dmartinilutheri01luthgoog_0762.png"; bbox 0 0 2356 4200; ppageno 0'>
   <div class='ocr_carea' id='block_1_1' title="bbox 248 302 1046 383">
    <p class='ocr_par' dir='ltr' id='par_1_1' title="bbox 248 302 1046 383">
     <span class='ocr_line' id='line_1_1' title="bbox 248 302 1046 383; baseline -0.004 -15"><span class='ocrx_word' id='word_1_1' title='bbox 248 316 374 383; x_wconf 73' lang='lat' dir='ltr'><strong>Qustdor</strong></span> <span class='ocrx_word' id='word_1_2' title='bbox 391 313 476 369; x_wconf 80' lang='lat' dir='ltr'><strong>Gonu.</strong></span> <span class='ocrx_word' id='word_1_3' title='bbox 496 312 528 368; x_wconf 69' lang='lat' dir='ltr'><strong>lt.</strong></span> <span class='ocrx_word' id='word_1_4' title='bbox 551 313 586 368; x_wconf 81' lang='lat' dir='ltr'><strong>bl.</strong></span> <span class='ocrx_word' id='word_1_5' title='bbox 606 311 634 366; x_wconf 75' lang='lat' dir='ltr'><strong>ll.</strong></span> <span class='ocrx_word' id='word_1_6' title='bbox 653 326 679 369; x_wconf 80' lang='lat' dir='ltr'><strong>s.</strong></span> <span class='ocrx_word' id='word_1_7' title='bbox 697 308 773 369; x_wconf 58' lang='lat' dir='ltr'><strong>‘idid</strong></span> <span class='ocrx_word' id='word_1_8' title='bbox 790 312 909 367; x_wconf 70' lang='lat' dir='ltr'><strong>murteo.</strong></span> <span class='ocrx_word' id='word_1_9' title='bbox 980 302 1046 373; x_wconf 60' lang='grc' dir='ltr'><strong>Μ</strong></span> 
     </span>
    </p>
   </div>
   <div class='ocr_carea' id='block_1_2' title="bbox 122 470 1130 2802">
    <p class='ocr_par' dir='ltr' id='par_1_2' title="bbox 122 470 1130 2802">
     <span class='ocr_line' id='line_1_2' title="bbox 124 470 1045 565; baseline -0.004 -19"><span class='ocrx_word' id='word_1_10' title='bbox 124 483 257 565; x_wconf 85' lang='lat' dir='ltr'><strong>Deinde,</strong></span> <span class='ocrx_word' id='word_1_11' title='bbox 279 483 352 564; x_wconf 88' lang='lat' dir='ltr'><strong>qnid</strong></span> <span class='ocrx_word' id='word_1_12' title='bbox 372 484 463 545; x_wconf 76' lang='lat' dir='ltr'><strong>futuri</strong></span> <span class='ocrx_word' id='word_1_13' title='bbox 486 470 559 545; x_wconf 87' lang='lat' dir='ltr'><strong>msll</strong></span> <span class='ocrx_word' id='word_1_14' title='bbox 581 483 654 544; x_wconf 82' lang='lat' dir='ltr'><strong>mibi</strong></span> <span class='ocrx_word' id='word_1_15' title='bbox 674 481 841 560; x_wconf 73' lang='lat' dir='ltr'>incumbat,</span> <span class='ocrx_word' id='word_1_16' title='bbox 859 490 971 543; x_wconf 85' lang='lat' dir='ltr'><strong>omnes</strong></span> <span class='ocrx_word' id='word_1_17' title='bbox 993 498 1045 542; x_wconf 88' lang='lat' dir='ltr'><strong>sx-</strong></span> 
     </span>
     <span class='ocr_line' id='line_1_3' title="bbox 123 563 1046 650; baseline -0.005 -21"><span class='ocrx_word' id='word_1_18' title='bbox 123 573 315 650; x_wconf 70' lang='lat' dir='ltr'><strong>spectamus,</strong></span> <span class='ocrx_word' id='word_1_19' title='bbox 350 585 464 629; x_wconf 87' lang='lat' dir='ltr'><strong>novum</strong></span> <span class='ocrx_word' id='word_1_20' title='bbox 491 568 595 649; x_wconf 80' lang='lat' dir='ltr'><strong>ignem</strong></span> <span class='ocrx_word' id='word_1_21' title='bbox 624 565 784 627; x_wconf 75' lang='lat' dir='ltr'><strong>succendi:</strong></span> <span class='ocrx_word' id='word_1_22' title='bbox 819 563 873 626; x_wconf 85' lang='lat' dir='ltr'><strong>scd</strong></span> <span class='ocrx_word' id='word_1_23' title='bbox 900 565 944 625; x_wconf 84' lang='lat' dir='ltr'><strong>lte</strong></span> <span class='ocrx_word' id='word_1_24' title='bbox 973 563 1046 625; x_wconf 81' lang='lat' dir='ltr'><strong>iecit</strong></span> 
     </span>
     <span class='ocr_line' id='line_1_4' title="bbox 123 645 1046 729; baseline -0.007 -16"><span class='ocrx_word' id='word_1_25' title='bbox 123 649 250 713; x_wconf 84' lang='lat' dir='ltr'><strong>verbum</strong></span> <span class='ocrx_word' id='word_1_26' title='bbox 265 651 443 712; x_wconf 78' lang='lat' dir='ltr'><strong>vertistissi</strong></span> <span class='ocrx_word' id='word_1_27' title='bbox 466 664 548 729; x_wconf 87' lang='lat' dir='ltr'><strong>num,</strong></span> <span class='ocrx_word' id='word_1_28' title='bbox 570 651 618 710; x_wconf 92' lang='lat' dir='ltr'><strong>cui</strong></span> <span class='ocrx_word' id='word_1_29' title='bbox 631 646 865 710; x_wconf 67' lang='lat' dir='ltr'><strong>contradicitur:</strong></span> <span class='ocrx_word' id='word_1_30' title='bbox 886 645 1046 708; x_wconf 73' lang='lat' dir='ltr'><strong>voluer-sm</strong></span> 
     </span>
     <span class='ocr_line' id='line_1_5' title="bbox 122 668 1046 815; baseline -0.008 -19"><span class='ocrx_word' id='word_1_31' title='bbox 122 732 233 796; x_wconf 80' lang='lat' dir='ltr'><strong>cotom</strong></span> <span class='ocrx_word' id='word_1_32' title='bbox 255 733 418 815; x_wconf 77' lang='lat' dir='ltr'><strong>publicitus</strong></span> <span class='ocrx_word' id='word_1_33' title='bbox 439 668 613 814; x_wconf 67' lang='lat' dir='ltr'><strong>disputare,</strong></span> <span class='ocrx_word' id='word_1_34' title='bbox 646 731 701 792; x_wconf 88' lang='lat' dir='ltr'><strong>sed</strong></span> <span class='ocrx_word' id='word_1_35' title='bbox 728 748 802 792; x_wconf 88' lang='lat' dir='ltr'><strong>ecce</strong></span> <span class='ocrx_word' id='word_1_36' title='bbox 834 742 941 791; x_wconf 86' lang='lat' dir='ltr'><strong>rumor</strong></span> <span class='ocrx_word' id='word_1_37' title='bbox 959 740 1046 811; x_wconf 77' lang='lat' dir='ltr'><strong>prse-</strong></span> 
     </span>
     <span class='ocr_line' id='line_1_6' title="bbox 123 811 1046 898; baseline -0.007 -20"><span class='ocrx_word' id='word_1_38' title='bbox 123 818 210 878; x_wconf 84' lang='lat' dir='ltr'><strong>venit</strong></span> <span class='ocrx_word' id='word_1_39' title='bbox 230 822 263 876; x_wconf 85' lang='lat' dir='ltr'><strong>et</strong></span> <span class='ocrx_word' id='word_1_40' title='bbox 281 816 429 897; x_wconf 83' lang='lat' dir='ltr'><strong>plurimos</strong></span> <span class='ocrx_word' id='word_1_41' title='bbox 448 823 609 898; x_wconf 68' lang='lat' dir='ltr'><strong>magnetes</strong></span> <span class='ocrx_word' id='word_1_42' title='bbox 631 815 709 878; x_wconf 81' lang='lat' dir='ltr'><strong>adeo</strong></span> <span class='ocrx_word' id='word_1_43' title='bbox 732 815 900 895; x_wconf 76' lang='lat' dir='ltr'><strong>permovit,</strong></span> <span class='ocrx_word' id='word_1_44' title='bbox 921 817 956 873; x_wconf 86' lang='lat' dir='ltr'><strong>ut</strong></span> <span class='ocrx_word' id='word_1_45' title='bbox 975 811 1046 892; x_wconf 69' lang='lat' dir='ltr'><strong>ltpr-</strong></span> 
     </span>
     <span class='ocr_line' id='line_1_7' title="bbox 124 897 1046 980; baseline -0.004 -20"><span class='ocrx_word' id='word_1_46' title='bbox 124 916 240 980; x_wconf 87' lang='lat' dir='ltr'><strong>scopns·</strong></span> <span class='ocrx_word' id='word_1_47' title='bbox 259 906 345 959; x_wconf 84' lang='lat' dir='ltr'><strong>mens</strong></span> <span class='ocrx_word' id='word_1_48' title='bbox 363 897 667 980; x_wconf 77' lang='lat' dir='ltr'><strong>Brendenburgensis</strong></span> <span class='ocrx_word' id='word_1_49' title='bbox 687 897 910 979; x_wconf 83' lang='lat' dir='ltr'><strong>missonuntio</strong></span> <span class='ocrx_word' id='word_1_50' title='bbox 933 906 1046 976; x_wconf 79' lang='lat' dir='ltr'><strong>meglio</strong></span> 
     </span>
     <span class='ocr_line' id='line_1_8' title="bbox 149 977 1048 1062; baseline -0.007 -19"><span class='ocrx_word' id='word_1_51' title='bbox 149 982 307 1060; x_wconf 87' lang='lat' dir='ltr'><strong>ostulsret,</strong></span> <span class='ocrx_word' id='word_1_52' title='bbox 330 989 362 1042; x_wconf 88' lang='lat' dir='ltr'><strong>nt</strong></span> <span class='ocrx_word' id='word_1_53' title='bbox 381 980 534 1042; x_wconf 75' lang='lat' dir='ltr'><strong>differrem</strong></span> <span class='ocrx_word' id='word_1_54' title='bbox 556 1001 623 1042; x_wconf 81' lang='lat' dir='ltr'><strong>eoin</strong></span> <span class='ocrx_word' id='word_1_55' title='bbox 642 980 890 1062; x_wconf 83' lang='lat' dir='ltr'><strong>disputationem,</strong></span> <span class='ocrx_word' id='word_1_56' title='bbox 911 977 995 1058; x_wconf 89' lang='lat' dir='ltr'><strong>quod</strong></span> <span class='ocrx_word' id='word_1_57' title='bbox 1015 983 1048 1038; x_wconf 88' lang='lat' dir='ltr'><strong>et</strong></span> 
     </span>
     <span class='ocr_line' id='line_1_9' title="bbox 123 1003 1047 1146; baseline -0.005 -20"><span class='ocrx_word' id='word_1_58' title='bbox 123 1003 183 1126; x_wconf 60' lang='lat' dir='ltr'><strong>dccl</strong></span> <span class='ocrx_word' id='word_1_59' title='bbox 211 1071 242 1126; x_wconf 89' lang='lat' dir='ltr'><strong>et</strong></span> <span class='ocrx_word' id='word_1_60' title='bbox 268 1065 366 1143; x_wconf 87' lang='lat' dir='ltr'><strong>isoio,</strong></span> <span class='ocrx_word' id='word_1_61' title='bbox 393 1066 572 1146; x_wconf 80' lang='lat' dir='ltr'><strong>praesertim</strong></span> <span class='ocrx_word' id='word_1_62' title='bbox 601 1065 707 1124; x_wconf 78' lang='lat' dir='ltr'><strong>amicis</strong></span> <span class='ocrx_word' id='word_1_63' title='bbox 733 1076 856 1145; x_wconf 81' lang='lat' dir='ltr'><strong>quoque</strong></span> <span class='ocrx_word' id='word_1_64' title='bbox 885 1060 1047 1122; x_wconf 88' lang='lat' dir='ltr'><strong>consulen-</strong></span> 
     </span>
     <span class='ocr_line' id='line_1_10' title="bbox 124 1145 1047 1228; baseline -0.005 -19"><span class='ocrx_word' id='word_1_65' title='bbox 124 1148 221 1209; x_wconf 88' lang='lat' dir='ltr'><strong>tibus:</strong></span> <span class='ocrx_word' id='word_1_66' title='bbox 244 1147 324 1226; x_wconf 86' lang='lat' dir='ltr'><strong>vide,</strong></span> <span class='ocrx_word' id='word_1_67' title='bbox 347 1166 438 1228; x_wconf 81' lang='lat' dir='ltr'><strong>quem</strong></span> <span class='ocrx_word' id='word_1_68' title='bbox 461 1149 519 1208; x_wconf 90' lang='lat' dir='ltr'><strong>sim</strong></span> <span class='ocrx_word' id='word_1_69' title='bbox 540 1152 733 1219; x_wconf 85' lang='lat' dir='ltr'><strong>monstrosus</strong></span> <span class='ocrx_word' id='word_1_70' title='bbox 754 1146 867 1223; x_wconf 88' lang='lat' dir='ltr'><strong>bomo,</strong></span> <span class='ocrx_word' id='word_1_71' title='bbox 890 1145 975 1204; x_wconf 87' lang='lat' dir='ltr'><strong>ouius</strong></span> <span class='ocrx_word' id='word_1_72' title='bbox 995 1158 1047 1204; x_wconf 91' lang='lat' dir='ltr'><strong>cc-</strong></span> 
     </span>
     <span class='ocr_line' id='line_1_11' title="bbox 123 1224 1046 1311; baseline 0 -21"><span class='ocrx_word' id='word_1_73' title='bbox 123 1237 214 1291; x_wconf 84' lang='lat' dir='ltr'><strong>netns</strong></span> <span class='ocrx_word' id='word_1_74' title='bbox 244 1232 336 1290; x_wconf 86' lang='lat' dir='ltr'><strong>etiem</strong></span> <span class='ocrx_word' id='word_1_75' title='bbox 378 1236 450 1290; x_wconf 90' lang='lat' dir='ltr'><strong>sunt</strong></span> <span class='ocrx_word' id='word_1_76' title='bbox 480 1229 712 1291; x_wconf 78' lang='lat' dir='ltr'><strong>intolerabiles“</strong></span> <span class='ocrx_word' id='word_1_77' title='bbox 741 1229 838 1311; x_wconf 76' lang='lat' dir='ltr'><strong>[Epp.</strong></span> <span class='ocrx_word' id='word_1_78' title='bbox 875 1227 962 1289; x_wconf 74' lang='lat' dir='ltr'><strong>num.</strong></span> <span class='ocrx_word' id='word_1_79' title='bbox 996 1224 1046 1290; x_wconf 88' lang='lat' dir='ltr'><strong>ed.</strong></span> 
     </span>
     <span class='ocr_line' id='line_1_12' title="bbox 124 1309 1047 1394; baseline -0.007 -20"><span class='ocrx_word' id='word_1_80' title='bbox 124 1313 221 1376; x_wconf 78' lang='lat' dir='ltr'><strong>Annii.</strong></span> <span class='ocrx_word' id='word_1_81' title='bbox 244 1314 255 1372; x_wconf 93' lang='lat' dir='ltr'><strong>l</strong></span> <span class='ocrx_word' id='word_1_82' title='bbox 275 1332 305 1393; x_wconf 93' lang='lat' dir='ltr'><strong>p.</strong></span> <span class='ocrx_word' id='word_1_83' title='bbox 327 1311 377 1391; x_wconf 77' lang='lat'><strong>75,</strong></span> <span class='ocrx_word' id='word_1_84' title='bbox 405 1313 445 1373; x_wconf 90' lang='lat' dir='ltr'><strong>de</strong></span> <span class='ocrx_word' id='word_1_85' title='bbox 466 1313 570 1374; x_wconf 87' lang='lat' dir='ltr'><strong>Wette</strong></span> <span class='ocrx_word' id='word_1_86' title='bbox 591 1315 613 1391; x_wconf 89' lang='lat' dir='ltr'><strong>l,</strong></span> <span class='ocrx_word' id='word_1_87' title='bbox 634 1332 664 1394; x_wconf 88' lang='lat' dir='ltr'><strong>p.</strong></span> <span class='ocrx_word' id='word_1_88' title='bbox 679 1313 780 1389; x_wconf 58' lang='lat'><strong>130.)</strong></span> <span class='ocrx_word' id='word_1_89' title='bbox 802 1311 924 1372; x_wconf 85' lang='lat' dir='ltr'><strong>Lntheri</strong></span> <span class='ocrx_word' id='word_1_90' title='bbox 940 1309 1047 1393; x_wconf 75' lang='lat' dir='ltr'><strong>omisi,</strong></span> 
     </span>
     <span class='ocr_line' id='line_1_13' title="bbox 125 1395 1047 1476; baseline -0.004 -21"><span class='ocrx_word' id='word_1_91' title='bbox 125 1403 188 1474; x_wconf 75' lang='lat' dir='ltr'><strong>tum</strong></span> <span class='ocrx_word' id='word_1_92' title='bbox 211 1395 350 1476; x_wconf 79' lang='lat' dir='ltr'><strong>theologi</strong></span> <span class='ocrx_word' id='word_1_93' title='bbox 373 1413 464 1475; x_wconf 86' lang='lat' dir='ltr'><strong>quum</strong></span> <span class='ocrx_word' id='word_1_94' title='bbox 486 1396 619 1472; x_wconf 89' lang='lat' dir='ltr'><strong>iuristse,</strong></span> <span class='ocrx_word' id='word_1_95' title='bbox 637 1395 852 1455; x_wconf 86' lang='lat' dir='ltr'><strong>buncLutheri</strong></span> <span class='ocrx_word' id='word_1_96' title='bbox 873 1403 1047 1454; x_wconf 86' lang='lat' dir='ltr'><strong>sermonem</strong></span> 
     </span>
     <span class='ocr_line' id='line_1_14' title="bbox 126 1476 1047 1559; baseline -0.004 -19"><span class='ocrx_word' id='word_1_97' title='bbox 126 1479 259 1540; x_wconf 77' lang='lat' dir='ltr'><strong>menime</strong></span> <span class='ocrx_word' id='word_1_98' title='bbox 281 1477 483 1539; x_wconf 75' lang='lat' dir='ltr'><strong>laudaverunt</strong></span> <span class='ocrx_word' id='word_1_99' title='bbox 510 1496 547 1538; x_wconf 87' lang='lat' dir='ltr'><strong>sc</strong></span> <span class='ocrx_word' id='word_1_100' title='bbox 574 1479 682 1558; x_wconf 79' lang='lat' dir='ltr'><strong>plausu</strong></span> <span class='ocrx_word' id='word_1_101' title='bbox 710 1496 766 1538; x_wconf 92' lang='lat' dir='ltr'><strong>suo</strong></span> <span class='ocrx_word' id='word_1_102' title='bbox 787 1476 1047 1559; x_wconf 81' lang='lat' dir='ltr'><strong>opprobsverdni,</strong></span> 
     </span>
     <span class='ocr_line' id='line_1_15' title="bbox 125 1557 1048 1645; baseline -0.002 -23"><span class='ocrx_word' id='word_1_103' title='bbox 125 1558 183 1623; x_wconf 89' lang='lat' dir='ltr'><strong>sed</strong></span> <span class='ocrx_word' id='word_1_104' title='bbox 219 1561 386 1628; x_wconf 70' lang='lat' dir='ltr'><strong>morsorii</strong></span> <span class='ocrx_word' id='word_1_105' title='bbox 420 1562 485 1621; x_wconf 87' lang='lat' dir='ltr'><strong>eius</strong></span> <span class='ocrx_word' id='word_1_106' title='bbox 521 1557 718 1623; x_wconf 82' lang='lat' dir='ltr'><strong>odiosissime</strong></span> <span class='ocrx_word' id='word_1_107' title='bbox 752 1559 966 1645; x_wconf 26' lang='lat' dir='ltr'><strong>qusequelde</strong></span> <span class='ocrx_word' id='word_1_108' title='bbox 998 1568 1048 1637; x_wconf 81' lang='lat' dir='ltr'><strong>ec,</strong></span> 
     </span>
     <span class='ocr_line' id='line_1_16' title="bbox 124 1641 1048 1726; baseline -0.004 -21"><span class='ocrx_word' id='word_1_109' title='bbox 124 1645 304 1726; x_wconf 73' lang='lat' dir='ltr'><strong>praesertim</strong></span> <span class='ocrx_word' id='word_1_110' title='bbox 327 1662 395 1703; x_wconf 88' lang='lat' dir='ltr'><strong>cum</strong></span> <span class='ocrx_word' id='word_1_111' title='bbox 417 1643 553 1703; x_wconf 91' lang='lat' dir='ltr'><strong>nondum</strong></span> <span class='ocrx_word' id='word_1_112' title='bbox 576 1646 658 1725; x_wconf 84' lang='lat' dir='ltr'><strong>typis</strong></span> <span class='ocrx_word' id='word_1_113' title='bbox 673 1644 909 1719; x_wconf 75' lang='lat' dir='ltr'><strong>excususss‘set,</strong></span> <span class='ocrx_word' id='word_1_114' title='bbox 931 1643 961 1702; x_wconf 92' lang='lat' dir='ltr'><strong>in</strong></span> <span class='ocrx_word' id='word_1_115' title='bbox 985 1641 1048 1702; x_wconf 83' lang='lat' dir='ltr'><strong>vul·</strong></span> 
     </span>
     <span class='ocr_line' id='line_1_17' title="bbox 125 1725 1048 1809; baseline -0.002 -23"><span class='ocrx_word' id='word_1_116' title='bbox 125 1747 183 1809; x_wconf 82' lang='lat' dir='ltr'><strong>gus</strong></span> <span class='ocrx_word' id='word_1_117' title='bbox 221 1745 366 1807; x_wconf 83' lang='lat' dir='ltr'><strong>spargere</strong></span> <span class='ocrx_word' id='word_1_118' title='bbox 402 1733 494 1805; x_wconf 85' lang='lat' dir='ltr'><strong>etque</strong></span> <span class='ocrx_word' id='word_1_119' title='bbox 528 1725 792 1788; x_wconf 74' lang='lat' dir='ltr'><strong>criminationibus</strong></span> <span class='ocrx_word' id='word_1_120' title='bbox 825 1727 855 1785; x_wconf 90' lang='lat' dir='ltr'><strong>in</strong></span> <span class='ocrx_word' id='word_1_121' title='bbox 884 1725 1048 1786; x_wconf 83' lang='lat' dir='ltr'><strong>botherum</strong></span> 
     </span>
     <span class='ocr_line' id='line_1_18' title="bbox 127 1804 1130 1889; baseline -0.004 -18"><span class='ocrx_word' id='word_1_122' title='bbox 127 1809 257 1871; x_wconf 90' lang='lat' dir='ltr'><strong>edendis</strong></span> <span class='ocrx_word' id='word_1_123' title='bbox 280 1809 357 1870; x_wconf 80' lang='lat' dir='ltr'><strong>ulter</strong></span> <span class='ocrx_word' id='word_1_124' title='bbox 377 1804 505 1868; x_wconf 82' lang='lat' dir='ltr'><strong>alterurn</strong></span> <span class='ocrx_word' id='word_1_125' title='bbox 530 1826 675 1889; x_wconf 82' lang='lat' dir='ltr'><strong>superare</strong></span> <span class='ocrx_word' id='word_1_126' title='bbox 697 1809 885 1879; x_wconf 86' lang='lat' dir='ltr'><strong>studuerunt.</strong></span> <span class='ocrx_word' id='word_1_127' title='bbox 915 1807 1049 1868; x_wconf 79' lang='lat' dir='ltr'><strong>Osroene</strong></span> <span class='ocrx_word' id='word_1_128' title='bbox 1127 1874 1130 1881; x_wconf 29' lang='lat'>¹</span> 
     </span>
     <span class='ocr_line' id='line_1_19' title="bbox 124 1889 1048 1972; baseline -0.002 -19"><span class='ocrx_word' id='word_1_129' title='bbox 124 1892 161 1953; x_wconf 88' lang='lat' dir='ltr'><strong>id·</strong></span> <span class='ocrx_word' id='word_1_130' title='bbox 179 1890 251 1953; x_wconf 91' lang='lat' dir='ltr'><strong>licet</strong></span> <span class='ocrx_word' id='word_1_131' title='bbox 278 1908 318 1952; x_wconf 86' lang='lat' dir='ltr'><strong>ex</strong></span> <span class='ocrx_word' id='word_1_132' title='bbox 347 1891 495 1972; x_wconf 75' lang='lat' dir='ltr'><strong>epistole,</strong></span> <span class='ocrx_word' id='word_1_133' title='bbox 529 1910 621 1971; x_wconf 84' lang='lat' dir='ltr'><strong>quom</strong></span> <span class='ocrx_word' id='word_1_134' title='bbox 640 1891 791 1952; x_wconf 86' lang='lat' dir='ltr'><strong>Lutlrerus</strong></span> <span class='ocrx_word' id='word_1_135' title='bbox 818 1891 969 1970; x_wconf 82' lang='lat' dir='ltr'><strong>Stsupitio</strong></span> <span class='ocrx_word' id='word_1_136' title='bbox 992 1889 1048 1951; x_wconf 75' lang='lat' dir='ltr'><strong>Ge</strong></span> 
     </span>
     <span class='ocr_line' id='line_1_20' title="bbox 126 1964 1048 2055; baseline -0.004 -19"><span class='ocrx_word' id='word_1_137' title='bbox 126 1974 225 2037; x_wconf 90' lang='lat' dir='ltr'><strong>lendis</strong></span> <span class='ocrx_word' id='word_1_138' title='bbox 241 1974 325 2055; x_wconf 73' lang='lat' dir='ltr'><strong>Sept.</strong></span> <span class='ocrx_word' id='word_1_139' title='bbox 348 1992 376 2034; x_wconf 84' lang='lat' dir='ltr'><strong>s.</strong></span> <span class='ocrx_word' id='word_1_140' title='bbox 401 1975 481 2038; x_wconf 75' lang='lat'>1518</span> <span class='ocrx_word' id='word_1_141' title='bbox 504 1975 595 2054; x_wconf 84' lang='lat' dir='ltr'><strong>misit,</strong></span> <span class='ocrx_word' id='word_1_142' title='bbox 618 1974 670 2034; x_wconf 88' lang='lat' dir='ltr'><strong>ubi</strong></span> <span class='ocrx_word' id='word_1_143' title='bbox 691 1973 769 2034; x_wconf 84' lang='lat' dir='ltr'><strong>boec</strong></span> <span class='ocrx_word' id='word_1_144' title='bbox 789 1970 952 2054; x_wconf 62' lang='lat' dir='ltr'><strong>legunturz-</strong></span> <span class='ocrx_word' id='word_1_145' title='bbox 968 1964 1048 2054; x_wconf 74' lang='lat' dir='ltr'><strong>„Hb</strong></span> 
     </span>
     <span class='ocr_line' id='line_1_21' title="bbox 126 2054 1049 2136; baseline -0.003 -18"><span class='ocrx_word' id='word_1_146' title='bbox 126 2058 178 2119; x_wconf 85' lang='lat' dir='ltr'><strong>bui</strong></span> <span class='ocrx_word' id='word_1_147' title='bbox 200 2070 374 2118; x_wconf 84' lang='lat' dir='ltr'><strong>sermonem</strong></span> <span class='ocrx_word' id='word_1_148' title='bbox 397 2055 435 2116; x_wconf 87' lang='lat' dir='ltr'><strong>do</strong></span> <span class='ocrx_word' id='word_1_149' title='bbox 458 2058 778 2118; x_wconf 81' lang='lat' dir='ltr'><strong>excommunicatione</strong></span> <span class='ocrx_word' id='word_1_150' title='bbox 794 2054 1049 2136; x_wconf 76' lang='lat' dir='ltr'><strong>Wittembsrgse,</strong></span> 
     </span>
     <span class='ocr_line' id='line_1_22' title="bbox 125 2130 1128 2220; baseline -0.004 -18"><span class='ocrx_word' id='word_1_151' title='bbox 125 2140 326 2202; x_wconf 84' lang='lat' dir='ltr'><strong>vehementer</strong></span> <span class='ocrx_word' id='word_1_152' title='bbox 347 2139 554 2200; x_wconf 75' lang='lat' dir='ltr'><strong>necessarium</strong></span> <span class='ocrx_word' id='word_1_153' title='bbox 578 2139 693 2220; x_wconf 93' lang='lat' dir='ltr'><strong>populo</strong></span> <span class='ocrx_word' id='word_1_154' title='bbox 721 2146 849 2220; x_wconf 88' lang='lat' dir='ltr'><strong>propter</strong></span> <span class='ocrx_word' id='word_1_155' title='bbox 869 2139 959 2210; x_wconf 80' lang='lat' dir='ltr'><strong>duros</strong></span> <span class='ocrx_word' id='word_1_156' title='bbox 982 2130 1049 2199; x_wconf 82' lang='lat' dir='ltr'><strong>obi·</strong></span> <span class='ocrx_word' id='word_1_157' title='bbox 1126 2208 1128 2213; x_wconf 23' lang='lat'><strong>¹</strong></span> 
     </span>
     <span class='ocr_line' id='line_1_23' title="bbox 127 2216 1048 2303; baseline -0.004 -19"><span class='ocrx_word' id='word_1_158' title='bbox 127 2223 249 2284; x_wconf 85' lang='lat' dir='ltr'><strong>cielium</strong></span> <span class='ocrx_word' id='word_1_159' title='bbox 288 2224 468 2285; x_wconf 77' lang='lat' dir='ltr'><strong>vexationes</strong></span> <span class='ocrx_word' id='word_1_160' title='bbox 500 2224 531 2282; x_wconf 91' lang='lat' dir='ltr'><strong>in</strong></span> <span class='ocrx_word' id='word_1_161' title='bbox 563 2221 710 2303; x_wconf 89' lang='lat' dir='ltr'><strong>populum</strong></span> <span class='ocrx_word' id='word_1_162' title='bbox 745 2226 893 2282; x_wconf 82' lang='lat' dir='ltr'><strong>nostrum.</strong></span> <span class='ocrx_word' id='word_1_163' title='bbox 934 2216 1048 2296; x_wconf 77' lang='lat' dir='ltr'><strong>&#39;Quem</strong></span> 
     </span>
     <span class='ocr_line' id='line_1_24' title="bbox 125 2304 1130 2386; baseline -0.003 -20"><span class='ocrx_word' id='word_1_164' title='bbox 125 2320 194 2366; x_wconf 84' lang='lat' dir='ltr'><strong>cnm</strong></span> <span class='ocrx_word' id='word_1_165' title='bbox 216 2324 325 2367; x_wconf 88' lang='lat' dir='ltr'><strong>omnes</strong></span> <span class='ocrx_word' id='word_1_166' title='bbox 346 2305 444 2364; x_wconf 86' lang='lat' dir='ltr'><strong>nostri</strong></span> <span class='ocrx_word' id='word_1_167' title='bbox 466 2305 592 2366; x_wconf 88' lang='lat' dir='ltr'><strong>iuristee</strong></span> <span class='ocrx_word' id='word_1_168' title='bbox 621 2312 652 2366; x_wconf 86' lang='lat' dir='ltr'><strong>et</strong></span> <span class='ocrx_word' id='word_1_169' title='bbox 673 2305 811 2385; x_wconf 79' lang='lat' dir='ltr'><strong>theologi</strong></span> <span class='ocrx_word' id='word_1_170' title='bbox 833 2304 966 2386; x_wconf 81' lang='lat' dir='ltr'><strong>probunt</strong></span> <span class='ocrx_word' id='word_1_171' title='bbox 986 2322 1049 2381; x_wconf 82' lang='lat' dir='ltr'><strong>mu·</strong></span> <span class='ocrx_word' id='word_1_172' title='bbox 1127 2371 1130 2377; x_wconf 23' lang='lat'><strong>¹</strong></span> 
     </span>
     <span class='ocr_line' id='line_1_25' title="bbox 125 2387 1050 2469; baseline -0.003 -21"><span class='ocrx_word' id='word_1_173' title='bbox 125 2389 226 2467; x_wconf 83' lang='lat' dir='ltr'><strong>xime,</strong></span> <span class='ocrx_word' id='word_1_174' title='bbox 259 2389 366 2448; x_wconf 85' lang='lat' dir='ltr'><strong>mirum</strong></span> <span class='ocrx_word' id='word_1_175' title='bbox 381 2390 499 2448; x_wconf 74' lang='lat' dir='ltr'><strong>&#39;temen</strong></span> <span class='ocrx_word' id='word_1_176' title='bbox 521 2394 583 2464; x_wconf 90' lang='lat' dir='ltr'><strong>est,</strong></span> <span class='ocrx_word' id='word_1_177' title='bbox 615 2395 731 2469; x_wconf 78' lang='lat' dir='ltr'><strong>quante</strong></span> <span class='ocrx_word' id='word_1_178' title='bbox 748 2387 893 2448; x_wconf 85' lang='lat' dir='ltr'><strong>incendic</strong></span> <span class='ocrx_word' id='word_1_179' title='bbox 913 2387 1050 2446; x_wconf 85' lang='lat' dir='ltr'><strong>mibi-dx</strong></span> 
     </span>
     <span class='ocr_line' id='line_1_26' title="bbox 124 2469 1050 2548; baseline -0.004 -16"><span class='ocrx_word' id='word_1_180' title='bbox 124 2470 180 2532; x_wconf 88' lang='lat' dir='ltr'><strong>illo</strong></span> <span class='ocrx_word' id='word_1_181' title='bbox 200 2469 336 2531; x_wconf 79' lang='lat' dir='ltr'><strong>condere</strong></span> <span class='ocrx_word' id='word_1_182' title='bbox 357 2469 528 2530; x_wconf 80' lang='lat' dir='ltr'><strong>studuerint</strong></span> <span class='ocrx_word' id='word_1_183' title='bbox 549 2469 764 2532; x_wconf 79' lang='lat' dir='ltr'><strong>observatores</strong></span> <span class='ocrx_word' id='word_1_184' title='bbox 794 2476 915 2531; x_wconf 86' lang='lat' dir='ltr'><strong>strooes</strong></span> <span class='ocrx_word' id='word_1_185' title='bbox 947 2469 1050 2548; x_wconf 89' lang='lat' dir='ltr'><strong>nimis,</strong></span> 
     </span>
     <span class='ocr_line' id='line_1_27' title="bbox 125 2542 1050 2634; baseline -0.002 -20"><span class='ocrx_word' id='word_1_186' title='bbox 125 2555 178 2634; x_wconf 88' lang='lat' dir='ltr'><strong>qni</strong></span> <span class='ocrx_word' id='word_1_187' title='bbox 191 2546 319 2634; x_wconf 81' lang='lat' dir='ltr'><strong>¹mptum</strong></span> <span class='ocrx_word' id='word_1_188' title='bbox 342 2572 382 2617; x_wconf 84' lang='lat' dir='ltr'><strong>ex</strong></span> <span class='ocrx_word' id='word_1_189' title='bbox 396 2571 449 2614; x_wconf 91' lang='lat' dir='ltr'><strong>ore</strong></span> <span class='ocrx_word' id='word_1_190' title='bbox 462 2572 531 2614; x_wconf 90' lang='lat' dir='ltr'><strong>meo</strong></span> <span class='ocrx_word' id='word_1_191' title='bbox 553 2554 584 2613; x_wconf 91' lang='lat' dir='ltr'><strong>in</strong></span> <span class='ocrx_word' id='word_1_192' title='bbox 599 2554 744 2615; x_wconf 77' lang='lat' dir='ltr'><strong>articulos</strong></span> <span class='ocrx_word' id='word_1_193' title='bbox 757 2553 953 2614; x_wconf 87' lang='lat' dir='ltr'><strong>odiosissime</strong></span> <span class='ocrx_word' id='word_1_194' title='bbox 967 2542 1050 2613; x_wconf 77' lang='lat' dir='ltr'><strong>odni-</strong></span> 
     </span>
     <span class='ocr_line' id='line_1_28' title="bbox 126 2635 1050 2719; baseline 0 -22"><span class='ocrx_word' id='word_1_195' title='bbox 126 2637 246 2719; x_wconf 89' lang='lat' dir='ltr'><strong>positos</strong></span> <span class='ocrx_word' id='word_1_196' title='bbox 263 2644 325 2696; x_wconf 92' lang='lat' dir='ltr'><strong>tum</strong></span> <span class='ocrx_word' id='word_1_197' title='bbox 338 2635 522 2716; x_wconf 86' lang='lat' dir='ltr'><strong>redegerunt</strong></span> <span class='ocrx_word' id='word_1_198' title='bbox 536 2642 567 2696; x_wconf 88' lang='lat' dir='ltr'><strong>et</strong></span> <span class='ocrx_word' id='word_1_199' title='bbox 580 2636 692 2717; x_wconf 91' lang='lat' dir='ltr'><strong>ubique</strong></span> <span class='ocrx_word' id='word_1_200' title='bbox 706 2643 891 2717; x_wconf 80' lang='lat' dir='ltr'><strong>sparserunt,</strong></span> <span class='ocrx_word' id='word_1_201' title='bbox 914 2642 946 2696; x_wconf 90' lang='lat' dir='ltr'><strong>ct</strong></span> <span class='ocrx_word' id='word_1_202' title='bbox 967 2648 1050 2714; x_wconf 70' lang='lat' dir='ltr'><strong>spct-</strong></span> 
     </span>
     <span class='ocr_line' id='line_1_29' title="bbox 127 2718 1050 2802; baseline -0.003 -22"><span class='ocrx_word' id='word_1_203' title='bbox 127 2725 204 2802; x_wconf 80' lang='lat' dir='ltr'><strong>gont</strong></span> <span class='ocrx_word' id='word_1_204' title='bbox 226 2738 294 2779; x_wconf 90' lang='lat' dir='ltr'><strong>cum</strong></span> <span class='ocrx_word' id='word_1_205' title='bbox 316 2720 428 2800; x_wconf 85' lang='lat' dir='ltr'><strong>insigni</strong></span> <span class='ocrx_word' id='word_1_206' title='bbox 450 2720 583 2779; x_wconf 89' lang='lat' dir='ltr'><strong>nominis</strong></span> <span class='ocrx_word' id='word_1_207' title='bbox 597 2721 656 2780; x_wconf 90' lang='lat' dir='ltr'><strong>mei</strong></span> <span class='ocrx_word' id='word_1_208' title='bbox 670 2720 894 2801; x_wconf 86' lang='lat' dir='ltr'><strong>persecutione,</strong></span> <span class='ocrx_word' id='word_1_209' title='bbox 916 2718 1050 2800; x_wconf 82' lang='lat' dir='ltr'><strong>denique</strong></span> 
     </span>
    </p>
   </div>
   <div class='ocr_carea' id='block_1_3' title="bbox 127 2792 1172 2884">
    <p class='ocr_par' dir='ltr' id='par_1_3' title="bbox 127 2792 1172 2884">
     <span class='ocr_line' id='line_1_30' title="bbox 127 2792 1172 2884; baseline -0.005 -20"><span class='ocrx_word' id='word_1_210' title='bbox 127 2804 287 2884; x_wconf 74' lang='lat' dir='ltr'><strong>Augustae</strong></span> <span class='ocrx_word' id='word_1_211' title='bbox 308 2803 388 2863; x_wconf 85' lang='lat' dir='ltr'><strong>inter</strong></span> <span class='ocrx_word' id='word_1_212' title='bbox 409 2809 569 2883; x_wconf 76' lang='lat' dir='ltr'><strong>magnetes</strong></span> <span class='ocrx_word' id='word_1_213' title='bbox 591 2802 677 2863; x_wconf 78' lang='lat' dir='ltr'><strong>volet</strong></span> <span class='ocrx_word' id='word_1_214' title='bbox 698 2809 729 2863; x_wconf 90' lang='lat' dir='ltr'><strong>et</strong></span> <span class='ocrx_word' id='word_1_215' title='bbox 749 2804 847 2863; x_wconf 83' lang='lat' dir='ltr'><strong>irritet</strong></span> <span class='ocrx_word' id='word_1_216' title='bbox 866 2801 995 2861; x_wconf 89' lang='lat' dir='ltr'><strong>multos:</strong></span> <span class='ocrx_word' id='word_1_217' title='bbox 1017 2792 1049 2860; x_wconf 86' lang='lat' dir='ltr'><strong>ln</strong></span> <span class='ocrx_word' id='word_1_218' title='bbox 1170 2863 1172 2867; x_wconf 67' lang='grc'><strong>,</strong></span> 
     </span>
    </p>
   </div>
   <div class='ocr_carea' id='block_1_4' title="bbox 103 2883 1055 3879">
    <p class='ocr_par' dir='ltr' id='par_1_4' title="bbox 103 2883 1055 3879">
     <span class='ocr_line' id='line_1_31' title="bbox 128 2883 1050 2966; baseline -0.004 -20"><span class='ocrx_word' id='word_1_219' title='bbox 128 2884 269 2946; x_wconf 89' lang='lat' dir='ltr'><strong>Dresden</strong></span> <span class='ocrx_word' id='word_1_220' title='bbox 292 2885 365 2944; x_wconf 92' lang='lat' dir='ltr'><strong>mihi</strong></span> <span class='ocrx_word' id='word_1_221' title='bbox 387 2885 447 2966; x_wconf 90' lang='lat' dir='ltr'><strong>ipsi</strong></span> <span class='ocrx_word' id='word_1_222' title='bbox 478 2886 509 2944; x_wconf 91' lang='lat' dir='ltr'><strong>in</strong></span> <span class='ocrx_word' id='word_1_223' title='bbox 537 2884 646 2944; x_wconf 80' lang='lat' dir='ltr'><strong>taciem</strong></span> <span class='ocrx_word' id='word_1_224' title='bbox 679 2885 818 2947; x_wconf 92' lang='lat' dir='ltr'><strong>obiectus</strong></span> <span class='ocrx_word' id='word_1_225' title='bbox 844 2885 916 2962; x_wconf 80' lang='lat' dir='ltr'><strong>fult,</strong></span> <span class='ocrx_word' id='word_1_226' title='bbox 948 2883 1050 2943; x_wconf 73' lang='lat' dir='ltr'><strong>sllsds</strong></span> 
     </span>
     <span class='ocr_line' id='line_1_32' title="bbox 103 2966 1050 3049; baseline -0.003 -20"><span class='ocrx_word' id='word_1_227' title='bbox 103 2968 246 3049; x_wconf 81' lang='lat' dir='ltr'><strong>&#39;aliquot</strong></span> <span class='ocrx_word' id='word_1_228' title='bbox 268 2967 404 3028; x_wconf 89' lang='lat' dir='ltr'><strong>eiusdem</strong></span> <span class='ocrx_word' id='word_1_229' title='bbox 427 2967 571 3027; x_wconf 81' lang='lat' dir='ltr'><strong>articulis.</strong></span> <span class='ocrx_word' id='word_1_230' title='bbox 597 2966 720 3028; x_wconf 87' lang='lat' dir='ltr'><strong>—Isto</strong></span> <span class='ocrx_word' id='word_1_231' title='bbox 746 2986 820 3029; x_wconf 84' lang='lat' dir='ltr'><strong>ecce</strong></span> <span class='ocrx_word' id='word_1_232' title='bbox 846 2968 904 3028; x_wconf 83' lang='lat' dir='ltr'><strong>fuit</strong></span> <span class='ocrx_word' id='word_1_233' title='bbox 931 2976 1050 3044; x_wconf 75' lang='lat' dir='ltr'><strong>ocosse,</strong></span> 
     </span>
     <span class='ocr_line' id='line_1_33' title="bbox 128 3046 1051 3129; baseline -0.003 -18"><span class='ocrx_word' id='word_1_234' title='bbox 128 3058 162 3112; x_wconf 88' lang='lat' dir='ltr'><strong>nt</strong></span> <span class='ocrx_word' id='word_1_235' title='bbox 183 3046 306 3111; x_wconf 83' lang='lat' dir='ltr'><strong>ederem</strong></span> <span class='ocrx_word' id='word_1_236' title='bbox 328 3049 458 3110; x_wconf 88' lang='lat' dir='ltr'><strong>eundem</strong></span> <span class='ocrx_word' id='word_1_237' title='bbox 481 3068 672 3128; x_wconf 89' lang='lat' dir='ltr'><strong>sermonem,</strong></span> <span class='ocrx_word' id='word_1_238' title='bbox 709 3068 769 3129; x_wconf 89' lang='lat' dir='ltr'><strong>quo</strong></span> <span class='ocrx_word' id='word_1_239' title='bbox 802 3050 962 3112; x_wconf 86' lang='lat' dir='ltr'><strong>venenstls</strong></span> <span class='ocrx_word' id='word_1_240' title='bbox 983 3049 1051 3109; x_wconf 90' lang='lat' dir='ltr'><strong>istis</strong></span> 
     </span>
     <span class='ocr_line' id='line_1_34' title="bbox 127 3126 1051 3196; baseline -0.003 -2"><span class='ocrx_word' id='word_1_241' title='bbox 127 3132 262 3194; x_wconf 73' lang='lat' dir='ltr'><strong>articulis</strong></span> <span class='ocrx_word' id='word_1_242' title='bbox 285 3150 476 3194; x_wconf 86' lang='lat' dir='ltr'><strong>occurrerem</strong></span> <span class='ocrx_word' id='word_1_243' title='bbox 510 3138 564 3192; x_wconf 83' lang='lat' dir='ltr'><strong>eut</strong></span> <span class='ocrx_word' id='word_1_244' title='bbox 593 3131 673 3192; x_wconf 83' lang='lat' dir='ltr'><strong>mele</strong></span> <span class='ocrx_word' id='word_1_245' title='bbox 701 3133 866 3196; x_wconf 88' lang='lat' dir='ltr'><strong>intellectis</strong></span> <span class='ocrx_word' id='word_1_246' title='bbox 887 3130 988 3193; x_wconf 87' lang='lat' dir='ltr'><strong>lucem</strong></span> <span class='ocrx_word' id='word_1_247' title='bbox 1009 3126 1051 3192; x_wconf 86' lang='lat' dir='ltr'><strong>sl·</strong></span> 
     </span>
     <span class='ocr_line' id='line_1_35' title="bbox 127 3213 1050 3297; baseline -0.004 -19"><span class='ocrx_word' id='word_1_248' title='bbox 127 3218 249 3278; x_wconf 78' lang='lat' dir='ltr'><strong>terrem.</strong></span> <span class='ocrx_word' id='word_1_249' title='bbox 301 3216 408 3290; x_wconf 84' lang='lat' dir='ltr'><strong>[Lutb.</strong></span> <span class='ocrx_word' id='word_1_250' title='bbox 431 3214 584 3297; x_wconf 54' lang='lat' dir='ltr'><strong>Eppsed.</strong></span> <span class='ocrx_word' id='word_1_251' title='bbox 606 3215 701 3277; x_wconf 83' lang='lat' dir='ltr'><strong>Aurif.</strong></span> <span class='ocrx_word' id='word_1_252' title='bbox 727 3218 751 3290; x_wconf 90' lang='lat' dir='ltr'><strong>l,</strong></span> <span class='ocrx_word' id='word_1_253' title='bbox 772 3215 823 3294; x_wconf 76' lang='lat'><strong>79,</strong></span> <span class='ocrx_word' id='word_1_254' title='bbox 852 3216 891 3277; x_wconf 89' lang='lat' dir='ltr'><strong>de</strong></span> <span class='ocrx_word' id='word_1_255' title='bbox 912 3215 1017 3278; x_wconf 86' lang='lat' dir='ltr'><strong>Wette</strong></span> <span class='ocrx_word' id='word_1_256' title='bbox 1037 3213 1050 3274; x_wconf 93' lang='lat'><em>1</em></span> 
     </span>
     <span class='ocr_line' id='line_1_36' title="bbox 127 3294 1050 3382; baseline -0.004 -18"><span class='ocrx_word' id='word_1_257' title='bbox 127 3297 261 3382; x_wconf 83' lang='lat' dir='ltr'><strong>p.138).</strong></span> <span class='ocrx_word' id='word_1_258' title='bbox 284 3299 339 3359; x_wconf 86' lang='lat' dir='ltr'><strong>His</strong></span> <span class='ocrx_word' id='word_1_259' title='bbox 360 3300 454 3380; x_wconf 85' lang='lat' dir='ltr'><strong>igitur</strong></span> <span class='ocrx_word' id='word_1_260' title='bbox 472 3298 716 3359; x_wconf 72' lang='lat' dir='ltr'><strong>adversariorum</strong></span> <span class='ocrx_word' id='word_1_261' title='bbox 738 3300 886 3360; x_wconf 84' lang='lat' dir='ltr'><strong>convlciis</strong></span> <span class='ocrx_word' id='word_1_262' title='bbox 906 3318 945 3359; x_wconf 83' lang='lat' dir='ltr'><strong>eo</strong></span> <span class='ocrx_word' id='word_1_263' title='bbox 964 3294 1050 3360; x_wconf 82' lang='lat' dir='ltr'><strong>lslsls</strong></span> 
     </span>
     <span class='ocr_line' id='line_1_37' title="bbox 128 3381 1052 3459; baseline -0.002 -16"><span class='ocrx_word' id='word_1_264' title='bbox 128 3381 392 3443; x_wconf 72' lang='lat' dir='ltr'><strong>criminationibus</strong></span> <span class='ocrx_word' id='word_1_265' title='bbox 414 3388 587 3442; x_wconf 86' lang='lat' dir='ltr'><strong>commotus</strong></span> <span class='ocrx_word' id='word_1_266' title='bbox 600 3381 749 3441; x_wconf 82' lang='lat' dir='ltr'><strong>Lutherus</strong></span> <span class='ocrx_word' id='word_1_267' title='bbox 770 3381 852 3443; x_wconf 85' lang='lat' dir='ltr'><strong>bunc</strong></span> <span class='ocrx_word' id='word_1_268' title='bbox 866 3396 1052 3459; x_wconf 81' lang='lat' dir='ltr'><strong>sermonem,</strong></span> 
     </span>
     <span class='ocr_line' id='line_1_38' title="bbox 128 3464 1050 3547; baseline -0.002 -21"><span class='ocrx_word' id='word_1_269' title='bbox 128 3474 274 3547; x_wconf 81' lang='lat' dir='ltr'><strong>quantum</strong></span> <span class='ocrx_word' id='word_1_270' title='bbox 298 3464 420 3543; x_wconf 92' lang='lat' dir='ltr'><strong>quidem</strong></span> <span class='ocrx_word' id='word_1_271' title='bbox 433 3466 720 3542; x_wconf 84' lang='lat' dir='ltr'><strong>memoristenerst,</strong></span> <span class='ocrx_word' id='word_1_272' title='bbox 744 3465 825 3544; x_wconf 83' lang='lat' dir='ltr'><strong>typis</strong></span> <span class='ocrx_word' id='word_1_273' title='bbox 837 3464 1050 3525; x_wconf 85' lang='lat' dir='ltr'><strong>excudendum</strong></span> 
     </span>
     <span class='ocr_line' id='line_1_39' title="bbox 129 3546 1050 3629; baseline -0.002 -20"><span class='ocrx_word' id='word_1_274' title='bbox 129 3548 223 3626; x_wconf 84' lang='lat' dir='ltr'><strong>dedit,</strong></span> <span class='ocrx_word' id='word_1_275' title='bbox 246 3553 276 3607; x_wconf 89' lang='lat' dir='ltr'><strong>et</strong></span> <span class='ocrx_word' id='word_1_276' title='bbox 298 3547 353 3607; x_wconf 90' lang='lat' dir='ltr'><strong>sub</strong></span> <span class='ocrx_word' id='word_1_277' title='bbox 368 3546 460 3607; x_wconf 85' lang='lat' dir='ltr'><strong>ilnem</strong></span> <span class='ocrx_word' id='word_1_278' title='bbox 474 3549 587 3608; x_wconf 85' lang='lat' dir='ltr'><strong>mensis</strong></span> <span class='ocrx_word' id='word_1_279' title='bbox 600 3547 731 3629; x_wconf 85' lang='lat' dir='ltr'><strong>Augusti</strong></span> <span class='ocrx_word' id='word_1_280' title='bbox 746 3546 872 3611; x_wconf 70' lang='lat' dir='ltr'><strong>ultis</strong></span> <span class='ocrx_word' id='word_1_281' title='bbox 882 3547 937 3608; x_wconf 90' lang='lat' dir='ltr'><strong>ills</strong></span> <span class='ocrx_word' id='word_1_282' title='bbox 954 3548 984 3608; x_wconf 90' lang='lat' dir='ltr'><strong>iu</strong></span> <span class='ocrx_word' id='word_1_283' title='bbox 1006 3547 1050 3607; x_wconf 92' lang='lat' dir='ltr'><strong>lu·</strong></span> 
     </span>
     <span class='ocr_line' id='line_1_40' title="bbox 129 3626 1050 3712; baseline -0.001 -21"><span class='ocrx_word' id='word_1_284' title='bbox 129 3642 196 3692; x_wconf 82' lang='lat' dir='ltr'><strong>cem</strong></span> <span class='ocrx_word' id='word_1_285' title='bbox 209 3629 324 3712; x_wconf 88' lang='lat' dir='ltr'><strong>prodiit</strong></span> <span class='ocrx_word' id='word_1_286' title='bbox 338 3629 394 3689; x_wconf 91' lang='lat' dir='ltr'><strong>sub</strong></span> <span class='ocrx_word' id='word_1_287' title='bbox 408 3630 470 3690; x_wconf 93' lang='lat' dir='ltr'><strong>boc</strong></span> <span class='ocrx_word' id='word_1_288' title='bbox 483 3631 588 3692; x_wconf 88' lang='lat' dir='ltr'><strong>tilulo:</strong></span> <span class='ocrx_word' id='word_1_289' title='bbox 607 3629 735 3709; x_wconf 68' lang='lat' dir='ltr'><strong>„denno</strong></span> <span class='ocrx_word' id='word_1_290' title='bbox 751 3629 789 3691; x_wconf 90' lang='lat' dir='ltr'><strong>de</strong></span> <span class='ocrx_word' id='word_1_291' title='bbox 803 3631 916 3691; x_wconf 84' lang='lat' dir='ltr'><strong>virtuts</strong></span> <span class='ocrx_word' id='word_1_292' title='bbox 927 3626 1050 3692; x_wconf 84' lang='lat' dir='ltr'><strong>excord-</strong></span> 
     </span>
     <span class='ocr_line' id='line_1_41' title="bbox 127 3710 1051 3794; baseline 0 -20"><span class='ocrx_word' id='word_1_293' title='bbox 127 3713 344 3784; x_wconf 79' lang='lat' dir='ltr'><strong>muoicetionis</strong></span> <span class='ocrx_word' id='word_1_294' title='bbox 366 3710 462 3773; x_wconf 72' lang='lat' dir='ltr'><strong>Fratri</strong></span> <span class='ocrx_word' id='word_1_295' title='bbox 494 3715 622 3774; x_wconf 85' lang='lat' dir='ltr'><strong>Mortino</strong></span> <span class='ocrx_word' id='word_1_296' title='bbox 644 3713 758 3774; x_wconf 87' lang='lat' dir='ltr'><strong>Lutbcr</strong></span> <span class='ocrx_word' id='word_1_297' title='bbox 778 3712 1004 3794; x_wconf 78' lang='lat' dir='ltr'><strong>Augustinisno</strong></span> <span class='ocrx_word' id='word_1_298' title='bbox 1031 3732 1051 3774; x_wconf 82' lang='lat' dir='ltr'><strong>u</strong></span> 
     </span>
     <span class='ocr_line' id='line_1_42' title="bbox 128 3792 1055 3879; baseline -0.001 -22"><span class='ocrx_word' id='word_1_299' title='bbox 128 3798 241 3879; x_wconf 76' lang='lat' dir='ltr'><strong>linguis</strong></span> <span class='ocrx_word' id='word_1_300' title='bbox 263 3797 360 3857; x_wconf 87' lang='lat' dir='ltr'><strong>tertiis</strong></span> <span class='ocrx_word' id='word_1_301' title='bbox 381 3792 508 3858; x_wconf 74' lang='lat' dir='ltr'><strong>tundens</strong></span> <span class='ocrx_word' id='word_1_302' title='bbox 524 3796 752 3858; x_wconf 81' lang='lat' dir='ltr'><strong>sverbcrntus.·“</strong></span> <span class='ocrx_word' id='word_1_303' title='bbox 775 3795 858 3859; x_wconf 77' lang='lat' dir='ltr'><strong>lium</strong></span> <span class='ocrx_word' id='word_1_304' title='bbox 875 3804 1055 3865; x_wconf 78' lang='lat' dir='ltr'><strong>sermonem</strong></span> 
     </span>
    </p>
   </div>
   <div class='ocr_carea' id='block_1_5' title="bbox 0 0 1188 4200">
    <p class='ocr_par' dir='ltr' id='par_1_5' title="bbox 0 0 1188 4200">
     <span class='ocr_line' id='line_1_43' title="bbox 0 0 1188 4200; baseline 0 0"><span class='ocrx_word' id='word_1_305' title='bbox 0 0 1188 4200; x_wconf 95' lang='lat' dir='ltr'><strong> </strong></span> 
     </span>
    </p>
   </div>
  </div>
 </body>
</html>
