2356 4200
172 272 235 347 362
565 284 701 356 Dialogus

258 454 378 516 Thecla
401 455 407 467 ‘
430 461 539 515 autem
569 454 648 515 bene
669 455 797 515 instituti
830 454 919 514 facile
948 453 1093 531 efficiunt,

174 537 257 617 quod
280 543 312 598 tu
332 538 363 598 di
399 538 457 599 cile
479 536 655 618 praedicas,
670 537 831 616 dieentes,
856 537 938 617 quod
962 539 1040 598 siout
1061 538 1092 597 in

175 621 315 682 humanis
342 620 508 683 offendens
531 639 714 700 quemquam
737 638 805 681 cum
828 622 945 681 iactura
965 621 1093 681 honoris

177 709 229 769 aut
250 723 327 781 reru,¹
370 739 379 749 ··
403 706 460 765 etsi
490 724 529 764 ex
552 703 635 765 bono
658 706 760 764 animo
785 703 895 765 eliensi
917 705 1095 767 restituatur

175 786 215 849 ad
236 723 402 849 amiolffln
424 785 539 848 abolita
560 787 660 866 culpa,
682 806 745 848 non
768 794 869 848 tamen
887 786 1093 867 semperabc·

175 869 230 941 lita
252 870 393 948 emenda,
414 871 477 930 imo
501 888 557 929 nec
579 871 888 930 actioneiniurlarum
901 871 1094 951 plerumque,

174 954 218 1027 ita
240 955 331 1015 etiam
354 960 386 1014 et
406 954 489 1013 Deus
511 951 626 1014 abolita
647 953 738 1032 culpa
758 954 828 1033 lege
851 955 1007 1013 communi
1020 953 1094 1030 vult,

175 1035 259 1116 quod
272 1043 469 1116 peecatorum
481 1035 642 1096 emendam
654 1042 798 1115 praestet,
820 1044 852 1096 ut
888 1037 918 1096 ui
934 1035 1094 1116 peccando

174 1138 250 1191 suaa
272 1120 423 1181 voluntati
444 1118 513 1198 plus
537 1138 628 1198 quam
653 1119 810 1180 debuisset
832 1055 958 1179 indulsit
979 1114 1096 1198 aliquid

175 1211 284 1274 contra
317 1222 404 1263 suam
439 1203 609 1263 naturalem
642 1203 830 1262 voluntatem
866 1221 905 1263 ex
937 1201 1097 1264 voluntate

176 1286 307 1351 electiva
327 1287 476 1366 patiatur,
499 1285 581 1363 quod
604 1292 652 1345 est
671 1303 793 1366 poenas
815 1285 890 1345 dare
908 1305 964 1364 pro
988 1285 1096 1364 culpis.

190 1410 210 1437 :‚·
259 1371 317 1442 to)
342 1370 429 1432 Mart.
460 1368 658 1429 Oontritionis
686 1368 798 1428 veritas
829 1388 947 1448 poenas
978 1369 1098 1447 quaerit

177 1456 209 1513 et
230 1460 313 1512 amat
351 1452 509 1512 veniarum
531 1458 633 1512 autem
654 1451 780 1531 largitas
800 1451 920 1512 relaxat
940 1457 971 1512 et
993 1450 1098 1513 odisse

63 1539 67 1549 “
175 1535 258 1613 sacia
281 1555 316 1596 sa
328 1541 392 1595 tem
414 1536 590 1596 occasione.

199 1657 203 1666 ‚
260 1618 313 1678 Sil.
335 1618 422 1679 Haec
444 1626 492 1677 est
513 1624 565 1678 tua
583 1618 743 1697 potissima
753 1618 842 1695 ratio,
864 1634 958 1696 quare
972 1615 1098 1678 difficile

177 1701 293 1778 diaeris
317 1709 445 1780 utraque
465 1719 559 1780 posse
572 1700 700 1782 salvare.
732 1701 809 1761 Dico
820 1718 895 1760 vero
907 1719 974 1761 oum
989 1708 1102 1761 sancto

115 1836 118 1842 .
179 1785 316 1862 Thoma,
340 1783 422 1862 quod
445 1782 589 1864 quamdiu
611 1801 729 1863 poenas
751 1782 831 1848 dare,
847 1802 901 1862 pro
928 1783 1098 1844 sceleribus

180 1874 227 1928 est
256 1867 382 1927 alicuius
416 1865 490 1928 boni
520 1865 686 1942 allativum,
721 1872 754 1925 ut
781 1866 811 1924 in
840 1867 995 1945 praesenti
1022 1867 1095 1944 vita,

176 1950 305 2030 quando,
324 1951 514 2010 meritorium
536 1956 592 2027 est,
615 1968 689 2009 vera
701 1950 844 2008 contritio
866 1955 949 2009 amat
967 1967 1097 2028 poenas,

176 2033 216 2094 ad
240 2033 417 2094 merendum
441 2038 472 2092 et
493 2031 741 2112 praecauendum
765 2051 784 2092 a
805 2033 951 2111 peccatis,
973 2033 1041 2092 sine
1054 2039 1097 2092 ta·
1151 2068 1153 2072 =

177 2136 247 2176 men
272 2122 452 2196 contemptu
475 2116 651 2191 veniarum,
693 2115 765 2193 quia
792 2122 952 2193 utrumque
988 2115 1098 2175 melius

178 2215 269 2279 quam
291 2199 437 2277 alterum3
460 2197 511 2257 ubi
532 2218 606 2258 vero
624 2217 746 2277 poenae
764 2197 879 2257 nullum
892 2197 1008 2258 bonum
1026 2197 1097 2257 affe-

176 2292 263 2360 runt,
292 2282 346 2342 sed
368 2280 525 2342 retardant
545 2301 564 2340 a
587 2280 670 2341 bono
692 2280 826 2361 gloriae,
862 2280 946 2359 quod
968 2281 1013 2340 eis
1035 2300 1097 2342 non

178 2366 372 2440 exsolutis*)
396 2365 501 2426 haberi
523 2365 637 2442 nequit,
660 2381 781 2443 poenae
808 2371 1098 2438 contemnuntur,

176 2448 231 2509 sed
254 2448 431 2525 tolerantur,
453 2447 727 2524 dulcissimumque
741 2452 789 2507 est
810 2445 969 2507 animabus
992 2447 1030 2505 ab
1054 2448 1098 2505 cis

178 2530 415 2592 misericorditer
436 2530 564 2608 absolvi,
588 2535 619 2590 et
639 2531 683 2588 ita
703 2530 732 2589 in
757 2530 936 2609 purgatorio
959 2539 1016 2589 est.

260 2613 319 2694 41)
344 2614 431 2674 Mart.
456 2613 552 2674 Caute
575 2620 646 2672 sunt
667 2613 776 2672 veniae
799 2612 992 2692 apostolicae
1014 2628 1100 2691 prae·

178 2697 343 2775 dicandae,
375 2716 414 2756 ue
442 2696 576 2775 populus
604 2696 683 2755 false
704 2695 857 2774 intelligat
879 2712 931 2754 eas
952 2695 1100 2774 praeferri

177 2782 287 2843 ceteris
309 2780 398 2841 bonis
421 2778 564 2859 operibus
586 2779 730 2838 caritatis.

261 2863 313 2924 Sil.
338 2864 451 2924 Verum
476 2864 581 2940 utique
603 2861 707 2938 doces,
730 2861 785 2920 ead
809 2880 870 2920 non
893 2862 992 2920 minus
1011 2868 1100 2921 cauta

178 2955 251 3008 sunt
270 2945 493 3026 lmprobandae
514 2955 546 3025 et
564 2943 813 3024 restringendae,'
829 2945 858 3002 in
879 2944 1100 3023 praeiudicium

181 3029 373 3110 apostolicae
396 3028 566 3104 facultatis,
595 3035 626 3087 et
651 3027 804 3106 privilegii
832 3029 970 3086 concessi
993 3048 1012 3086 a
1033 3028 1099 3087 Deo

179 3113 269 3175 beato
292 3113 392 3173 Petro.
786 3113 790 3118 '

180 3232 183 3247 ι
262 3187 321 3277 la)
345 3195 433 3255 Mart.
455 3192 599 3254 Dooendi
621 3198 693 3252 sunt
706 3192 880 3270 Christiani,
902 3191 984 3270 quod
1002 3213 1101 3272 papae

179 3294 267 3339 mens
289 3282 421 3354 nonest,
443 3275 687 3356 redemptionem
705 3276 861 3335 veniarum
879 3275 941 3334 ulla
954 3296 993 3334 ex
1016 3283 1102 3356 parte

180 3361 421 3440 comparandam
444 3378 512 3420 esse
535 3359 680 3440 operibus
703 3357 941 3420 misericordiae.
1000 3375 1006 3389 ¹

263 3443 317 3504 Sil.
340 3441 480 3504 Dooendi
503 3450 573 3502 sunt
594 3443 703 3519 etiam,
735 3441 817 3519 quod
841 3461 926 3501 mens
949 3441 1102 3520 pontilicis

180 3533 243 3604 est,
272 3546 327 3606 par
350 3526 456 3586 venias
476 3544 651 3604 provocare
673 3524 781 3585 fideles
801 3525 839 3585 ad
863 3543 958 3604 opera
980 3527 1102 3605 pietatis

234 3794 264 3860 *J
286 3792 318 3845 ln
339 3791 404 3846 adit.
423 3792 501 3846 dem:
521 3809 557 3845 ex
576 3808 632 3846 non
652 3790 759 3844 solutis.
