2356 4200
236 997 542 1095 llartinus
572 998 879 1097 Lutherus

405 1197 473 1259 Pio
497 1196 703 1261 Lectori-s.

180 1389 314 1478 Multum
330 1415 444 1496 dinque
459 1416 556 1477 restiti
576 1416 647 1497 illis,
670 1417 722 1497 qui
736 1435 823 1479 meos
844 1415 939 1478 libros
963 1434 1018 1478 sen

92 1506 197 1567 verius
220 1501 419 1562 confusiones
442 1518 576 1561 meorum
594 1499 840 1563 lucubrationum
854 1499 1019 1561 voluerunt

93 1589 205 1673 editas,
228 1592 292 1645 tum
307 1582 390 1663 qnod
404 1583 490 1643 nolui
507 1584 701 1663 antiquorum
724 1583 847 1645 labores
870 1584 947 1645 meis
964 1600 1018 1643 no·

94 1669 242 1732 vitatibus
265 1667 354 1728 obrui
376 1673 407 1728 et
422 1666 571 1727 lectorem
589 1685 608 1726 a
627 1666 766 1748 legendis
787 1667 848 1727 illis
866 1662 1018 1746 impediri,

95 1765 160 1816 tum
180 1750 265 1832 qnod
294 1747 376 1810 nunc
403 1748 461 1809 Dei
484 1750 583 1830 gratia
608 1756 731 1811 exstent
757 1748 924 1811 methodici
951 1747 1019 1811 libri

96 1857 188 1918 qnam
201 1835 334 1917 plurimi,
356 1834 436 1894 inter
451 1851 529 1911 quos
539 1831 617 1896 Loci
630 1850 809 1896 communes
822 1832 955 1913 Philippi
967 1849 1018 1892 cx·

95 1921 228 2002 cellnnt,
261 1916 370 1996 quibus
393 1915 558 1996 theologus
589 1923 621 1976 et
646 1918 812 1998 episcopus
841 1915 968 1998 pulchre
988 1920 1021 1977 st

96 2002 221 2065 abunde
253 2000 379 2062 formari
407 2004 525 2079 potest,
559 2006 592 2059 ut
614 2000 652 2060 sit
679 2007 791 2082 potens
820 2000 850 2060 in
877 2016 1020 2061 sermono

97 2087 258 2148 doctriuae
280 2084 414 2164 pietatis,
436 2084 615 2163 praesertim
639 2102 707 2144 cum
732 2084 800 2164 ipsa
814 2101 903 2146 sacra
926 2080 1021 2143 biblia

96 2171 231 2231 nuncin
258 2167 343 2227 omni
365 2185 462 2245 prope
485 2166 590 2246 lingua
610 2165 715 2228 haberi
737 2167 867 2248 possint,
892 2166 952 2225 mei
969 2170 1019 2225 anss

97 2264 159 2315 tem
183 2253 269 2329 libri,
291 2257 325 2310 ut
346 2248 479 2328 ferebat,
508 2250 570 2310 imo
594 2250 727 2331 cogebat
749 2269 850 2310 rernm
872 2248 1020 2330 gerenda·

96 2357 163 2398 rum
185 2334 288 2395 nullus
311 2332 404 2411 ordo,
426 2332 468 2392 ita
490 2333 582 2393 etiam
604 2335 662 2414 ipsi
685 2336 745 2394 sint
767 2332 922 2413 quoddam
943 2329 1020 2392 rude

99 2429 130 2481 et
150 2419 337 2499 indigestum
361 2415 472 2494 chaos,
502 2416 584 2495 qnod
612 2435 693 2478 nunc
714 2436 773 2478 nec
794 2417 867 2476 milri
894 2417 953 2496 ipsi
982 2415 1022 2477 sit

97 2504 187 2564 facile
210 2502 360 2583 digerere.

182 2586 236 2646 His
258 2581 428 2644 rationibus
445 2581 595 2643 adductus
619 2582 779 2664 cupiebam
804 2600 912 2643 omnes
926 2581 1021 2643 libros

100 2689 186 2730 meos
220 2673 371 2748 perpetua
402 2664 559 2726 oblivione
594 2666 748 2748 sepultos,
781 2673 814 2726 ut
844 2663 1021 2728 melioribus

99 2761 182 2814 esset
204 2752 301 2811 locus.
346 2750 460 2808 Verum
488 2750 668 2830 improbitas
697 2757 729 2810 et
749 2750 924 2830 importuna
954 2769 1020 2831 per·

100 2837 214 2897 tinacia
235 2834 380 2909 aliorum,
403 2833 454 2910 qui
477 2833 547 2893 mihi
571 2832 707 2910 quotidie
729 2852 818 2894 aures
841 2832 1020 2914 implebant,

99 2923 231 2981 futurum
262 2936 345 2993 esse,
377 2912 402 2974 si
429 2935 488 2996 ego
519 2917 605 2975 vivus
633 2936 695 2977 non
726 2917 931 2996 permitterem
961 2917 1020 2999 edi,

99 3013 203 3064 tamen
225 3007 298 3081 post
320 3005 449 3059 mortem
472 3018 570 3060 meam
595 3007 698 3060 essent
720 3001 888 3061 certissime
912 3001 1020 3065 edituri

99 3089 136 3165 ii,
159 3086 211 3165 qni
234 3101 359 3164 prorsus
388 3083 542 3143 nescirent
563 3101 671 3144 causas
699 3091 730 3144 et
752 3091 892 3166 tempora
918 3104 1019 3147 rerum

99 3178 266 3253 gestarum,
290 3167 383 3226 etita
404 3186 443 3225 ex
465 3184 526 3226 una
547 3167 729 3228 confusione
742 3167 1020 3251 fierentplurimac.

99 3253 184 3314 Vicit
207 3251 367 3330 (inquam)
393 3268 499 3310 eorum
520 3250 717 3332 improbitas,
741 3259 774 3312 nt
797 3252 846 3314 edi
865 3255 1020 3334 permitte·

98 3357 175 3398 rem.
219 3334 360 3395 Accessit
381 3332 469 3392 simul
492 3334 634 3395 voluntas
658 3341 689 3396 et
703 3335 863 3418 imperinm
881 3337 1019 3400 illustris·

99 3421 169 3480 simi
192 3418 340 3499 Principis
358 3417 455 3477 nostri
468 3417 620 3480 lobannis
633 3419 776 3481 Friden'ci
787 3421 939 3484 Electoris
960 3430 1018 3484 etc.

100 3504 153 3583 qui
174 3502 274 3580 iussit,
302 3502 364 3560 imo
388 3501 491 3581 coegit
512 3502 724 3583 typographos
753 3524 816 3566 non
843 3504 943 3567 solum
966 3526 1017 3568 ex·

99 3586 224 3659 cudere,
247 3583 301 3644 sed
324 3591 354 3644 et
377 3589 528 3645 maturare
549 3583 725 3647 editionem.

186 3667 246 3728 Sed
272 3675 342 3728 ante
376 3669 480 3728 omnia
508 3687 563 3729 oro
597 3671 679 3750 pium
703 3669 867 3752 lectorem,
899 3680 929 3733 et
962 3691 1018 3734 oro

99 3760 229 3834 propter
254 3752 351 3833 ipsum
374 3752 538 3813 Dominum
565 3761 703 3814 nostrum
726 3754 831 3816 lesum
854 3755 1020 3855 Christum,
