2356 4200
446 277 481 333 ds
498 278 695 349 indulgentiis:
790 339 796 350 ,
968 274 1032 343 2⁰11

108 445 249 524 nomine,
272 445 362 511 titulo
384 451 416 509 et
430 447 601 528 insignibus
615 445 734 511 eilberti
755 445 981 528 srehieplsoopi
993 452 1034 509 -st

110 528 260 591 electoris
280 529 480 610 moguntinis
506 532 645 610 quemvis
672 547 772 608 neque
794 531 911 593 oonsoii
933 547 1033 610 neque

109 612 348 691 ¹‹ronsentientis
371 612 470 692 edito,
491 612 605 692 ubique
625 612 665 675 sb
686 619 813 675 auctore
833 612 1035 694 evulgsbstur

110 702 144 767 et
165 688 316 757 sostrims
343 695 624 759 commendabatur.
671 695 770 757 Huius
798 695 894 765 libelli
924 713 981 775 pro
1025 748 1028 753 .

109 776 241 853 modum
264 777 424 854 obliuione
443 781 585 859 oppressi
606 777 752 856 reliquias
772 779 886 858 primus
899 797 961 839 von
1000 796 1035 841 er

108 859 407 937 HspdtinHistorie
422 861 572 930 Litersris
589 861 828 923 Reformstionis
845 860 878 921 P.
889 861 930 921 lV
947 880 977 940 p.
991 862 1034 925 ,14

110 962 152 1005 sx
164 942 320 1003 sohedulis
333 944 475 1005 lseerstis
487 943 684 1021 exsudendss
699 944 782 1024 typis
794 945 920 1021 curavit,
935 951 1034 1023 suque

110 1025 151 1086 de
158 1026 247 1085 i'str'us
258 1025 480 1105 lustruotionis,
496 1046 574 1106 quse
582 1029 643 1086 ism
653 1045 716 1086 non
728 1033 794 1087 tots
805 1045 905 1105 neque
914 1027 1035 1107 integr·

109 1114 262 1188 superest,
288 1108 462 1190 fragmento
490 1110 568 1171 haee
599 1116 722 1173 monet:
750 1109 918 1188 „Frustum
953 1108 1049 1169 illius-

112 1192 324 1252 instruetionis
346 1193 467 1273 insigne
488 1193 540 1255 hio
560 1192 739 1253 exhibemus
761 1191 957 1273 reliquiarum
981 1210 1036 1253 nu

110 1291 216 1353 mero,
247 1291 323 1352 quas
353 1276 499 1336 mirentur
528 1276 661 1356 posteri3
681 1275 741 1335 hoo
761 1275 943 1337 sosndslum
960 1273 1037 1353 illud

111 1353 283 1436 publicum,
320 1357 387 1417 sine
421 1359 505 1418 iussu
538 1365 569 1427 et
601 1359 784 1421 auotoritote
816 1356 973 1421 Pontifisis
999 1363 1038 1419 et

111 1438 265 1511 Eleutetis
284 1445 338 1499 sut
358 1439 646 1502 commissariorum
670 1441 882 1521 primariorum
905 1440 1035 1520 editum,

110 1521 174 1583 hoo
195 1521 277 1583 illius
302 1523 412 1583 setstis
435 1530 621 1601 monstrum,
650 1522 733 1603 quod
755 1525 885 1586 armavit
903 1523 1036 1603 Levites,

110 1610 145 1666 ut
165 1604 384 1667 inveherentur
405 1607 435 1667 in
457 1606 528 1667 illos
548 1606 698 1667 infaustos
729 1613 760 1666 et
786 1605 948 1667 intestinos
976 1606 1037 1668 sul

110 1694 216 1766 tores3
240 1686 414 1750 Levitsrum
435 1689 561 1768 ferrum,
584 1689 719 1751 eslsmus
740 1688 880 1768 Lutheri3
901 1688 1037 1769 pressis

109 1770 234 1831 rissims
255 1769 334 1831 haee
355 1771 501 1833 historiae
523 1792 608 1852 pars,
636 1791 716 1851 quse
744 1778 881 1833 nostrum
903 1778 1036 1835 aetatem

109 1854 173 1913 iam
196 1852 327 1932 fugerat.
364 1855 541 1935 Vsldopere
561 1854 742 1933 mirandum,
765 1855 949 1917 eolleotores
964 1874 1037 1935 ope·

109 1955 178 2017 rum
205 1935 328 1996 Lutheri
350 1956 475 2016 prorsus
503 1938 678 2018 neglexisse
700 1937 783 1997 huns
814 1938 953 1999 fomitem
992 1939 1036 2001 i'u·
1115 1993 1122 2018 ,

110 2017 213 2079 oendii
235 2024 298 2081 tsm
314 2021 427 2100 magui,
444 2039 506 2099 quo
520 2039 582 2082 non
603 2021 734 2115 segnito¹
746 2027 839 2099 etque
852 2018 950 2116 probe
970 2040 1037 2118 per·

110 2100 831 2327 illgffini'l‘lffl0llillffa‘ssrxdllllii33„(1⁶5,
860 2109 1036 2267 iffi

112 2286 186 2328 ruve
580 2301 582 2306 ·

194 2349 260 2410 Nos
289 2358 321 2413 et
348 2352 406 2430 ipsi
428 2351 484 2411 hes
506 2352 562 2411 reli
586 2353 651 2412 uiss
674 2353 762 2413 istius
782 2352 972 2414 Summariee
992 2353 1037 2415 iu-

111 2433 289 2493 struetionis
327 2435 409 2513 typis
443 2371 629 2515 repetenssss
659 2437 851 2515 curavimus,
890 2437 1037 2514 quonism

110 2515 263 2576 Lutherus
297 2519 421 2597 saepius
451 2517 490 2578 de
517 2518 570 2577 illa
591 2519 792 2579 instructione
815 2520 953 2580 meminit
973 2526 1036 2583 tem

111 2600 143 2658 in
166 2599 301 2678 epistole
321 2600 360 2659 sd
384 2598 544 2661 Albertum
564 2600 710 2681 Arohiep.
733 2609 765 2663 et
784 2602 883 2665 Eleot.
899 2603 1036 2682 Mogunt.

111 2683 144 2741 in
173 2681 285 2761 vigilia
307 2684 443 2743 omnium
465 2683 648 2745 Sanctorum
672 2705 700 2746 s.
724 2685 805 2749 1517
827 2685 915 2762 dats,
943 2704 1036 2764 quem

111 2765 143 2825 in
177 2764 253 2825 libro
286 2764 471 2826 Germanico
504 2767 555 2844 qui
582 2767 772 2828 inscribitur:
815 2769 924 2829 Wider
950 2768 1036 2831 Heus

111 2847 230 2908 Wurst.
252 2847 332 2908 Edit.
356 2848 480 2928 Erlsng.
497 2849 586 2910 Tom.
608 2850 717 2927 XXVI,
744 2856 769 2913 1.
808 2851 1036 2922 securisumus

110 2931 141 2989 in
165 2937 251 2990 textu
274 2931 431 2992 reddendo
456 2951 516 2993 von
540 2933 594 2993 der
612 2933 730 2994 Hsrdtii
752 2933 859 2995 librum
881 2934 1036 2997 laudatum

109 3012 233 3074 eollstis
256 3013 421 3074 Loesoheri
442 3016 529 3075 Astis
551 3017 802 3094 Reformstionis,
824 3017 859 3078 T.
882 3017 902 3078 l.
921 3037 951 3097 p.
974 3020 1034 3084 415

108 3115 177 3175 sqq.
203 3095 405 3170 (Germanice
428 3118 476 3177 sp.
500 3099 676 3159 Wslehium
697 3099 757 3161 XV
782 3121 810 3179 p.
833 3099 921 3182 418).

107 3233 377 3313 Fragmentum
406 3233 650 3296 Summsrise
688 3235 743 3296 Jo.
783 3234 955 3297 Tetzelii
983 3237 1036 3299 ln·

108 3317 346 3376 structionis
380 3317 626 3378 sacerdotum
662 3318 705 3378 ad
742 3319 1036 3400 praedicandus

430 3400 714 3482 indulgentias.

192 3517 324 3577 Possunt
345 3517 465 3579 absolvi
488 3526 519 3580 et
540 3519 710 3599 dispensari
731 3539 949 3602 squseuuque
962 3523 1036 3595 irre-

106 3600 273 3680 gularitate
296 3608 464 3680 continete,
487 3603 626 3683 exeeptis
649 3604 901 3683 provenientibus
924 3624 963 3665 ex
981 3605 1035 3666 ho-

108 3683 232 3745 micidio
256 3684 430 3745 voluntario
453 3691 485 3745 et
506 3685 649 3765 bigamis.

189 3767 266 3847 ltem
289 3767 340 3846 qui
362 3767 467 3846 sliqus
488 3770 717 3848 coniunctione,
737 3769 886 3848 spirituali
897 3771 951 3833 rel·
972 3790 1035 3833 oen
