2356 4200
373 298 409 353 ad
425 299 498 355 nial.
516 299 548 363 F,
561 298 634 357 silv.
653 300 804 357 Pusaeus.
1006 297 1048 365 29

127 467 219 549 eulpa
239 488 310 529 mea
328 474 395 546 est,
428 467 500 546 quia
531 487 594 530 non
623 469 697 529 satis
723 489 773 529 me
794 470 944 549 expressi.
986 468 1048 532 Sed

127 570 186 621 nea
208 553 355 632 oportuit,
379 569 448 611 oum
461 551 700 631 disputationem
717 570 935 632 proponerem.
973 551 1047 614 Sen-

127 654 179 697 sus
199 654 288 696 meus
309 640 356 696 est
378 640 408 694 et
429 633 497 712 fuit,
526 634 608 713 quod
630 635 704 696 olim
725 653 788 696 non
810 634 1049 713 absolvebantur

126 724 199 780 ante
221 719 446 799 poeniteniam
468 717 632 797 expletam,
668 717 751 796 quod
788 738 828 779 ex
856 738 894 780 eo
923 707 1049 798 poteras

87 842 92 847 -
126 801 311 881 intelligere,
333 799 416 880 quod
438 800 580 862 subiunxi
588 810 763 884 ,tanquam
787 808 977 863 tentamenta
997 820 1048 862 ve-

125 903 179 945 rae
200 885 405 946 contritionis.
459 883 539 943 Nost
527 892 573 944 tro
608 886 690 945 enim
717 885 839 961 seculo,
866 884 918 945 ubi
947 884 1047 946 solum

126 968 311 1047 imponitur,
344 986 407 1027 non
429 974 482 1026 ant
483 987 530 1026 em
553 967 696 1047 impletur
716 976 788 1029 ante
809 968 1048 1044 absolutionem,

126 1068 189 1111 nou
212 1056 316 1130 potest
337 1049 502 1129 explorari,
525 1068 564 1108 an
587 1070 660 1111 vera
681 1052 721 1110 ιιι
741 1052 895 1114 contritio.
931 1050 972 1111 Et
960 1053 1048 1111 tuti-

125 1152 196 1194 nam
219 1133 272 1194 ille
293 1139 380 1193 vetus
403 1151 470 1194 moe
491 1140 695 1193 revocaretur.

209 1215 259 1276 Ad
282 1217 402 1276 tertiam
425 1214 575 1276 decimam
596 1215 741 1277 aeneadis
763 1236 871 1278 verum
893 1236 972 1296 esee,
993 1236 1050 1297 per

126 1306 257 1361 mortem
280 1299 384 1359 omnia
410 1298 503 1395 solvi,
532 1297 583 1360 ubi
606 1318 646 1358 ex
668 1317 787 1360 ιιιιιοιιι
809 1307 926 1360 tantum
946 1319 1050 1381 poena

126 1381 220 1443 debet
207 1388 264 1443 t.ur
299 1380 391 1456 Quod
412 1383 437 1442 si
452 1400 535 1458 eam,
559 1399 649 1460 quam
670 1383 802 1460 imponit
824 1402 934 1461 canon,
957 1385 1049 1444 etiam

128 1464 233 1526 diviua
281 1465 397 1525 iustitia
439 1466 564 1543 exigat,
606 1466 815 1544 purgatorium
861 1484 956 1547 neges
999 1487 1049 1527 ne-

126 1566 215 1609 eesse
236 1554 292 1609 est.

206 1629 418 1710 Respondeo:
452 1629 525 1691 Sive
545 1629 660 1689 iustitia
682 1630 796 1710 exigat,
820 1632 885 1691 sive
905 1651 986 1710 non,
1007 1633 1051 1692 ni·

126 1713 170 1773 hil
189 1712 253 1773 hoo
275 1712 315 1773 ad
336 1713 440 1772 claves
463 1712 634 1788 ecelesiae,
656 1712 713 1773 sed
735 1713 774 1773 ad
797 1715 955 1775 orationes
977 1715 1051 1775 dun·

125 1801 222 1857 ιιιιιοι.
265 1795 349 1857 Siout
369 1794 504 1856 lacobus
526 1792 654 1873 dioit,*]
685 1795 768 1874 quod
790 1798 889 1858 oratio
910 1795 982 1858 fidei
1003 1817 1051 1858 ee

129 1878 244 1939 etesiae
266 1876 397 1938 salvabit
417 1876 585 1956 infirmum,
618 1884 664 1956 et,
694 1880 719 1938 si
746 1880 777 1938 in
799 1881 935 1958 peooatis
952 1880 1051 1959 fuerit,

127 1962 319 2022 remittentur
340 1962 377 2023 ei.

211 2043 366 2123 Secundo,
388 2042 476 2104 fieret
497 2050 569 2103 tuno
591 2044 790 2104 ministerium
813 2044 944 2104 clavium
967 2045 1051 2106 aliud

127 2127 203 2188 nihil
225 2145 319 2206 quarn
340 2128 498 2206 negotium
520 2125 738 2205 perambulans
759 2127 789 2186 ιιι
814 2127 957 2206 tenebris,
980 2130 1052 2206 quia

128 2210 278 2285 solveret,
312 2211 454 2270 nesoiens
477 2209 549 2288 quid
573 2216 603 2268 et
625 2217 772 2288 quantum
796 2209 945 2288 solveret,
968 2212 1051 2289 quod

127 2293 202 2353 mihi
224 2300 307 2354 certe
328 2300 377 2352 sat
365 2294 402 2351 ιιι
432 2292 596 2353 absurdum
625 2292 753 2353 videtur.
802 2292 880 2352 Nam
908 2293 1053 2354 iudicium

127 2376 197 2437 ferri
224 2394 288 2437 non
311 2375 403 2436 debet
423 2395 515 2455 super
535 2395 568 2435 re
590 2394 714 2453 prorsus
734 2377 901 2471 incognita
942 2375 1052 2438 Claves

128 2458 209 2518 enim
239 2478 305 2517 rem
334 2465 447 2517 certam
475 2466 505 2518 et
526 2457 657 2518 solidam
681 2459 802 2537 operari
824 2458 946 2521 debent
991 2460 1053 2522 Sed

127 2542 188 2602 iam
212 2543 286 2601 satis
310 2548 455 2621 suprtae
443 2541 558 2602 talibi

211 2623 332 2701 Tertio,
356 2643 418 2684 ιιοιι
441 2625 593 2703 sequitur,
621 2623 691 2685 ideo
718 2626 930 2704 purgatorium
957 2645 976 2685 a
1005 2646 1053 2686 me

128 2708 245 2788 negari,
269 2706 323 2766 sed
335 2706 446 2786 solum,
467 2706 550 2786 quod
567 2709 777 2787 purgatorium
793 2708 903 2769 virtue
921 2709 1052 2769 olavium

127 2809 191 2851 non
213 2791 313 2868 possit
334 2789 423 2868 solvi,
446 2797 479 2849 ut
500 2790 587 2850 infra.

210 2872 260 2932 Ad
289 2879 427 2950 quartam
459 2872 680 2949 decimam,e
663 2874 859 2951 etquintam
889 2873 1052 2954 decimam,

128 2954 178 3016 ubi
204 2955 373 3051 disputavi,
397 2974 476 3033 quae
498 2956 571 3014 mihi
595 2953 748 3015 videretur
770 2975 839 3016 ease
861 2976 964 3036 poena
984 2978 1052 3054 pur-

127 3058 168 3119 ga
170 3039 250 3116 torii,
273 3039 391 3098 seilicet
413 3039 567 3099 horrore
585 3039 683 3179 timotr,
702 3057 739 3097 aa
749 3058 849 3134 prope
866 3039 1052 3120 desperatio,

128 3131 189 3182 tres
214 3122 288 3180 mihi
310 3120 425 3180 falsitat
382 3126 459 3180 tates
481 3140 615 3199 imponis
638 3127 669 3181 e
691 3123 902 3182 temeritatem.

211 3204 400 3282 Respondeo
425 3204 464 3264 ad
486 3205 687 3264 temeritatem
709 3206 809 3282 prius:
833 3205 976 3266 Eiusdem
1000 3208 1054 3266 ori-

127 3288 219 3348 minis
242 3307 316 3347 reus
336 3306 455 3346 meeum
489 3307 521 3347 es
551 3294 582 3346 et
610 3295 651 3366 tu,
680 3294 711 3346 et
744 3286 774 3347 S
805 3287 956 3383 Thomas,
990 3291 1052 3350 imo

128 3370 265 3431 Thomas
289 3371 425 3430 omnium
447 3371 590 3449 maxime,
613 3371 663 3448 qui
685 3389 741 3450 per
762 3372 866 3431 omnia
887 3371 982 3433 ferme
999 3391 1054 3433 sua

130 3455 246 3537 earipta
282 3452 364 3512 aliud
387 3450 462 3513 nihil
489 3453 575 3530 fauit,
615 3471 706 3532 quam
735 3452 883 3596 disputat,
921 3461 952 3515 et
973 3455 1054 3534 quod

132 3528 323 3617 grande,
267 3543 315 3596 est
347 3537 439 3595 etiam
463 3555 509 3614 ea,
532 3554 610 3614 quae
626 3535 698 3595 fidei
714 3543 793 3616 sunt,
815 3538 845 3597 in
860 3543 967 3617 quaest
968 3540 1056 3599 iones

184 3803 216 3868 ⁸)
235 3801 332 3858 Jacob.
351 3804 377 3859 5.
