2356 4200
122 271 185 340 422
368 270 495 340 Epistola
512 270 547 325 D.
566 268 677 323 llartiui
695 266 809 324 Lutlrsri

119 447 263 509 Poteram
296 444 434 526 legitima
465 440 607 503 libertate
641 459 735 500 unum
764 439 893 502 verbum
919 459 1043 521 respon·

119 530 212 607 disse,
233 546 293 588 neo
315 546 365 587 me
388 527 419 586 in
433 525 568 604 aliquam
581 524 842 585 examinationem
856 522 941 600 dare,
962 541 1043 605 prae-

120 614 241 690 sertim,
270 628 339 670 cum
367 608 586 670 Resolutiones
617 624 705 667 meae
732 612 840 666 essent
866 605 992 668 oblatae
1017 612 1045 668 et

121 693 312 777 significatae
334 710 455 752 summo
466 689 617 768 Pontifici,
639 690 682 750 ita
704 695 738 748 ut
758 688 798 749 ad
820 706 873 750 me
894 688 1044 770 nihilpsr

120 781 233 839 tineret
252 776 331 837 haec
353 793 457 850 causa,
479 774 539 834 nisi
560 778 594 833 ut
615 777 827 852 exspectarem
851 773 1044 833 sententiam.

121 860 201 922 Nam
233 861 263 919 in
294 857 451 920 arbitrium
475 856 625 917 ecclesiae
662 875 681 914 a
712 873 761 915 me
783 854 969 916 translatum
990 856 1047 916 inm

120 961 342 1024 reposueram,
378 947 410 1002 et
438 950 540 1001 tamen
564 938 604 999 ob
625 938 829 1001 reverentiam
859 937 1049 1000 reverendis·

122 1025 324 1088 simiDomini
334 1023 441 1107 Legati
462 1040 571 1103 passus
594 1040 660 1081 sum
682 1020 763 1081 ultra
783 1020 863 1082 haec
886 1040 938 1082 me
960 1022 1047 1083 etiarn

121 1109 301 1171 examinari.
322 1106 394 1168 Non
407 1124 466 1186 ego
488 1104 699 1165 fraudulentus
723 1104 775 1182 dri,
798 1103 855 1164 sed
878 1104 1050 1165 viminstis·

123 1194 201 1254 simo
224 1193 334 1253 timore
352 1188 513 1249 declinavi.
534 1186 617 1247 Nihil
637 1190 688 1247 md
703 1186 845 1247 omisisse
866 1186 973 1268 video,
994 1188 1051 1248 nisi

123 1294 180 1337 sex
200 1276 275 1336 istas
296 1273 420 1349 literas,
442 1271 614 1332 Revoco.
648 1269 789 1331 Oetemm
812 1269 979 1351 damnent,
1000 1269 1051 1331 do·

123 1363 230 1437 ceant,
264 1358 519 1434 interpretentur,
555 1353 605 1413 vel
638 1352 915 1415 reverendissimus
949 1353 1052 1416 Domi·

124 1460 180 1503 nus
202 1440 344 1521 legatus,
368 1436 418 1497 vel
438 1437 507 1517 ipse
530 1454 667 1496 summus
687 1436 840 1516 Pontifex,
863 1455 930 1499 non
952 1443 1052 1498 autem

125 1524 229 1585 dicant
254 1520 372 1582 solum:
399 1519 535 1595 Errasti,
564 1518 766 1597 maledixisti,
801 1518 911 1580 sedin
934 1520 1053 1601 scriptis

126 1608 248 1688 signent
283 1621 432 1681 errorem,
469 1601 603 1682 probent
637 1601 848 1680 maledictum,
889 1603 1052 1679 rationem,

126 1706 217 1770 quam
238 1686 354 1748 habent
376 1683 432 1765 ¹),
461 1684 606 1763 reddant,
646 1684 818 1746 dissolvant
840 1684 1017 1766 Scripturas
1037 1705 1055 1746 n

126 1790 176 1832 me
197 1769 346 1831 inductas.
369 1768 512 1830 Doceant
533 1770 611 1828 sicut
632 1769 763 1847 iactant,
794 1768 898 1830 verbis
922 1788 994 1831 sese
1015 1768 1054 1830 t'c

126 1855 216 1931 cisse,
236 1854 389 1913 instruant
409 1851 513 1911 doceri
537 1852 722 1930 cupientem,
745 1857 923 1932 petentem,
950 1852 1056 1927 voleu-

127 1938 198 2016 lem,
221 1939 465 2016 exspectantem,
488 1952 568 2012 quae
588 1934 771 1994 nec'l'urcus
789 1934 886 1996 homo
910 1934 986 1996 mihi
1007 1954 1056 1997 ne

127 2026 224 2103 garet.
236 2018 296 2080 Ubi
318 2016 425 2078 videro
447 2016 536 2076 aliter
556 2016 768 2096 intelligenda,
792 2036 885 2098 quam
905 2017 1056 2095 intellexi,

129 2104 155 2163 si
175 2109 248 2163 tunc
270 2120 333 2161 non
355 2117 561 2176 revocavero,
585 2105 616 2159 et
636 2119 687 2161 me
706 2101 806 2179 ipsum
835 2118 898 2163 non
931 2101 1055 2162 damna-

128 2204 211 2255 vero
233 2184 437 2245 illustrissime
452 2182 616 2261 Princeps,
639 2189 692 2243 tua
704 2182 863 2244 Oelsitudo
886 2184 928 2244 sit
948 2185 1054 2264 prima

129 2287 209 2349 quae
230 2272 435 2348 persequatur
457 2283 516 2341 me,
539 2264 676 2345 expellat
698 2286 756 2345 me,
779 2266 912 2328 obmant
935 2286 987 2328 me
1002 2267 1056 2326 viri

93 2371 99 2385 ·
129 2351 318 2412 Academiae
342 2355 477 2426 nostrae,
500 2347 633 2427 denique
655 2348 776 2409 coelum
799 2356 830 2409 et
851 2356 963 2410 terram
988 2368 1056 2411 con-

129 2441 176 2495 tra
198 2453 248 2494 me
269 2434 398 2510 invoco,
427 2430 597 2511 perdatque
627 2450 676 2491 me
707 2433 775 2512 ipse
796 2432 948 2493 Dominus
972 2451 1056 2494 meus

128 2518 218 2578 lesus
241 2515 387 2576 Christus.
411 2514 537 2593 Loquor
558 2519 589 2574 et
611 2532 669 2594 ego
693 2533 732 2574 ex
755 2521 841 2576 certa
862 2516 1008 2596 scientia,
1030 2521 1058 2576 et

129 2620 192 2662 non
216 2619 256 2660 ex
278 2596 484 2679 opinionibus,
508 2595 583 2668 nolo
606 2597 679 2657 mihi
700 2598 867 2658 Dominum
888 2597 992 2659 Deum
1013 2599 1055 2678 ip·

130 2703 207 2758 sum,
228 2681 302 2743 noto
325 2679 418 2740 ullam
441 2686 610 2739 creaturam
623 2680 682 2740 Dei
703 2680 776 2740 mihi
794 2680 859 2741 fore
879 2682 1057 2762 propitiam,

130 2767 156 2826 ei
177 2765 305 2827 ednotus
329 2762 456 2823 meliora
478 2769 600 2822 secutus
622 2781 685 2823 non
708 2763 804 2824 fuero.

88 2847 92 2857 '
213 2846 305 2923 Quod
340 2847 364 2905 si
394 2864 443 2906 me
475 2845 683 2906 Fraterculum
713 2852 745 2907 et
774 2845 951 2907 mendicum
986 2864 1060 2928 prae

130 2931 224 2990 nimia
246 2928 431 2991 conditionis
444 2947 532 2988 meae
552 2929 669 2990 vilitate
686 2930 930 3010 contempserint
945 2929 1060 2992 docere

131 3018 162 3074 et
181 3014 213 3072 in
235 3014 316 3072 viam
339 3012 475 3072 veritatis
502 3011 669 3090 reducere,
707 3032 766 3093 age
795 3012 888 3073 faciat
916 3018 973 3074 tua
993 3011 1060 3073 illu·

131 3097 280 3157 strissima
302 3093 470 3170 eelsitudo,
494 3101 525 3154 et
547 3100 615 3155 oret
642 3095 931 3156 reverendissimum
954 3094 1061 3158 Domi·

130 3197 203 3239 unm
224 3178 382 3259 Legatum,
404 3185 438 3238 ut
458 3177 568 3238 saltem
591 3184 661 3239 tuae
679 3177 859 3239 celsitudini
881 3178 1014 3257 scribat,
1030 3179 1062 3239 in

133 3261 240 3340 quibus
263 3260 447 3337 erraverim,
477 3267 508 3320 et
530 3261 688 3339 quomodo
720 3281 768 3322 me
797 3280 933 3323 errorem
958 3281 1062 3323 emen-

131 3344 206 3404 dare
235 3348 394 3424 oporteat,
423 3349 457 3403 ut
484 3343 595 3404 saltem
622 3363 679 3426 per
705 3344 941 3406 illustrissimam
977 3351 1062 3406 tuam

131 3426 383 3488 Dominationem
400 3426 507 3487 audire
519 3446 649 3508 merear,
662 3427 770 3509 quibus
789 3427 973 3504 rationibus,
999 3428 1064 3509 qui·

130 3508 190 3583 bus
211 3508 425 3570 autoritatibus
448 3528 583 3570 errorem
607 3532 706 3573 meum
740 3511 899 3572 confutare
927 3513 1065 3593 possint.

89 3627 93 3634 »
132 3590 222 3667 Quod
244 3594 268 3652 si
292 3593 383 3652 etiam
405 3591 629 3657 illustrissimae
658 3601 729 3656 tuae
754 3593 971 3656 Dominaticni
1002 3594 1067 3655 hoc

133 3768 136 3775 ¹
187 3780 218 3848 1)
239 3779 269 3833 ln
288 3779 330 3833 ed.
350 3780 428 3837 lem:
450 3780 561 3836 debent.
