2356 4200
124 281 186 352 172
438 260 717 342 sermones'iut'herl

125 476 186 541 sua⁴
204 462 237 518 ut
258 463 361 540 neget,
383 454 652 520 Deus'absoondit
672 476 728 518 sua
748 452 929 539 ut'revelet.
968 451 1046 521 Abs-

124 539 230 603 tondit
242 542 324 602 enirn
346 540 534 622 sapientibus
552 546 584 602 et
599 541 730 622 magnis,
751 539 1003 623 utbumilientur
1013 543 1047 599 et

124 624 305 706 insipientes
328 620 419 704 flent,
448 630 479 684 et
505 624 550 687 sie
575 620 712 706 parvulis
732 620 947 711 reveletboe'
962 621 1044 699 enirn

37 738 41 753 ι
124 705 279 790 placidum
303 712 350 768 est
370 724 474 769 eoram
489 725 540 779 ,eo
569 711 601 769 et
627 707 745 788 optima
771 706 931 788 voluntas,
964 704 1045 779 iusta

124 795 156 852 et
175 796 261 852 reeta
282 795 313 851 et
334 796 450 852 saneta.
492 788 533 850 Et
555 808 634 871 qnae
656 788 766 851 melior
778 788 1045 871 uolumenum

125 890 205 957 quae
228 892 284 934 sua
306 872 513 936 absconsione
546 871 622 933 nihil
654 871 735 934 aliud
767 873 861 952 iacit,
895 891 986 952 quam
1012 877 1048 931 ut

124 955 348 1038 impedimenta
379 955 578 1018 revelationis
606 954 711 1036 tollat,
743 956 763 1018 i.
793 975 820 1037 e,
849 951 1046 1037 superbiam?

122 1038 193 1101 Duo
213 1040 264 1100 hie
285 1044 484 1120 quaeruntur:
528 1036 609 1115 Quid
631 1039 692 1099 sint
715 1040 870 1120 sapientes
898 1043 929 1101 et
956 1026 1045 1099 intel-

123 1122 270 1205 ligentes,
299 1121 407 1202 quibus
437 1120 667 1184 absconduntur
686 1122 767 1183 ista?
796 1122 944 1198 alterum,
966 1124 1047 1200 qu'ae

124 1206 186 1266 sint
206 1203 261 1266 iila
281 1204 483 1267 abscondita?
523 1203 572 1266 Ad
588 1204 720 1287 primunr
743 1204 857 1286 passim
879 1202 1046 1285 respoude-

126 1295 192 1368 tur,
221 1287 303 1369 quod
327 1289 483 1370 sapientes
512 1292 544 1349 et
564 1286 773 1369 intelligentes
802 1286 879 1366 sint,
908 1288 959 1367 qui
988 1284 1046 1348 sibi

125 1370 268 1432 videntur
289 1370 367 1432 taies
389 1376 420 1431 et
440 1390 514 1432 uere
533 1364 596 1449 non
618 1372 698 1432 sunt.
740 1370 829 1449 Hane
842 1369 981 1468 glossam
995 1388 1046 1430 ve·

122 1467 197 1516 ram·
213 1453 335 1534 quidem
357 1453 413 1516 sed
430 1452 648 1533 obscuriorem,
671 1452 825 1535 quamsit
844 1472 912 1536 rpse
933 1458 1046 1532 textus,

125 1536 211 1598 multi
235 1536 349 1616 dieunt,
371 1537 421 1616 qui
444 1537 568 1620 ipsimet
585 1535 667 1611 ,tales
689 1532 760 1599 sunt
781 1544 813 1599 et
833 1555 896 1601 nou
908 1532 1047 1613 eredunt,

125 1638 159 1681 se
181 1620 257 1682 tales
280 1640 366 1699 esse,
397 1619 460 1681 imo
501 1618 718 1682 abominantur
757 1606 918 1699 eiusmodi.
960 1618 1048 1683 Haeo

127 1702 207 1764 eninr
231 1702 338 1785 glossa
358 1704 404 1765 sio
432 1708 549 1782 sonat,
570 1703 657 1783 quasi
679 1702 772 1783 aliqui
799 1703 861 1765 sint
881 1702 1047 1784 sapientes,

123 1785 178 1847 'alii
200 1784 257 1847 sibi
278 1784 440 1847 videantur
462 1786 598 1863 tantum,
631 1803 712 1865 quae
739 1792 787 1849 est
805 1785 982 1868 periculosa
1003 1785 1047 1845 in-

125 1867 306 1951 telligentia,
327 1868 471 1950 proxime
492 1864 670 1951 superbiae,
704 1864 833 1951 istisque
853 1868 979 1950 propria
993 1868 1045 1947 qui

125 1951 276 2013 eiusmodi
316 1950 471 2035 sapientes
500 1958 579 2012 sunt.
621 1949 695 2013 Ideo
728 1950 909 2014 Christianis
943 1949 1046 2014 dieen-

124 2032 213 2095 dum:
257 2032 421 2116 Sapientes
441 2035 492 2095 isti
515 2041 604 2116 sunt,
636 2034 809 2116 quicunque
840 2032 1046 2115 quodeunque

124 2118 256 2198 sapiunt,
278 2118 412 2178 maxime
432 2112 463 2177 in
486 2117 639 2199 sapientia
654 2116 713 2180 Dei
729 2124 761 2179 et
777 2137 866 2181 saera
880 2117 1045 2214 seriptum:

125 2201 202 2262 tales
225 2201 306 2261 eninr
328 2220 437 2261 omnes
459 2207 490 2261 et
511 2203 583 2262 sunt
604 2206 634 2262 et
655 2198 866 2262 videntursibi
880 2205 1047 2280 saprentes.

124 2283 219 2344 Porro
241 2283 301 2363 illi,
332 2302 410 2364 quos
431 2284 491 2363 ipsi
513 2284 672 2365 appellant
693 2303 768 2345 vere
790 2283 959 2364 sapientes,
994 2283 1046 2362 qui

125 2385 188 2426 non
212 2365 270 2426 sibi
291 2366 447 2444 videntur,
474 2365 507 2426 hi
536 2373 608 2428 sunt
629 2386 692 2427 non
715 2367 774 2452 qui
790 2366 973 2449 sapientiam
994 2364 1046 2426 ba
1088 2422 1091 2427 .

125 2448 209 2526 bant,
233 2447 288 2509 sed
311 2449 395 2510 stulti
417 2455 449 2510 et
469 2450 597 2531 egentes
619 2449 772 2530 sapientia
789 2446 1047 2530 etintelligentia,

125 2530 266 2592 videntes
294 2532 361 2593 sine
388 2533 472 2594 omni
500 2530 627 2594 ristona
657 2531 758 2594 eordis
782 2550 816 2594 se
838 2549 955 2593 vaenue
978 2548 1048 2592 esse

125 2619 157 2675 et
176 2632 301 2694 prorsus
323 2614 398 2676 nihil
420 2615 508 2676 seire.
542 2614 591 2695 Hi,
612 2615 751 2695 inquam,
764 2618 838 2676 vere
855 2614 1048 2695 insipientes,

127 2696 181 2758 sed
204 2698 385 2778 sapientiam
409 2698 562 2776 sitientes,
591 2698 652 2778 ipsi
685 2702 756 2758 sunt
785 2697 941 2778 sapientes
963 2698 1047 2758 vere.

127 2779 229 2843 Ceteri
252 2799 379 2858 ornnes,
407 2781 474 2841 sive
495 2780 552 2842 sibi
575 2780 752 2860 videantur,
783 2787 817 2842 ut
845 2785 916 2841 sunt
943 2778 1048 2841 rustiai

131 2869 162 2925 et
184 2882 288 2925 orasse
309 2865 501 2945 ignorantes,
519 2864 602 2924 ¹sive
622 2863 758 2925 babeant
778 2863 982 2944 sapientiam,
1015 2866 1050 2922 ut

128 2945 255 3007 subtiles
278 2945 468 3027 hypocritae,
491 2964 599 3007 omnes
622 2953 693 3008 sunt
714 2943 878 3028 sapientes,
901 2944 1048 3025 quianon

127 3029 323 3110 insipientes,
358 3048 420 3090 non
451 3030 540 3090 vanui
572 3048 635 3091 non
665 3031 833 3091 esurientes
856 3028 1049 3108 sapientiam,

127 3131 190 3172 non
213 3113 341 3193 parvuli.
376 3111 466 3173 Unde
487 3111 659 3192 apostolus,
681 3113 823 3194 egregius
844 3111 963 3189 doctor,
984 3127 1048 3172 non
1081 3168 1085 3179 ,

128 3195 186 3272 ait,
217 3196 267 3275 qui
289 3193 356 3256 vult
377 3213 446 3255 esse
468 3195 592 3276 sapiens
613 3196 779 3275 intervos,
802 3194 911 3255 stultus
933 3193 991 3255 sibi
1005 3193 1049 3253 vi·

129 3276 237 3338 deatur
257 3283 311 3339 aut
332 3296 366 3337 se
386 3283 509 3358 reputet
530 3277 647 3338 sed-bit
666 3277 786 3356 stultus,
799 3282 833 3337 ut
854 3278 894 3337 sit
915 3277 1049 3356 sapiens.

128 3359 207 3420 Nam
228 3359 306 3421 baeo
328 3365 375 3420 est
400 3379 475 3423 vera
496 3361 689 3421 enunciatio:
721 3361 831 3422 stultus
854 3365 902 3420 est
925 3360 1051 3457 sapiens

17 3516 20 3524 ,
129 3450 161 3503 et
181 3443 306 3522 sapiens
328 3449 376 3503 est
398 3442 525 3522 stultus·;
540 3443 657 3504 statmo
679 3443 801 3511 sabaei
822 3458 878 3503 sua
898 3447 1051 3522 sapienta

129 3531 177 3586 est
199 3525 308 3585 stultus
330 3525 440 3605 atiena,
462 3527 482 3587 i.
495 3545 521 3587 e.
535 3526 592 3587 Dei
608 3525 793 3586 'indurantis
807 3531 839 3587 et
859 3525 1050 3606 imputantis.

129 3607 188 3683 Qui
211 3609 291 3669 eninr
315 3627 350 3670 se
372 3610 524 3690 agnoseit,
547 3610 624 3670 siout
646 3627 719 3670 vere
742 3614 791 3670 est
811 3607 922 3668 stultus
944 3625 1049 3669 eoram

128 3691 300 3837 Ιξθοὶίὲιυίο
320 3692 487 3772 imputatur
505 3692 586 3754 haee
605 3690 761 3754 humilitas
783 3709 840 3773 pro
862 3708 982 3751 summa
1005 3709 1050 3751 sa

128 3793 200 3857 pren
245 3825 253 3840 .
