2356 4200
354 284 491 347 ιιιιιιιιιι,
504 284 841 380 mscussctsma-
991 283 1053 357 dil

131 454 264 534 optimas
280 451 631 533 ,Magdaleaasidesq
653 456 775 518 sannas
794 453 999 530 medentium,
1023 463 1052 521 et

130 537 305 616 principum
322 536 572 610 Christianorum
584 538 738 616 profusos,
749 557 816 616 -pra
838 536 985 609 ferendis.
1000 539 1053 609 mi,

131 619 421 698 metris-ecclesiae,
445 626 476 680 et
496 619 614 679 alendis
637 619 780 689 membris
804 619 1051 693 Christisinhac

129 703 210 765 vitae
233 703 369 777 miseria,
390 710 496 782 captus
518 703 712 777 insanissimo
736 701 1050 782 durandietzrapiendi

129 786 233 847 lurore
253 787 356 864 coepit
378 787 495 865 etipse
519 785 662 865 clamare,
684 805 862 866 persumet
881 785 1050 859 decretales

131 869 297 947 etscripta
320 888 443 928 suorum
465 867 673 945 adulatorum,
698 889 776 943 sess
789 888 892 929 curam
908 870 1051 939 smmum

130 952 329 1019 eeclesiarum
367 958 524 1031 spectare,
560 959 591 1011 et
626 969 701 1015 oves
732 938 865 1024 Christi
879 951 1050 1030 pascendas

130 1035 188 1095 sibi
207 1033 406 1101 commendat
407 1054 440 1094 as
465 1053 534 1094 esse
543 1035 680 1114 ,specie
700 1053 761 1121 nop
785 1034 878 1095 modo
900 1034 1050 1106 Ismario·

130 1119 206 1192 tica,
230 1117 284 1187 sed
307 1117 375 1197 plus
398 1136 487 1196 quarn
512 1080 675 1198 adgelioa,
692 1137 764 1197 per
771 1117 836 1179 ιοο
850 1117 1050 1191 mendacium
1154 1108 1157 1117 ’

117 1200 223 1262 *totius
235 1194 395 1260 'ecclesiae
418 1220 493 1279 opes
516 1201 606 1260 furari
635 1209 665 1260 et
654 1200 742 1265 tad
761 1219 849 1265 sese
865 1220 990 1280 rapere
996 1220 1050 1267 cor

130 1291 236 1361 natus,
270 1303 338 1343 cum
367 1283 483 1345 nullum
513 1284 553 1349 cit
582 1290 656 1362 post
683 1284 791 1363 ipsius
806 1284 1049 1363 assumpseris

129 1366 359 1427 mendaciorum
398 1365 561 1426 mendacia
598 1367 871 1447 impudentiam
881 1368 1050 1446 impurius,

130 1449 322 1511 mendacium
345 1448 401 1508 sub
425 1449 506 1510 sole
513 1448 678 1528 proditum,
700 1468 795 1528 quam
806 1449 889 1528 quod
905 1467 1049 1521 rqmacus

130 1535 293 1612 episcopus
316 1534 355 1591 sit
374 1540 445 1611 pest
446 1551 492 1592 or
503 1533 597 1602 totius
619 1533 783 1604 ccclesiae.
874 1552 940 1604 «ει.

146 1659 150 1673 .
212 1615 253 1677 Et
267 1615 328 1675 luit
343 1614 435 1676 ludas
449 1615 642 1675 mendacrum
655 1615 805 1695 apostolis
822 1634 891 1685 erne
897 1616 1049 1694 pannulo,

129 1719 199 1760 cum
222 1699 321 1779 ignari
354 1698 557 1759 crederentf
543 1692 704 1767 fallacibus
729 1698 832 1762 verbis
861 1717 939 1777 pro
928 1698 1048 1761 officio

129 1783 264 1843 caritatis
298 1788 410 1860 (quae
431 1783 535 1843 omnia
562 1781 675 1856 credit)
715 1800 787 1847 nec
800 1781 830 1843 in
858 1782 925 1842 eius
954 1781 1049 1847 ,ιιιιιιιι

128 1865 225 1936 lident
227 1884 259 1926 ss
282 1866 360 1924 mori
382 1864 562 1925 voluissent
591 1864 633 1924 At
621 1870 760 1938 tnestsr
780 1862 926 1933 ramanus
943 1864 1048 1943 ,lacha

127 1949 207 2011 rioth
237 1949 283 2006 sic
300 1946 469 2007 adornavit
497 1947 587 2009 nobis
610 1946 790 2017 Christianis
813 1964 900 2013 snum
923 1946 1048 2013 mendcs'

128 2034 226 2106 oium,
255 2038 302 2108 ut,
334 2030 393 2091 nisi
419 2049 475 2109 pro
499 2030 628 2091 articulo
650 2029 723 2102 fidei
732 2029 954 2106 adoraremus,
969 2076 971 2081 .
984 2049 1047 2091 non

129 2114 223 2176 modo
246 2113 414 2192 peniculum
439 2113 544 2173 salutis
564 2113 748 2186 immineret,
765 2112 825 2185 sed
848 2117 939 2190 certa,
962 2133 1048 2193 presa

127 2218 199 2258 sens
233 2204 263 2257 et
252 2196 372 2257 tlatce
404 2197 574 2257 sententiae
596 2195 767 2256 damnatio
785 2214 843 2260 uos
870 2195 1048 2265 iamdudum

126 2287 200 2343 erute
169 2280 326 2341 tsecula
348 2280 511 2342 hausisset
552 2279 593 2339 Ει
614 2277 794 2348 delectabat
777 2285 881 2351 teum
903 2279 962 2339 ista
985 2298 1047 2341 cre·

127 2364 252 2425 dulcet
275 2361 367 2422 stulta
389 2344 568 2441 simplicitas
590 2361 776 2439 fidelium,
768 2382 798 2423 ιιι
823 2381 884 2440 qua
903 2382 959 2441 pro
984 2361 1048 2427 libb.

127 2448 199 2507 dinc
222 2464 277 2505 sua
297 2445 419 2525 ludere,
448 2463 527 2524 quae
560 2444 668 2523 vellet,
684 2444 775 2509 ¹teilo
797 2445 905 2511 liceret
931 2444 1049 2522 curiali,
1116 2520 1120 2526 1

126 2550 197 2605 nam
223 2530 267 2604 (si
288 2529 394 2602 voles)
425 2527 569 2589 historias
593 2492 794 2608 perdurre-ct
827 2528 973 2606 observa,
1007 2544 1049 2597 aa

126 2632 259 2693 unquam
284 2631 301 2671 e
323 2612 425 2691 Papae
449 2612 531 2671 curia
559 2611 711 2692 prodierit
736 2631 796 2672 uns
824 2610 952 2691 pagiua,
983 2611 1047 2678 ima

126 2697 188 2757 duo
212 2714 318 2754 versus
340 2694 414 2754 doct
415 2695 499 2754 rinae
521 2693 731 2770 Christianae
748 2694 805 2754 vel
826 2694 936 2755 saltem
958 2693 1048 2761 deca.-

125 2780 190 2858 logi
198 2797 306 2858 ,cum
339 2784 441 2839 tamen
472 2778 502 2836 in
505 2778 591 2837 terim
614 2741 810 2848 decretdliurn
845 2783 881 2837 et
864 2776 1046 2838 tbullarutn

126 2800 180 2924 deg
188 2861 384 2958 praebendis,
408 2860 520 2940 palliis,
542 2859 738 2956 dignitatibus
761 2865 793 2920 et
813 2860 881 2919 aliis
891 2859 1048 2955 'profanis-

126 2946 212 3006 simie
236 2944 334 3024 nugis,
357 2945 425 3003 sine
439 2944 674 3038 intermissam,
697 2941 857 3020 sinodus,
873 2942 1048 3005 sinemodo

125 3034 278 3107 ttempcsa
280 3034 326 3087 tes
342 3032 373 3086 et
387 3026 483 3087 maria
495 3025 698 3087 exundarint
691 3046 720 3086 m
738 3044 868 3087 omnem
875 3025 1046 3089 ecclesiam:

210 3109 296 3184 Quae
319 3111 423 3169 omnia
445 3114 550 3168 cumt
538 3109 717 3169 totseculis
740 3108 914 3185 videamuS,
943 3108 1046 3187 palpe·

127 3214 214 3272 mus,
243 3196 432 3271 sentiamus,
460 3193 651 3272 experientia
678 3193 746 3272 ipsa
764 3193 811 3251 ita
832 3208 903 3252 sese
922 3190 1046 3268 habere,

125 3277 323 3338 nihilominus
348 3297 383 3336 os
405 3276 486 3336 istud
515 3275 623 3335 durum
645 3283 683 3337 ,οι
701 3275 870 3354 ιιιιριιιιοιιι
898 3293 1048 3339 romanas

125 3361 217 3440 lupae
240 3360 333 3420 audet
322 3360 482 3439 tgloriari,
506 3378 576 3418 sese
592 3358 673 3419 velle
688 3376 818 3438 pascere
834 3376 909 3418 oves
923 3355 1046 3435 Christi,

125 3451 158 3504 et
176 3463 287 3505 omncs
310 3443 468 3517 ecclesias,
492 3443 630 3502 satanica
651 3448 682 3503 ct
703 3442 800 3505 furiali
824 3440 962 3518 nequitia
981 3461 1046 3505 ver

125 3528 197 3589 bum
220 3526 368 3608 pascendi
390 3526 450 3586 huc
472 3525 722 3621 detorquerent
740 3523 898 3605 significet
908 3524 949 3599 ci,
972 3530 1046 3589 tern-¹

125 3611 274 3693 porahter
296 3616 327 3670 e
349 3609 548 3704 corporaliter
570 3610 599 3667 in
624 3609 714 3670 rebus
736 3607 890 3685 fidelium,
919 3606 956 3667 ad
979 3627 1045 3687 per-

124 3693 273 3754 ditionem
313 3693 482 3752 animarum
518 3692 611 3753 licere
643 3692 837 3771 tyrannisare
872 3698 902 3750 et
890 3691 1044 3754 t.furere

122 3777 216 3855 Quasi
239 3794 313 3836 vero
335 3777 457 3836 animae
478 3774 613 3835 fidelium
636 3774 726 3836 valde
752 3774 835 3836 benc
864 3780 998 3854 pascant
999 3793 1048 3852 ur,
