2356 4200
170 275 236 346 408
485 316 496 332 s
574 277 709 335 Asterisci

170 448 243 530 qnid
278 447 396 510 edimus
424 451 455 509 in
484 450 651 530 publicum.
694 451 769 512 ldeo
803 451 896 511 miror
924 449 1099 531 plurimum,

50 545 55 550 ’
172 551 225 594 cur
248 539 410 613 tantopere
431 532 530 594 Eckio
553 541 656 594 vestro
694 534 886 594 deditissimo
918 551 1098 594 succensent

171 617 222 677 tis.
265 615 462 689 Adulationis
492 617 577 677 aiunt
605 624 635 677 te
664 616 794 677 Eokium
827 617 1013 687 insimulare.
1057 615 1099 676 At

171 702 306 781 ignoras,
330 717 421 778 quam
442 699 558 759 Eckius
588 700 683 760 homo
713 702 753 760 sit
780 698 985 761 inadulabilis.
1031 700 1099 760 Per·
1139 700 1145 710 “

173 789 302 842 contare
326 801 443 860 omnes,
467 783 517 861 qui
529 783 660 842 Eckium
684 789 846 861 noverunt,
861 801 951 861 quam
966 784 1101 864 ingenue

172 865 330 926 fateantur
362 865 491 924 Eclriurn
515 866 635 925 nescire
668 866 762 925 verba
791 866 873 927 dare.
919 866 1028 944 Neque
1050 866 1099 925 da

172 967 249 1026 rem,
273 949 297 1007 si
321 949 430 1007 scirem
455 948 588 1008 maxime
611 967 714 1009 coram
750 968 787 1009 eo
825 948 994 1028 Episcopo,
1017 949 1098 1028 apud

173 1049 265 1111 quem
297 1030 508 1111 indulgentiae
530 1031 653 1109 aliquae
683 1037 845 1110 (quantum
880 1050 939 1111 ego
968 1033 1097 1111 opinor)

172 1133 281 1194 parum
305 1112 449 1173 efficaces
473 1134 512 1172 ex
535 1133 645 1174 caussa
654 1114 838 1175 videbantur
859 1114 1022 1175 accidenti.
1045 1114 1099 1174 Oe-

172 1203 269 1257 terum
305 1197 391 1256 aiunt
422 1203 452 1256 te
481 1197 727 1258 monomachiam
762 1204 870 1258 contra
896 1197 1027 1257 Eckium
1058 1199 1101 1257 in·

177 1287 302 1341 struere.
346 1279 415 1358 Ego
438 1279 468 1338 id
491 1281 543 1339 vix
566 1280 701 1341 credam.
745 1279 836 1355 Quod
861 1281 886 1340 si
909 1281 1010 1340 facere
1032 1299 1100 1360 pro·

178 1363 279 1442 ponis,
301 1362 396 1422 miror
409 1380 461 1421 our
482 1382 543 1423 non
568 1369 676 1423 eontra
689 1364 809 1424 vicinos
820 1362 1099 1424 Franckfordianos

175 1453 207 1505 et
214 1445 389 1504 haereticae
402 1447 562 1524 pravitatis
575 1447 788 1525 inquisitorem
801 1451 832 1505 te
853 1447 1026 1526 succingas,
1049 1447 1098 1524 qui

174 1528 453 1588 centiesMartinum
478 1548 613 1606 errasse,
635 1528 786 1588 interdum
811 1529 967 1607 desipere,
990 1529 1099 1607 furere,

174 1629 211 1670 ac
232 1611 366 1671 insanire
387 1612 518 1670 innuunt
540 1611 660 1671 schedis
683 1611 772 1672 editis
796 1618 827 1672 et
843 1611 1015 1691 publicatis.
1040 1612 1099 1672 Ve-

176 1713 242 1753 rum
265 1694 401 1753 amicitia
422 1713 519 1773 nuper
541 1695 616 1754 inita·
639 1695 664 1753 si
686 1695 743 1754 frui
766 1696 873 1769 liceat,
906 1696 1005 1760 amice
1037 1695 1099 1774 qui-

177 1775 247 1837 dem
267 1782 369 1835 actum
390 1776 514 1856 putabo,
536 1785 566 1835 et
588 1796 667 1854 quae
680 1783 789 1837 contra
799 1780 952 1838 insontem
967 1777 1098 1837 Eckium
1139 1849 1144 1856 ,

177 1859 384 1936 meditamini,
413 1860 444 1918 in
474 1860 635 1939 spongiam
660 1860 772 1920 cadere
794 1860 986 1940 permittatis.
1028 1860 1098 1921 Non

177 1943 258 2002 enirn
282 1941 339 2001 fuit
361 1942 481 2001 animus
502 1961 588 2002 meus
609 1943 773 2002 Martinam
801 1942 934 2005 laedere.
979 1943 1020 2002 At
1050 1942 1100 2003 ubi

177 2025 343 2084 amicitiam
361 2023 450 2084 Eckii
473 2026 573 2104 parvi,
593 2026 692 2084 facitis
715 2033 747 2085 et
769 2046 837 2086 eum
860 2027 1034 2087 excessisse
1056 2046 1099 2086 ar-

176 2107 351 2186 bitramini,
384 2108 486 2188 legem
513 2107 600 2168 vobis
629 2109 789 2188 imponere
814 2128 872 2168 nec
893 2128 1019 2188 possum
1042 2127 1100 2168 nec
1155 2138 1162 2149 κ

175 2190 258 2264 volo,
282 2190 337 2250 sed
358 2196 460 2250 tamen
484 2192 577 2251 vestri
599 2192 654 2250 fuit
684 2191 777 2252 officii
798 2192 898 2252 Eckio
928 2205 1020 2270 quam
1041 2191 1098 2271 pri·

177 2292 257 2332 mum
280 2275 437 2350 intimare,
461 2275 485 2332 si
508 2273 599 2333 vultis
613 2273 684 2352 quid
716 2273 818 2336 edere.
861 2273 930 2354 Ego
961 2274 1011 2335 ubi
1034 2293 1099 2334 sen-

174 2375 243 2416 sero
266 2375 315 2415 me
329 2375 456 2432 errasse,
479 2356 574 2416 libere
587 2363 718 2416 erratum
741 2358 1041 2437 fateborpostposito
1053 2377 1099 2416 ru-

175 2438 268 2516 bore,
286 2438 338 2499 ubi
354 2450 461 2498 contra
483 2458 538 2498 vos
555 2441 771 2500 concitatiores
784 2440 890 2500 videro
907 2446 960 2499 aut
981 2439 1099 2500 aculea

174 2528 235 2598 tos,
250 2521 401 2582 bonorum
411 2528 646 2612 prpeceptorum
657 2529 688 2582 et
696 2523 863 2583 amicornm
873 2519 995 2583 auxilio⁴
1008 2541 1099 2600 quan·

177 2610 240 2663 tum
264 2604 378 2663 veritas
401 2606 549 2681 suaserit,
583 2606 612 2664 in
636 2605 743 2665 studiis
766 2606 938 2666 Christiano
962 2605 1038 2666 orbe
1059 2605 1099 2665 fa-

176 2686 361 2747 mosioribus
384 2706 433 2747 me
456 2689 532 2747 tueri
555 2686 700 2749 conabor.
746 2688 787 2748 At
808 2689 890 2748 malo
914 2706 1019 2748 carerc
1041 2687 1100 2748 hoo

175 2770 311 2850 negotio.
333 2769 430 2830 Tuum
448 2772 521 2830 vero
534 2770 634 2847 fuerit,
647 2772 718 2849 quid
734 2791 811 2851 opus
829 2773 909 2831 facto
923 2771 1099 2851 sitperpen·

175 2853 257 2930 dere,
280 2853 460 2913 etomnibus
484 2855 644 2933 perpensis
665 2856 822 2934 negotium
845 2852 981 2933 adgredi.
1010 2852 1098 2931 Vale,

175 2954 266 3015 quem
276 2955 347 2996 vere
357 2936 801 3019 salvereopto.ExJngolstat,
811 2936 1099 3017 plusquamraptim,

176 3020 225 3082 28.
240 3019 322 3080 Maii.
335 3018 426 3084 Anno
450 3018 575 3079 Gratiae
597 3019 764 3079 MDXVIII.
787 3020 882 3079 Parce
904 3018 1005 3078 veloci
1027 3019 1099 3079 stilo

177 3109 208 3161 et
224 3100 354 3162 barbaro
378 3100 417 3162 ob
440 3101 571 3162 subitam
596 3102 770 3163 tabellionis
792 3102 991 3163 abitionem.“

262 3183 338 3245 Sero
372 3183 450 3244 haec
488 3186 611 3265 rogavit
637 3184 758 3244 Ecoius.
802 3183 990 3245 Oarlstadins
1018 3183 1099 3243 enim

175 3267 236 3326 iam
267 3267 296 3327 d.
318 3266 369 3326 lx.
403 3286 442 3325 m.
466 3267 536 3327 Maii
560 3286 585 3327 a.
610 3268 692 3332 1518
714 3268 799 3328 Eccii
821 3267 965 3328 obeliscis
987 3284 1099 3346 propo·

180 3349 308 3410 sitiones
331 3358 522 3429 opposuerat
544 3351 756 3434 apologeticas
779 3369 835 3430 pro
857 3351 894 3410 R.
916 3350 949 3410 P.
972 3349 1008 3410 D.
1024 3349 1099 3410 llar-

177 3431 242 3492 tino
254 3431 386 3492 Luthero
410 3440 501 3512 atque
514 3434 648 3493 virorum
663 3433 824 3493 doctorum
840 3452 926 3493 more
948 3432 1099 3510 affixerat,

178 3513 217 3573 de
240 3514 349 3595 quibus
372 3514 494 3593 publice
528 3515 740 3595 disputaretur.
783 3517 841 3575 Die
862 3515 941 3578 XIV.
965 3535 1004 3575 m.
1028 3515 1099 3575 Maii

133 3609 136 3631 ¹
177 3612 229 3657 eas
258 3596 416 3677 &palatino
446 3599 528 3661 misit
557 3598 760 3674 Carlstadius,
794 3599 824 3658 id
854 3597 935 3677 qnod
966 3617 1005 3657 ex
1038 3599 1099 3678 epi-

177 3679 258 3739 stola
279 3688 423 3760 apparet,
452 3700 531 3761 quae
554 3681 713 3761 spalatino
737 3682 810 3742 data
831 3681 860 3739 in
885 3681 1000 3743 Olearii
1022 3680 1098 3741 Scri·

175 3763 227 3822 nio
243 3762 402 3841 Antiquar.
424 3782 454 3843 p.
477 3766 516 3828 27
540 3763 651 3845 legitur
667 3763 896 3839 ·(v.Loeaoheri
913 3763 950 3824 Α.
962 3764 1098 3825 Reform.
