2356 4200
152 253 215 325 402
417 253 576 323 Apim-uo
594 250 629 307 c.
649 251 728 306 uis
743 250 825 307 mu.

152 431 229 503 tuto,
250 440 320 485 mm
343 423 485 487 omuibus
512 428 652 499 constet,
685 427 834 500 umatum
870 429 905 481 ct
928 421 963 481 in
986 426 1075 499 qm

153 507 267 579 multos
300 508 449 570 saevitum
477 507 532 581 sit,
569 506 621 584 qui
653 503 835 565 ssltomss
870 501 1073 580 crediderunt,

154 582 247 657 ctiam
268 586 417 651 bibentes
439 588 558 651 ecloum
591 585 797 662 conductum,
831 593 863 646 et
897 586 969 647 luce
991 587 1074 647 meri·

131 673 250 739 diune
270 670 382 733 clerius
404 673 454 749 cit„
476 673 576 751 ipsum
600 671 692 733 etium
715 669 865 749 optimum
887 667 1076 748 pontitiani,

155 754 384 819 sanctissimum
407 755 564 815 dominum
584 761 721 817 nostrum
736 750 921 815 LeoucmX.
944 771 986 813 ec
1006 751 1076 815 mul·

156 846 205 903 tus
227 836 305 899 elios
336 837 609 899 reverendissimos
640 835 783 897 dominos
806 834 992 897 cardinales
1014 853 1076 895 sue·

154 921 223 1000 pius
245 921 276 983 iu
299 921 436 1000 periculo
459 922 566 987 mortis
582 919 686 997 fuisse,
707 937 768 980 nee
781 919 856 981 sotis
873 926 942 995 tuto
964 917 1075 979 ibidem

157 1004 268 1072 uivere,
291 1011 325 1064 ut
345 1005 431 1065 iuxto
450 1001 618 1081 Essiam*)
649 1001 688 1063 de
709 1001 809 1065 Romu
836 1002 903 1063 lere
924 1000 988 1063 dici
1010 1019 1077 1082 pcc·

156 1086 211 1149 sit:
233 1085 315 1147 lusti
328 1087 542 1151 habitaverunt
562 1087 594 1147 in
608 1105 654 1164 eu,
677 1103 758 1147 nnuc
776 1090 880 1147 cutem
893 1083 1077 1146 homicidee

238 1169 340 1248 Atque
360 1171 385 1233 ei
407 1188 499 1248 quem
526 1169 661 1229 maxime
681 1169 800 1230 Romue
829 1169 938 1229 omniu
960 1172 1028 1229 tuto
1048 1174 1078 1228 et

156 1252 243 1317 selvo
263 1251 372 1330 forent,
395 1253 471 1313 tenti
492 1259 597 1315 tumen
618 1252 735 1313 itineris
756 1250 919 1331 prolixitas
940 1249 1078 1313 imbecil-

157 1336 232 1401 titoti
253 1335 427 1415 corpusculi
449 1337 510 1421 nisi
542 1354 668 1415 prorsus
700 1333 900 1417 impossibilis
931 1340 999 1412 est,
1034 1340 1078 1395 tot

157 1419 247 1477 etiem
263 1417 400 1497 pericula
414 1420 507 1479 moris
519 1418 562 1495 ¹),
583 1427 615 1481 et
636 1419 770 1479 momine
786 1417 926 1478 omnium
948 1416 1077 1479 inrid'ne

157 1500 412 1579 adversariorum,
434 1518 516 1581 quse
536 1509 641 1563 tentae
663 1520 701 1561 cc
721 1508 784 1561 tom
805 1500 921 1563 multae
942 1506 1028 1578 suut,
1048 1508 1078 1559 ut

157 1585 282 1649 omuino
306 1583 378 1643 mibi
408 1604 464 1664 per
496 1593 657 1665 mcguctes
690 1591 723 1647 ot
743 1584 898 1663 principes
919 1585 1078 1663 utriusque

156 1672 253 1739 steine
276 1666 450 1728 consultum
472 1669 514 1730 sit
535 1679 567 1729 et
587 1684 642 1748 pm
665 1673 750 1729 certo
773 1667 1010 1744 denunciatum,
1037 1685 1079 1727 ne

156 1747 220 1811 ullo
241 1757 333 1829 pecto
357 1769 460 1812 muros
483 1749 734 1831 Vuittembergce
749 1749 923 1829 egrederer,
947 1751 1079 1811 certissi-

122 1874 137 1920 t
157 1840 224 1898 mot
245 1833 364 1897 scilicet
380 1852 450 1895 sess
466 1852 570 1910 nosse,
592 1840 646 1894 uut
666 1833 739 1895 ferri
759 1840 813 1893 cut
824 1834 940 1895 veneni
951 1832 1078 1895 inridier

155 1924 289 1994 punctos.
333 1916 434 1995 Atrine
462 1936 531 1979 eum
559 1918 619 1983 sim
647 1915 687 1979 de
708 1914 816 1979 ordine
837 1915 1079 1987 mendicantium

156 1997 232 2061 nihil
253 2000 367 2078 proprii
390 1999 507 2061 hebens
530 1999 628 2061 etsub
642 1999 958 2061 obedientieulterins
973 1999 1080 2063 virm

156 2083 226 2161 ipsc
248 2101 324 2143 eone
346 2090 527 2163 paupertare
548 2081 671 2145 abunde
693 2100 875 2163 comperero
889 2074 1079 2162 pr'ohiburor.

242 2162 319 2225 Cum
342 2166 447 2245 ireque
470 2173 553 2227 metu
573 2165 747 2227 huiusmodi
767 2166 954 2244 iustissimo,
977 2165 1079 2245 etqui

156 2248 402 2309 inconstantem
437 2251 533 2309 virum
555 2249 668 2311 cadere
696 2255 815 2329 potest,
847 2256 880 2309 et
907 2249 1013 2309 ocusis
1034 2249 1079 2309 bis

156 2332 329 2391 iustissimis
350 2332 517 2412 impeditus
531 2333 662 2393 Romam
684 2334 729 2393 ire
751 2351 813 2392 non
836 2350 975 2411 possem,
998 2330 1079 2393 solli·

133 2412 140 2431 ‘
157 2412 248 2477 citovi
269 2432 324 2492 per
337 2413 575 2477 illustrissimum
588 2416 760 2494 Principem
777 2414 980 2491 Fridoricum,
1001 2414 1079 2476 seori

156 2495 215 2559 Ro.
230 2496 355 2576 Imperii
367 2497 554 2576 illectorem,
574 2498 730 2559 Soxoniee
740 2497 872 2571 Ducem,¹
891 2497 1080 2578 Thuringite

156 2578 398 2660 Ioudgreviurn‚
434 2582 552 2643 Misnce
574 2582 783 2643 Mercbionem
818 2581 1080 2663 potentissimum,

158 2669 190 2723 ut
210 2681 230 2723 a
250 2663 324 2723 sede
345 2664 520 2744 apostolice
551 2684 646 2725 cuusa
676 2665 749 2724 viris
783 2663 936 2743 aliquibus
968 2663 1079 2739 doctis,

61 2821 63 2826 Ι
157 2745 260 2824 probis
283 2754 313 2807 et
341 2746 480 2809 honestis
503 2749 760 2822 committeretur,
798 2748 830 2807 in
861 2746 1017 2827 pertibus,
1050 2748 1078 2806 in

157 2830 227 2889 loco
251 2836 337 2906 tuto,
370 2849 475 2892 ocrem
508 2831 616 2910 quibus
640 2838 671 2891 et
691 2829 806 2891 ibidem
841 2848 1026 2909 comparere
1053 2838 1082 2889 et

158 2911 262 2971 omnio
291 2911 408 2992 locere,
445 2933 525 2994 quae
554 2915 672 2976 iustitie
701 2913 830 2992 suadet,
868 2914 1082 2992 paratissimus

156 3011 267 3056 essem.
1049 3014 1057 3027 ·

240 3075 329 3151 Quod
353 3097 423 3139 cum
447 3080 657 3141 sanctissimus
679 3080 712 3139 in
725 3079 847 3141 Christo
864 3084 954 3158 poter
975 3085 1008 3139 et
1031 3078 1082 3139 dc·

157 3160 276 3236 minus,
300 3160 445 3225 dominus
467 3160 573 3225 noste'r
594 3162 657 3223 Leo
680 3162 728 3233 X..
751 3168 785 3222 ut
805 3162 892 3223 euius
916 3162 1083 3223 clementie

157 3250 188 3301 et
209 3244 344 3305 veritatis
367 3252 400 3305 et
420 3247 554 3309 iustitiue
568 3245 765 3307 observantis
788 3263 844 3324 per
861 3251 961 3305 totum
975 3245 1082 3306 orbern

157 3325 336 3406 dignissime
359 3327 545 3407 celebratur,
575 3349 630 3409 per
650 3328 846 3393 adversarios
868 3346 946 3387 snae
969 3346 1083 3389 ccum

156 3410 309 3489 timentem
332 3412 415 3471 utin
439 3431 603 3491 personam
626 3410 874 3475 reverendissimi
902 3412 932 3473 in
958 3409 1082 3473 choro

158 3498 251 3571 petris
286 3501 318 3553 et
339 3493 474 3573 domini,
506 3495 621 3559 domini
644 3495 797 3573 Thomee‚
829 3492 923 3557 Tituli
949 3493 980 3556 S.
1006 3492 1084 3557 sint

229 3684 260 3750 1)
284 3685 312 3736 ln
333 3685 374 3737 ed.
394 3687 469 3742 len:
489 3691 603 3740 viarum.

230 3756 260 3823 ⁶)
280 3752 349 3809 Esoi
369 3759 393 3812 l.
