2356 4200
115 266 157 337 92
327 309 329 314 ν
402 274 533 344 epitoma
549 273 751 343 Rupondcnis
809 324 813 331 .

198 443 238 504 Et
259 442 299 506 ibi
325 446 351 507 1.
375 442 456 523 quod
466 445 501 522 ¹1)
532 463 551 503 a
572 443 658 523 Papa
685 441 724 504 ad
749 442 911 515 concilium
934 443 1036 526 appel·

116 525 181 588 lare
203 545 264 588 non
288 526 389 588 liceat.

199 609 239 670 let
260 612 289 674 2.
312 608 394 690 quod
423 607 582 690 appellans
606 628 626 669 a
646 608 731 690 Papa
752 607 791 670 ad
811 609 945 672 futurum
964 628 1036 674 oon·

117 692 234 771 cilium,
263 693 374 754 nedum
397 693 737 769 excommunicatusv),
767 711 871 754 verum
894 693 987 754 etiem
1008 700 1038 754 et

116 775 245 841 stolidus
281 783 342 853 est,
376 775 493 836 scilicet
521 775 546 834 si
575 776 752 855 ignoratae
775 775 888 855 aliquid
911 781 1038 853 tentare,

138 858 198 921 uod
221 859 287 920 sine
308 859 353 920 sui
377 857 554 936 adversarii,
575 858 676 936 idest,
698 857 803 939 Papae
817 877 972 921 consensu
988 879 1036 921 ex·

115 877 334 1022 dlerenequit
356 941 404 1002 vel
427 941 589 1022 malignus,
609 940 726 1001 scilicet
747 943 772 1001 si
795 941 856 1003 boc
877 960 940 1003 nou
953 943 1037 1023 iguo·

115 1032 172 1105 rat,
196 1031 351 1087 ettamen
373 1024 519 1104 appellat

176 1109 237 1181 'Et
258 1111 286 1172 3.
309 1107 440 1188 quoda)
484 1127 503 1168 a
536 1105 667 1166 concilio
696 1105 777 1167 licite
805 1107 979 1189 appellatur
999 1106 1039 1175 ad

113 1190 229 1272 Papam
251 1191 420 1268 absentem,
442 1199 504 1250 nou
526 1195 627 1250 autern
650 1189 689 1250 ad
711 1198 915 1274 praesentem.

198 1274 237 1335 Et
257 1276 287 1338 4.
309 1273 351 1334 ibi
372 1273 531 1334 solvuntur
553 1272 649 1333 multa
670 1273 833 1334 contraria.

198 1356 272 1438 Cap.
297 1358 344 1419 14.
367 1356 490 1436 quodx)
515 1374 661 1417 romanus
678 1356 803 1417 Praesul
826 1355 911 1419 solus
934 1358 978 1417 sit
994 1377 1035 1420 re.-

114 1440 263 1508 solutivus
284 1459 495 1520 supremarum
525 1437 769 1517 dubitationum,
798 1447 906 1500 contra
935 1439 1037 1503 adver-

114 1524 225 1586 sarium
250 1522 419 1599 dicentem,
454 1523 484 1582 in
507 1521 553 1581 bis
576 1529 749 1600 quaesunt
776 1521 846 1583 fldei
876 1523 1036 1584 concilium

114 1625 258 1686 praeesse
279 1604 428 1666 Pontifici.
643 1675 647 1680 ,

195 1689 236 1749 Et
264 1688 306 1748 ibi
336 1693 362 1751 1.
392 1686 474 1768 quod
503 1687 589 1767 Papa
622 1687 706 1748 aolus
720 1692 756 1762 r)
779 1686 874 1749 babet
896 1687 1038 1751 decidere

114 1790 221 1832 omnes
243 1772 439 1852 quaestiones
460 1776 490 1831 et
512 1769 605 1832 dubia
628 1771 658 1830 in
680 1768 758 1848 lide,
789 1769 907 1832 iudicio
929 1772 1037 1834 autori·

112 1854 207 1916 tativo
230 1856 295 1915 aive
315 1853 445 1916 iuridicc
467 1860 498 1914 et
519 1853 667 1914 ultimsto.

196 1960 236 2021 Et
264 1963 292 2024 2.
317 1959 400 2040 quod
423 1960 448 2018 si
466 1958 505 2019 de
518 1957 650 2019 concilio
663 1957 835 2036 loquamur,
857 1959 937 2018 sicut
959 1934 1059 2038 dezl

5 2082 9 2088 -
45 2011 46 2014 Ἴ
113 2042 216 2122 aliquo
239 2061 300 2103 uon
325 2043 423 2104 diviso
447 2048 554 2103 contra
575 2031 766 2118 Pontificerd,
789 2040 1035 2104 sedPontillcem

113 2126 204 2187 veluti
233 2132 326 2206 caput
353 2125 542 2203 includente,
575 2125 620 2183 sic
656 2125 803 2185 autoritas
839 2122 968 2186 Concilii
1010 2130 1038 2186 et

111 2208 216 2288 Papae
237 2208 382 2290 analogia
405 2229 465 2269 una
487 2207 549 2284 est,
583 2225 621 2266 ac
649 2207 777 2287 perinde
806 2206 846 2268 ed
877 2207 1038 2269 concilium

112 2292 243 2371 pertinet
265 2292 469 2352 determinare
490 2290 529 2349 de
551 2288 621 2367 lide,
644 2291 702 2349 uisi
712 2289 853 2351 Pontifex
867 2290 1037 2352 interdicat

196 2374 236 2434 Et
257 2377 285 2439 3·
307 2375 349 2434 ibi
373 2375 504 2435 adversa
527 2372 622 2432 multa
644 2371 814 2433 solvuntur.

193 2457 233 2517 Et
259 2459 286 2521 4.
321 2457 450 2538 quoda)
490 2455 609 2517 romani
640 2455 792 2517 Praesulia
822 2455 917 2516 solius
947 2465 995 2518 est
1023 2477 1040 2518 s

111 2539 180 2600 Deo
203 2547 234 2600 et
255 2561 274 2600 a
295 2547 404 2601 natura
431 2540 581 2600 institutas
604 2537 689 2619 leges
711 2540 918 2621 interpretari,
940 2547 973 2601 et
993 2541 1039 2602 de·

111 2621 229 2683 clarere
250 2625 279 2683 in
303 2622 420 2699 dubiis,
450 2623 562 2682 nedum
584 2621 615 2680 in
639 2622 793 2700 moribus,
816 2620 871 2682 sed
894 2624 986 2684 etiam
1008 2625 1037 2687 iu

111 2706 320 2785 spectantibus
353 2705 393 2766 ad
426 2704 536 2781 fldem,
569 2704 657 2783 quod.
687 2705 729 2766 ibi
763 2705 976 2767 autoritatibus
1012 2715 1039 2768 et

111 2789 261 2871 exemplis
284 2797 316 2850 et
335 2790 504 2850 rationibus
528 2796 736 2857 asseveratur,
759 2795 792 2849 et
811 2788 872 2849 boc
894 2787 1040 2870 probatur

110 2890 216 2932 verum
231 2873 277 2933 -de
297 2872 548 2953 interpretatione
571 2869 684 2931 nedum
707 2871 869 2952 probabili,
895 2891 976 2953 quac
994 2880 1038 2939 eet

110 2953 292 3026 Doctorum,
314 2974 420 3016 verum
442 2955 533 3014 etiard
556 2959 588 3014 et
609 2957 793 3031 necessaria,
815 2955 857 3014 ita
880 2956 967 3035 quod
979 2956 1033 3018 sub

108 3055 210 3116 poena
232 3045 375 3099 aeternae
397 3056 434 3097 ac
456 3035 636 3116 temporalis
666 3038 771 3099 mortis
788 3040 853 3098 eius
870 3038 1041 3100 decisiones

115 3121 298 3199 sequendae
321 3129 398 3181 sunt.

117 3277 535 3290 m—*n

163 3352 196 3413 u)
214 3349 311 3404 Furor.
354 3350 386 3416 v)
408 3350 484 3403 Sicut
503 3351 630 3405 Christus
654 3368 671 3404 a
688 3352 801 3407 ludaeis
820 3359 1042 3410 excommunice-

111 3425 155 3474 tas
169 3428 225 3474 est.
262 3427 301 3483 w)
326 3423 467 3476 Sententia
485 3423 708 3493 Archimagistri.
754 3424 789 3492 x)
811 3425 878 3479 Sole
896 3433 1041 3495 potestate,

111 3493 218 3545 etiarnsi
237 3495 274 3545 sit
290 3495 370 3547 iuxta
387 3494 595 3550 indoctissimus
630 3503 657 3549 et
682 3498 877 3564 ruptissimus‚
903 3503 967 3566 quia
984 3503 1042 3569 ipse

112 3562 183 3617 dixit
200 3569 228 3616 st
248 3565 321 3618 lacta
339 3569 414 3618 suut?
450 3567 485 3634 y)
506 3567 535 3619 Id
555 3573 606 3632 cst,
625 3567 777 3634 solitarius,
797 3569 909 3635 scilicet,
933 3571 1043 3640 quaudo

122 3651 140 3687 n
169 3635 240 3690 lecto
264 3635 376 3690 dormit.
423 3637 452 3705 a)
482 3639 623 3693 Distiuctic
655 3640 787 3694 notabilis
815 3646 842 3695 et
865 3645 1042 3713 magistralis.

113 3710 143 3771 a)
163 3706 215 3760 Hic
232 3722 290 3760 non
310 3709 446 3762 silvester
464 3709 514 3763 sed
534 3711 637 3779 Satan,
656 3713 785 3782 princeps
805 3711 989 3783 daemonum,
1007 3715 1044 3769 lo·

114 3780 217 3848 quitur.
