2356 4200
470 280 715 339 erimusne.
981 270 1046 349 ιιι

127 450 372 534 aplia'aiiouem
407 451 637 513 internessionis
666 452 761 514 totius
794 452 962 532 seclusus,
993 451 1045 516 ubi

186 553 227 595 no
265 533 390 596 dubium
412 541 566 613 remanet,
587 553 644 615 pro
665 543 796 614 quanto,
825 551 948 616 supro
975 543 1044 599 toto

126 618 210 680 Deus
232 617 297 679 hoe
316 617 393 678 velit
410 623 589 698 eeoeptare.·
626 617 734 679 Potest
761 618 884 698 quidem
911 621 1045 681 animem

125 700 250 763 solvere
269 720 291 761 a
311 701 491 782 purgatorio
513 699 615 780 quoad
642 701 866 780 poenitentiam
889 718 914 762 a
939 716 975 763 se
1001 703 1045 763 in·

124 785 262 845 inruemur
283 783 334 844 vel
364 782 595 864 iniungibilem,
629 784 708 844 sieut
738 791 831 845 sonat
858 784 925 845 eius
941 784 1045 860 Bulln,

124 868 156 927 iu
179 873 327 947 quantum
349 866 453 927 eleves
476 872 603 927 sanotae
625 867 730 928 matris
763 867 915 928 eeclesias
942 884 977 928 se
990 880 1044 928 em

126 950 270 1030 tardant,
292 957 331 1010 -ει
357 949 399 1010 de
418 950 562 1010 ininnotis
588 950 786 1030 poenitentiis
808 946 1046 1012 miserirordlter

124 1033 312 1095 relaxamus.
364 1031 469 1107 Quare
500 1033 590 1092 nimis
619 1034 812 1094 temerarium
830 1040 890 1094 'est
924 1032 1043 1115 praedi*

126 1135 213 1196 aare,
243 1135 300 1196 per
319 1116 394 1176 istas
415 1114 623 1196 indulgentias
647 1115 757 1176 redimi
784 1115 903 1176 animas
932 1130 1044 1195 apur-

125 1200 260 1281 getorio‚
281 1214 352 1259 oum
369 1198 434 1263 huo
455 1199 495 1258 sit
515 1197 681 1259 absurdum
696 1197 790 1276 diotu,
810 1216 871 1260 nen
887 1197 1044 1278 quomodo

125 1282 260 1363 intelligi
285 1281 395 1361 velint,
424 1286 591 1362 exponant.
634 1278 780 1361 Alioquin
801 1300 885 1364 papa
912 1288 960 1342 εει
980 1299 1045 1342 eru»

123 1365 214 1443 dalis,
237 1365 271 1424 si·
285 1364 347 1425 hoo
368 1365 487 1425 irriseris
509 1362 669 1424 animabus
690 1381 754 1425 non
776 1363 920 1425 noncedlt
940 1365 1045 1446 malin

123 1447 210 1528 ¹quoti
232 1453 338 1528 ¹potest
358 1466 416 1527 pro
436 1447 570 1528 peounie
584 1448 761 1507 necessario
777 1446 817 1507 nd
833 1444 1041 1523 eeclesiam*)

124 1529 311 1596 miseriore.
349 1529 466 1591 infusio
489 1536 537 1591 est
566 1529 693 1590 interior
721 1530 904 1591 illuminalio
932 1524 1045 1591 mentis

124 1620 156 1675 et
175 1613 381 1676 inflammatis
401 1613 579 1689 voluntatis,
591 1650 593 1655 =
605 1630 686 1692 ques
707 1619 755 1673 est
774 1619 901 1674 aeterne
922 1624 1043 1675 enimus⁴

123 1697 180 1777 iio,
202 1697 283 1757 εἱεει
303 1695 381 1757 redii
402 1695 478 1756 solis
499 1697 531 1756 in
551 1695 697 1774 enimam,
720 1714 779 1756 neo
795 1701 898 1756 cessat
918 1700 1046 1776 propiei

124 1780 297 1860 plenariam
323 1779 547 1840 remissionem.
589 1776 676 1839 Heeo
703 1785 752 1839 ssi
776 1779 957 1840 necessaria
987 1776 1044 1859 prii

126 1861 658 1942 wimpinensis-exstirpatione,
690 1867 790 1940 nsque
816 1861 889 1922 dum
909 1861 1045 1942 periente

126 1946 322 2026 sxsfirpetun
341 1943 464 2005 ¹:Tune
505 1950 626 2007 eutem,
641 1948 689 2007 set
726 1943 876 2025 perlaeta,
920 1943 1044 2023 quaudo

124 2028 220 2090 homo
244 2046 363 2101 summo
383 2026 487 2088 taedio
510 2027 600 2087 huius
623 2027 706 2087 vitae
733 2028 866 2107 suspirat
885 2025 926 2086 ad
946 2027 1046 2089 Deru

126 2117 158 2171 et
177 2110 306 2172 taudmn
325 2109 480 2171 desiderio
502 2110 560 2170 Dei
592 2109 721 2170 solvitur
748 2129 767 2170 a
793 2127 935 2189 eor-pore.
977 2109 1047 2170 Hoe
1102 2184 1105 2188 Ι

124 2200 211 2255 eerte
230 2195 262 2254 in
283 2194 389 2273 paneis
411 2199 602 2273 oompertum
624 2199 685 2271 est,
708 2193 759 2271 qui
779 2190 918 2272 plenarie
945 2191 1045 2254 absol-

125 2284 248 2352 vuntur,
269 2277 333 2337 imo
355 2277 496 2336 remissio
524 2275 663 2356 plenarie
690 2294 753 2336 nou
783 2275 951 2353 confertur,
987 2274 1046 2335 uisi

125 2360 221 2442 digne
236 2361 374 2421 enutritis
396 2366 489 2439 atque
510 2357 669 2420 eonlessis.
1038 2374 1041 2381 ·

454 2490 723 2555 corollarium.

210 2611 288 2673 (lum
308 2610 409 2673 nullus
431 2609 591 2670 homiuum
613 2609 713 2690 possit
735 2614 845 2668 sertus·
859 2620 930 2668 esse
951 2606 1046 2679 dese

126 2697 216 2776 ipso,
239 2694 362 2775 <nedum
392 2693 431 2753 de
458 2693 541 2770 aliis,
574 2691 657 2772 quod
679 2692 719 2751 sit
744 2691 880 2770 perfecte
902 2695 934 2750 et
955 2688 1048 2770 digne

127 2779 278 2840 enutritus
300 2784 393 2856 atque
415 2775 590 2854 confessus,
622 2774 815 2834 temerarium
841 2779 889 2834 est
910 2779 1049 2832 asserere

127 2861 336 2942 indulgentias
358 2865 532 2920 assecutum
554 2858 656 2918 statim
680 2855 813 2934 evolare,
842 2855 893 2916 sel
914 2856 1047 2915 enimam

127 2945 168 3005 de
188 2944 368 3025 purgatorio
399 2942 492 3021 eripi,
520 2939 672 3021 intelligo,
702 2940 726 2999 si
755 2938 823 3018 quis
855 2941 971 2998 oertam
999 2936 1048 2997 de·

128 3032 217 3108 putet
247 3028 396 3101 animam,
436 3043 529 3103 quam
558 3023 695 3102 alioquin
728 3022 803 3102 eripi
836 3038 899 3081 non
930 3018 1048 3095 duliito,

128 3116 220 3190 puta,
252 3126 331 3188 quae
365 3107 460 3188 digne
486 3106 609 3166 filerunt
644 3105 794 3166 contritae
832 3110 864 3164 et
899 3101 1050 3163 eiusmodi

129 3194 324 3273 ereptionem
345 3196 535 3267 meruerunt,
568 3195 601 3248 ut
633 3195 746 3248 sonant
776 3186 870 3247 verba
890 3185 924 3246 B.
948 3188 1049 3266 Augu·-

130 3277 212 3336 stiui.
256 3274 316 3350 Qui
348 3279 451 3334 autem
485 3270 562 3332 tales
593 3271 643 3330 vel
670 3289 732 3331 non
754 3268 833 3330 tales
857 3269 933 3347 sint,
967 3268 1050 3328 Deus

127 3360 226 3420 novit.
276 3356 354 3417 Nam
379 3357 458 3416 elios
488 3359 611 3433 oportet
631 3353 695 3433 pati
717 3351 943 3432 purgatorium,
979 3350 1051 3430 quia

130 3460 194 3502 nou
218 3445 395 3500 meruerunt
415 3435 473 3497 sibi
496 3434 662 3514 subveniri,
684 3434 811 3512 scilieet,
839 3435 911 3513 qnia
924 3440 987 3495 non
1009 3433 1050 3493 le·
1095 3486 1099 3497 .

130 3531 239 3584 nerunt
266 3541 300 3583 se
327 3521 458 3602 dignos,
491 3536 560 3578 oum
590 3537 652 3579 non
684 3524 789 3578 essent
815 3515 908 3597 digne
929 3514 1052 3578 oontrlti

188 3711 219 3777 ·)
242 3708 380 3762 annuitur
406 3708 442 3760 ad
460 3707 562 3760 Tenelii
587 3707 723 3758 clamores
740 3705 774 3758 de
792 3705 955 3758 necessitate
973 3718 1053 3771 peru-

132 3785 197 3838 niee
216 3782 252 3837 ad
272 3781 494 3837 aedificationem
515 3779 623 3848 Templi
647 3778 677 3832 in
692 3777 833 3831 Vaticano.
