2356 4200
380 273 415 328 ad
431 274 505 329 nial.
515 274 553 330 F.
572 273 638 328 silv.
655 275 806 329 Priariatis.
1014 272 1057 338 47

133 466 136 471 ·
197 447 350 525 Primum,
374 448 399 505 si
421 465 506 506 esses
531 446 610 507 hene
631 447 786 506 institutus
810 446 991 527 theologus,
1024 453 1057 506 ut

133 530 288 613 gloriaris,
312 529 408 590 scires'
429 529 574 589 iudicium
598 530 733 590 divinum
757 537 790 589 et
810 530 976 589 humanum
998 529 1057 589 dis-

125 613 290 675 ¹simillima
313 620 345 673 et
365 614 518 673 contraria
549 632 639 693 esse,
673 620 705 672 et
725 613 843 692 Deum,
873 614 901 672 si
919 613 1055 692 remittit,

132 703 233 758 totum
254 698 418 774 remittere,
441 696 524 775 quod
546 697 651 774 h0m05
674 696 746 775 quia
767 715 832 757 non
853 701 901 755 est
921 701 985 754 tam
1004 693 1057 757 bo-

123 786 193 841 ²nus
213 799 306 860 quam
317 781 410 858 Deus,
430 798 494 840 non
514 780 599 858 iecit,
620 778 753 858 denique
776 780 821 839 sic
844 778 981 838 christus
1004 778 1057 840 do·

133 865 207 942 cuit,
230 870 264 923 ut
285 863 339 923 filii
361 880 498 922 essemus
520 864 626 943 patris,
649 881 712 922 non
734 862 910 940 reddentes,
933 880 990 922 nec
1011 881 1056 922 re-

175 948 290 1009 irentes
305 947 417 1006 malum
439 965 495 1025 pro
519 946 610 1024 malo,
634 945 689 1004 sed
710 943 938 1007 benefaciedtes
958 945 1056 1006 malis.

159 1031 165 1044 “
190 1028 272 1089 tilios
287 1035 418 1109 oportet
439 1047 509 1088 esse
530 1028 624 1109 tales,
654 1036 768 1108 quanto
792 1030 889 1109 magis
912 1029 979 1108 ipse
1000 1028 1055 1089 Pe-

131 1120 182 1174 ter
203 1113 274 1173 tulis
295 1112 389 1176 est?¹

218 1195 292 1255 Ideo
314 1196 366 1256 lex
386 1196 446 1254 ista
467 1194 659 1272 communis,
703 1213 794 1273 quarn
833 1201 863 1254 tu
889 1200 1058 1274 (pace-toa

134 1279 227 1356 dico)
251 1277 357 1360 fingis,
379 1297 443 1338 non
465 1277 558 1337 habet
580 1278 698 1355 locum,
728 1279 786 1337 nisi
808 1279 840 1337 in
863 1277 1057 1358 opinionibus

133 1364 205 1423 tuis.
228 1361 294 1422 Nec
317 1355 450 1439 unquam
472 1360 550 1441 legis
575 1380 595 1420 a
615 1360 682 1420 lieo
714 1368 874 1440 peccatum
896 1362 1057 1422 remissum

134 1453 294 1507 reservata
315 1463 440 1525 poena,
473 1445 653 1523 praesertim
682 1462 720 1502 ea
742 1462 833 1522 quarn
856 1463 936 1523 pepe
957 1445 1058 1504 remit-

135 1536 203 1590 tere
224 1529 331 1608 possit,
354 1528 432 1607 legis
454 1534 556 1586 autem
590 1544 712 1607 semper
733 1528 941 1604 contrarium,
975 1527 1058 1607 quod

135 1613 266 1681 omnino
289 1630 423 1691 poenam
445 1617 477 1670 et
498 1613 619 1689 culpam
640 1611 767 1688 remisit,
790 1616 839 1688 sat
855 1609 972 1670 habens
995 1611 1059 1670 vin·

136 1694 255 1773 dictes,
287 1696 313 1753 si
334 1694 429 1754 horno
446 1705 535 1754 ‘nova
557 1695 620 1752 vita
641 1699 724 1753 totus
748 1693 776 1752 ei
798 1695 923 1754 serviat
965 1694 1060 1773 Igitur

135 1777 239 1860 legem
259 1777 344 1838 illam
370 1794 575 1854 communem,
599 1795 659 1855 qua
674 1777 769 1836 utitur
780 1776 862 1837 Deus
873 1777 1057 1837 remittendo

134 1853 309 1942 peccatum,
329 1860 383 1920 ille
392 1860 513 1919 doctius
535 1869 568 1920 et
587 1860 688 1919 uerius
701 1859 801 1938 tradit,
825 1860 876 1938 qui
890 1858 981 1919 dixit:
1003 1859 1057 1920 Sa-
1107 1894 1114 1904 -

129 1942 283 2024 'orificium
306 1944 373 2003 Deo
397 1943 519 2022 spiritus
552 1941 789 2018 contribulatus,
820 1961 875 2001 cor
894 1943 1057 2002 contritum

135 2033 169 2088 et
190 2024 418 2103 humilietum¹l
437 2024 521 2090 Deus
544 2044 619 2086 non.
632 2024 794 2105 despicies.
824 2026 890 2086 lmo
913 2023 952 2084 ds
972 2025 1058 2084 indu-

137 2111 212 2170 stria
247 2110 450 2189 praeveniens
488 2109 614 2168 damnat
647 2117 781 2168 vestram
814 2109 998 2168 sententiam
1029 2113 1060 2168 et

136 2193 239 2272 legem
262 2192 382 2252 dicens:
405 2190 568 2270 Quoniam,
583 2193 608 2250 si
628 2191 780 2251 voluisses
797 2189 988 2268 sacrificium,
1010 2191 1060 2250 de-

137 2275 262 2353 dissem,
286 2276 474 2336 holocaustis
497 2295 559 2335 non
582 2274 793 2335 delectaberis.
839 2273 888 2333 Ad
910 2274 991 2334 idem
1014 2281 1061 2334 est
1116 2296 1117 2300 ¹

135 2359 194 2420 Isa.
219 2362 258 2436 l.,
280 2359 382 2419 Psalm
405 2363 445 2424 50
462 2359 494 2434 2)
522 2364 553 2417 et
573 2358 663 2417 Michr
686 2359 714 2420 6.
738 2364 769 2418 et
791 2358 885 2417 multa
906 2358 967 2418 alia
988 2357 1060 2418 loca

136 2442 322 2522 scripturae,
361 2442 399 2502 ad
440 2448 573 2505 vestram
608 2441 792 2501 sententiam
833 2447 936 2502 autem
975 2441 1060 2502 nulla

175 2544 272 2585 orsus.

135 2544 173 2606 pr
203 2608 357 2686 Secundo,
380 2610 489 2668 iterum
511 2605 657 2667 invidiam
679 2608 753 2667 mihi
775 2606 909 2668 conflare
922 2608 1059 2686 anhelas,

137 2691 262 2772 quando
287 2711 335 2751 me
357 2710 495 2768 accusas,
519 2688 601 2768 quod
624 2709 768 2751 enervem
793 2698 823 2750 et
840 2709 986 2751 evacuem
1010 2712 1062 2751 ve·

136 2777 215 2835 nias.
238 2774 307 2835 Hoc
332 2776 437 2849 (salva
458 2781 510 2833 tua
531 2776 721 2852 reverentia)
754 2794 816 2834 non
845 2793 951 2833 verum
972 2772 1059 2834 dieis.

135 2859 199 2919 lsta
222 2859 304 2917 enim
327 2865 374 2918 est
402 2858 555 2917 sententia
583 2876 670 2934 mea,
694 2857 777 2936 quod
799 2876 869 2917 curn
891 2857 1058 2917 satisfactio

137 2943 179 3001 sit
203 2942 357 3018 (omnium
379 2941 549 3017 sententia)
586 2940 711 3016 melior,
745 2956 834 3018 quam
858 2939 1077 3020 indulgentia„

136 3024 219 3103 dioc,
242 3024 324 3103 quod
348 3024 428 3085 bona
446 3043 551 3103 opera,
574 3041 652 3100 quae
664 3025 818 3102 pertinent
829 3023 868 3082 ad
880 3024 1059 3084 satisfactio·
1147 3100 1152 3105 Κ

135 3125 228 3185 nem,
257 3108 318 3167 sint
345 3105 547 3186 praeferenda
568 3107 681 3183 veniis,
716 3107 896 3185 praesertim
919 3126 987 3167 cum
1009 3126 1060 3167 νει-1

136 3192 208 3250 niae
243 3191 305 3251 sint
326 3210 383 3250 nec
411 3195 595 3270 praeceptae
629 3207 688 3249 nec
716 3189 893 3266 consultae,
926 3189 1061 3269 ideoque

138 3292 198 3334 uec
220 3274 406 3351 meritoriae,
429 3293 487 3333 nec
510 3273 599 3331 utiles
622 3271 660 3331 ad
674 3273 813 3333 salutem.
837 3272 916 3346 Quia
931 3273 982 3332 ubi
996 3280 1059 3335 non

132 3355 347 3437 praeceptum,
369 3357 412 3416 ibi
433 3375 492 3416 nec
514 3355 700 3433 obedientia,
723 3355 774 3416 ubi
796 3375 858 3416 non
873 3356 1059 3435 obedientia,

137 3440 180 3502 lbi
203 3459 263 3503 nec
276 3442 428 3519 meritum,
451 3439 502 3499 ubi
524 3458 585 3498 non
610 3440 761 3517 meritum,
784 3458 843 3499 nec
865 3439 955 3500 salus.
983 3439 1061 3502 Sunt

128 3525 221 3583 'enim
253 3523 396 3583 licentiae
425 3541 462 3583 ac
482 3523 702 3601 permissiones
727 3523 896 3607 quaedam,
930 3536 965 3583 ut
986 3525 1060 3587 olim

140 3694 376 3701 --—-.—.........

196 3795 221 3860 t)
242 3794 273 3846 ln
292 3794 356 3847 edit.
377 3798 481 3864 princ:
501 3795 677 3853 humilatum.
713 3798 744 3868 2)
764 3800 850 3858 Ibin:
867 3803 912 3862 ts.
