2356 4200
118 288 168 358 ¹{1ss
454 287 607 346 Sermones
617 286 731 356 dbtberi

131 461 241 523 divina
271 459 488 540 inspiratione⁴
506 465 541 520 et
572 457 764 520 reuelatione
793 455 932 535 cruditi,
953 459 994 516 et·
1012 454 1049 516 bi

132 550 208 606 sunt
218 542 399 625 prophetae,
421 545 493 606 ut2t
505 542 585 604 Patr.
598 543 632 605 2:
657 540 890 622 Spiritusancto
910 539 1049 620 inspirati

134 628 232 688 locuti
253 632 324 686 sunt
344 627 443 687 sancti
459 626 521 687 Dei·
536 626 689 706 homines,
709 643 769 685 nec
789 643 923 704 unquam
943 621 1049 684 volua-

134 716 198 771 tate
211 709 346 769 humana
358 716 406 769 est
420 708 515 770 allata
530 708 714 789 prophetia·
733 706 889 785 Secundo,
910 725 973 768 nou
985 712 1050 768 tan·

120 801 201 854 tum
217 791 327 869 aDe0,
343 792 405 853 ‘sed
427 792 525 853 aDeo
548 811 604 872 per
619 792 760 854 homines
782 791 866 852 etin
887 790 1052 850 voceviva

133 877 180 936 sio
211 893 319 935 omnes
350 875 528 936 crudiuntur
553 875 592 936 ad
617 875 768 951 >iustitiam
789 893 809 934 a
824 874 892 934 Deo
914 892 969 953 per
998 871 1051 932 mi·

133 959 295 1020 nisterium
316 956 492 1036 hominum,
526 965 558 1019 et
587 958 618 1019 hi
645 958 914 1039 concupientes,
943 961 983 1016 ut
1001 955 1051 1016 Pa.

133 1045 191 1107 36:
234 1039 281 1105 Os
304 1041 375 1101 iusti
409 1041 801 1120 meditabitursapientia,
822 1038 993 1119 stilibi,-
1008 1034 1051 1098 Oa

136 1141 239 1184 meum
261 1122 395 1202 loquitur
415 1125 607 1205 sapientiam.
650 1123 769 1202 Tertio,
802 1141 977 1202 neque-:per
998 1119 1052 1182 mi·

137 1206 297 1269 elaterium
318 1206 476 1268 hominum
496 1214 557 1268 'nec
577 1213 679 1268 tamen
701 1226 721 1266 a
741 1202 992 1284 solonem-sed
1013 1222 1053 1264 ex

137 1289 272 1351 lectione
293 1290 476 1370 scripturae,
499 1290 617 1350 scilicet
637 1287 832 1370 quilegcndo
855 1294 887 1349 ct
905 1286 1054 1348 meditan-

134 1373 175 1434 do
206 1390 276 1433 sese
309 1380 455 1433 exercent
483 1372 758 1454 adcognitionsm
775 1371 948 1449 --vdritatis,
980 1369 1054 1430 facti

134 1460 279 1536 potentes
301 1455 696 1536 interpretariuscripturas,
713 1461 745 1515 et
757 1453 890 1515 scribere
910 1451 1054 1534 legenda.

134 1539 229 1619 lgitur
248 1538 329 1598 sicut
360 1539 472 1619 triplex
485 1546 551 1599 ·:est
571 1540 721 1616 verbum,
747 1537 1054 1617 scilicetcogitatum

125 1629 167 1685 ct
188 1621 339 1700 mentale,
361 1621 476 1681 dictum
497 1642 552 1682 seu
568 1621 868 1702 vocalc,.scriptum.
885 1618 1054 1698 seu-scrip-

19 1760 21 1764 .
126 1703 212 1782 -tile,
234 1704 278 1765 ita
299 1710 370 1764 sunt
381 1700 515 1785 triplices
526 1704 649 1784 eruditi,
669 1703 928 1785 prophetam-*qui
951 1699 1055 1779 corde,

137 1788 310 1866 sapientes,
333 1787 385 1866 qui
406 1806 496 1865 aure,
526 1787 660 1866 scribae,
688 1787 741 1867 qui
768 1785 859 1848 oculo
883 1784 1055 1848 doctrinam

139 1869 325 1950 percipiunt,
347 1875 379 1930 et
399 1871 535 1931 vivacior
556 1877 605 1931 est
616 1869 745 1931 eruditio
767 1868 1065 1948 siontcogitati'one,

136 1971 227 2032 quem
243 1949 332 2031 uoce,
353 1954 397 2013 ita
408 1971 486 2013 voce
498 1972 589 2032 quam
600 1953 735 2033 scripto..
747 1950 826 2026 Quia
835 1951 1056 2014 litera-estvox

134 2041 265 2113 mortua,
277 2054 340 2095 vox
350 2043 453 2097 autem
466 2044 513 2096 est
522 2036 613 2098 litera
621 2037 701 2114 viva,
714 2034 770 2095 sed
784 2039 887 2095 tamen
898 2044 946 2096 est
955 2034 1057 2096 adhuc

136 2119 282 2198 cogitatio
295 2125 426 2181 mortua.
450 2118 605 2201 Cogitatio
619 2137 693 2179 vero
705 2117 801 2198 digito
813 2117 871 2178 Dci
882 2121 996 2200 scripta
1008 2121 1058 2179 ast

136 2201 297 2261 vitavoois
311 2201 472 2263 ctliterae.
508 2201 587 2278 Quia
597 2202 696 2282 magis
708 2206 814 2261 movet
823 2215 888 2261 rox
910 2218 1001 2279 quam
1022 2200 1056 2261 li·

141 2287 217 2361 tera,
241 2283 296 2344 sed
317 2282 385 2364 plus
402 2285 559 2365 cogitatio,
582 2301 672 2365 quam
686 2302 759 2362 vox,
779 2284 843 2344 imo
855 2283 938 2346 Deus
953 2283 1058 2345 scribit

139 2367 171 2425 in
196 2365 338 2427 cordibus
360 2373 392 2428 et
413 2368 485 2428 facit
505 2367 687 2449 prophetas,
709 2366 803 2427 homo
826 2365 934 2445 scribit
952 2367 983 2427 in
1006 2387 1056 2428 au·

139 2449 224 2508 ribus
248 2451 278 2510 et
300 2448 384 2510 libris
407 2470 489 2510 voce
514 2456 547 2510 et
567 2450 664 2529 litera.
706 2447 868 2523 Quaeritur
888 2449 995 2530 igitur,
1024 2454 1058 2510 ut

139 2531 218 2608 dixi,
242 2551 295 2591 cur
316 2532 373 2593 hos
392 2539 509 2593 tantum
526 2533 627 2593 mittat
649 2538 680 2592 et
700 2551 763 2592 non
777 2531 895 2593 iustos?
917 2535 1055 2614 Respon-

139 2613 245 2693 detur,
277 2613 317 2675 ad
340 2615 580 2694 ostendendum,
612 2614 695 2694 quod
730 2617 830 2676 omnis
857 2613 986 2689 rebellio
1009 2620 1058 2676 est

139 2717 179 2757 cx
200 2698 351 2777 sapientia
372 2698 487 2772 carnis,
521 2717 600 2778 quae
632 2718 695 2759 non
724 2704 829 2779 potest
840 2697 956 2777 ,subiici
977 2697 1056 2775 Deo,

140 2800 207 2840 cum
231 2799 338 2841 omnes
366 2780 501 2841 habeant
517 2782 631 2860 ‚zelum
654 2780 712 2842 Dei
740 2788 771 2841 et
792 2778 991 2859 arbitrentur,
1021 2799 1056 2840 se

139 2863 223 2924 bona
243 2863 403 2924 voluntate
426 2863 605 2945 obsequium
628 2865 696 2924 Dco
724 2870 883 3006 praestare
916 2862 1057 2926 sednon

141 2945 308 3006 secundum
331 2946 525 3026 scripturam,
558 2966 617 3007 nec
642 2947 726 3007 humi
739 2947 804 3007 iant
837 2947 1057 3027 snum‘sapere

141 3035 172 3089 et
192 3047 325 3088 sensum.
367 3028 484 3090 Idcirco
507 3031 633 3109 iustum,
658 3031 758 3110 pium,
780 3030 885 3090 mitem
898 3028 1058 3109 requirunt

140 3117 173 3172 et
192 3110 354 3190 recipiunt,
388 3111 443 3172 sed
465 3132 588 3191 verum,
627 3119 742 3174 certum
765 3118 797 3173 ct
817 3112 989 3193 sapientem
1010 3128 1056 3172 re-

139 3192 274 3275 pudiant.
317 3193 398 3254 Tota
423 3195 609 3257 conflictatio
632 3201 680 3257 est
700 3195 739 3255 de
760 3193 868 3256 mediis
890 3195 929 3256 ad
954 3193 1057 3271 linem,

141 3277 180 3336 de
201 3274 262 3336 linc
289 3279 486 3339 consentiunt
507 3297 625 3343 omnes.
669 3277 783 3339 Omnes
807 3279 914 3341 volunt
945 3277 1058 3338 salvari

141 3358 260 3421 et'Deo
283 3359 419 3440 placere,
442 3361 497 3422 sed
520 3361 703 3422 dissentiunt
723 3362 755 3421 in
778 3380 835 3440 eo,
855 3361 971 3441 inquo
993 3359 1057 3457 pla

142 3441 271 3502 cendum
295 3449 350 3505 est.
394 3443 511 3505 Idcirco
525 3442 646 3525 superbi
660 3462 781 3524 semper
794 3449 900 3505 contra
912 3442 1058 3502 iustitiam

142 3526 199 3586 Dei
222 3533 377 3606 pugnant,
399 3534 431 3587 et
452 3526 610 3587 stultitiam
632 3528 811 3605 aestimant,
839 3545 917 3606 quae
939 3524 1059 3604 sapien-

141 3609 185 3669 tia
206 3610 250 3669 cis
272 3610 416 3688 mittitur,
439 3609 586 3688 similiter,
599 3610 712 3670 veritas
735 3611 779 3670 cis
800 3607 993 3671 mendacium
1017 3607 1059 3666 vi-

141 3691 240 3771 detur.
282 3691 354 3773 lmo
371 3673 596 3776 persequudtiir
617 3684 648 3753 et
669 3692 815 3775 occidunt
835 3711 906 3772 eos,
935 3690 987 3771 qui
1009 3707 1059 3751 vc·

141 3774 264 3839 ritatem
286 3773 399 3839 dicunt.
442 3774 494 3836 Sic
515 3772 596 3838 enim
628 3783 660 3838 et
686 3796 747 3860 ego
769 3795 904 3859 semper¹
911 3771 1060 3859 praedico
