2356 4200
173 272 239 345 tw
489 216 885 343 “stituit-Domo·-

175 445 284 511 dorum
298 446 515 527 episcoporum
525 447 649 528 reguis·
660 445 867 526 praescripsit.
888 444 990 521 oust-
1000 446 1104 511 ouis

173 529 286 593 lisoius
312 531 503 609 nequissime
536 535 638 608 tuost,
673 527 714 589 nd
746 527 912 591 statuendo
941 529 1104 593 mendeno

177 633 233 675 sus
255 618 365 673 eontrs
384 615 554 675 veutstem.

263 695 357 777 Igitur
378 696 445 757 vult
465 696 657 777 Cyprianus,
687 693 773 774 quod
793 695 944 757 haeretiei
965 702 1039 759 sunt
1059 714 1105 757 ons
1143 761 1149 773 ¹

176 777 280 855 vendi,
303 780 354 858 qui
376 778 518 840 scindunt
540 781 688 841 unitatem
711 777 876 857 esetesise,
896 797 965 839 non
985 797 1105 860 semper

176 862 349 940 hmanas,
372 862 425 923 sed
449 863 620 940 cuiuslibet,
642 864 672 922 in
684 864 904 941 quaeritatur,
926 865 1000 923 nour
1014 881 1104 943 quse

176 945 255 1007 libet
274 954 322 1006 est
344 965 414 1024 uns,
436 951 468 1008 et
488 953 555 1007 tots
578 946 758 1007 universatis
780 951 829 1005 est
846 965 924 1020 uns,
948 963 1045 1025 quen
1064 951 1105 1007 to

178 1028 240 1091 tius
262 1035 295 1089 et
314 1029 505 1109 partienturis
519 1029 681 1091 cuiuslibet
701 1027 1105 1098 unitatendioitmonstrs·

179 1117 240 1173 tum
264 1113 294 1171 in
318 1113 434 1172 unitate
455 1113 556 1193 Petri,
594 1113 646 1192 qui
667 1130 724 1171 sus
744 1112 878 1189 unitate,
909 1111 1104 1193 votusortgo

76 1202 79 1209 '
176 1195 217 1257 sit
236 1194 399 1256 cuiuslibet
418 1197 542 1257 unitatis
570 1202 601 1256 et
622 1195 718 1257 totius
737 1195 882 1272 unitatis,
915 1214 980 1255 non
1002 1193 1103 1277 dispo

177 1270 255 1339 ueu's
278 1279 442 1339 autoritate
464 1297 536 1357 sus,
564 1278 621 1339 sed
641 1277 751 1339 Christi
777 1279 909 1357 tinquit)
935 1279 983 1339 sie
1005 1277 1104 1357 dispo·

176 1361 245 1423 suit
268 1362 379 1421 Verum
403 1361 487 1442 leget
506 1360 606 1423 leotor
627 1361 839 1440 cyprianum,
858 1367 891 1421 et
910 1360 1104 1423 videbistis

177 1444 256 1505 uum
286 1463 358 1504 esso
384 1444 541 1525 cypriano
571 1464 628 1526 per
664 1446 768 1507 omnis
805 1445 1005 1505 oouusrium.
1037 1444 1105 1506 Non

180 1546 254 1607 ergo
280 1527 452 1607 Cyprianus
474 1534 585 1589 oontrn
603 1529 755 1590 soissores
774 1529 941 1607 primatus,
965 1526 1024 1589 sed
1045 1528 1106 1589 uni·

178 1611 249 1671 tntis
272 1610 501 1671 eoolesisstioes
522 1611 672 1689 loquitur,
694 1629 774 1690 quse
795 1611 828 1669 in
849 1608 1039 1690 unoquoque
1061 1629 1106 1670 eo·

176 1691 271 1755 uiesis
292 1692 390 1753 scindi
418 1700 449 1753 et
475 1695 591 1755 servari
625 1700 739 1774 potest.
780 1693 844 1757 Aut
876 1695 901 1753 si
932 1712 990 1774 per
1011 1694 1106 1756 unito·

177 1782 240 1837 tem
262 1774 373 1837 Eooius
404 1777 533 1838 omnino
561 1783 748 1857 potestatem
775 1776 923 1857 intelligit
946 1778 1105 1859 primitis,

177 1876 287 1919 monus
311 1858 364 1918 ille
391 1865 480 1920 nutus
500 1860 572 1922 Joh.
596 1862 624 1924 9.
647 1861 741 1920 etism
760 1878 843 1939 papa
864 1860 933 1938 erit,
955 1861 1031 1939 quis
1051 1878 1105 1921 sus

178 1942 297 2003 unitate
327 1943 466 2004 similiter
487 1943 635 2005 unitatem
664 1943 816 2004 ecelesiae
851 1943 1106 2022 represserunt,

177 2026 210 2086 et
231 2031 383 2104 quotquot
404 2026 471 2104 eiii,
506 2028 556 2104 qui
580 2026 691 2108 singuli
719 2045 738 2085 o
759 2024 882 2089 Christo
899 2032 981 2087 sunt
999 2026 1106 2089 eunti
1130 2045 1135 2050 ·

204 2176 208 2183 ¹
261 2108 406 2170 Secundo
434 2109 637 2188 Augustinus}
670 2108 784 2171 inducit
808 2128 900 2188 super
921 2109 1106 2179 sermnem,

108 2250 114 2259 ,
179 2191 265 2254 euius
289 2191 441 2253 eoelesioe
449 2193 559 2253 Petrus
580 2192 741 2271 spostolus
763 2201 890 2271 propter
911 2192 1106 2272 apostolatus

178 2275 225 2337 sui
252 2276 414 2353 primatum
443 2272 572 2355 gerebit
598 2293 775 2354 personam.
803 2274 963 2352 Obsesro,
993 2282 1108 2355 quante

179 2363 227 2420 est
247 2357 332 2417 Eoeii
365 2357 549 2418 hebetudo?
582 2358 771 2439 Augustinus
801 2357 876 2418 dioit
914 2358 1020 2436 (quod
1050 2376 1107 2439 ego

179 2460 300 2520 semper
321 2438 435 2522 volui),
458 2441 580 2502 Petrum
601 2443 736 2522 gessisse
758 2459 924 2520 personam
943 2442 1105 2518 suetonios,

179 2524 263 2604 quod
290 2524 401 2584 Eooiurs
429 2524 573 2604 intelligit
605 2525 812 2604 prineipstum
840 2523 1004 2611 eeclesiae.
1035 2523 1108 2600 Quis

181 2609 263 2669 enim
286 2612 379 2687 neget
406 2607 584 2686 apostolum
605 2607 726 2669 Petrum
748 2608 879 2686 primum
905 2607 1025 2687 fuisse,
1052 2607 1109 2688 pri·

179 2697 296 2767 metum
324 2691 518 2770 apostolatus
538 2689 700 2770 habuisse,
727 2691 818 2751 etism
841 2691 1013 2770 prinoipem
1038 2709 1109 2770 opo

180 2774 330 2837 stolorum
358 2773 448 2833 esse?
484 2773 565 2848 Quid
596 2774 676 2834 haee
699 2773 739 2834 ed
760 2773 845 2835 rem?
874 2792 938 2835 non
967 2792 1026 2853 per
1051 2774 1110 2835 hoe

180 2862 367 2938 potestatem
389 2875 481 2935 super
503 2876 558 2919 eos
579 2856 725 2919 habuisse
745 2856 902 2936 probetur,
925 2875 1008 2935 quos
1029 2856 1111 2937 puris

180 2939 342 3017 potestatis
369 2937 465 3021 fuisse
493 2939 606 3001 dietum
636 2947 683 3000 est
713 2939 920 3019 nprriano.
963 2937 1111 3019 Nunquid

180 3021 249 3098 ipse
270 3019 460 3099 Augustinus
483 3024 655 3083 eRomano
679 3023 828 3103 episeopo
848 3021 903 3083 tuit
925 3021 1111 3083 ordinatus?

179 3101 263 3181 Engo
284 3102 455 3165 haereticus
478 3105 686 3185 Augustinus,
719 3107 746 3167 si
767 3104 922 3169 intellexit
944 3106 1111 3184 primetum

179 3187 359 3264 potestatis,
398 3194 428 3247 et
451 3195 553 3249 tomen
576 3189 640 3268 egit
661 3190 692 3249 in
715 3189 795 3265 vito,
821 3193 855 3248 ut
876 3187 980 3249 solum
1002 3190 1114 3269 prims·

179 3272 245 3328 tum
266 3267 394 3329 honoris
417 3269 549 3333 deferret
569 3272 711 3335 Romano
735 3269 883 3350 pontifici.

260 3350 374 3413 Eooius
395 3351 501 3414 dedito
522 3373 638 3434 opero,
660 3356 741 3417 siout
761 3353 929 3434 seripturis
951 3351 1114 3435 depravet,

178 3432 223 3497 its
244 3439 276 3494 et
300 3433 523 3516 diotaPstrum,
546 3437 599 3498 ubi
619 3437 664 3499 illi
677 3438 768 3500 Petro
789 3437 925 3498 tribuunt
947 3438 1114 3517 primatum

179 3513 306 3577 honoris
330 3523 361 3577 st
383 3516 520 3598 ordinis,
551 3520 603 3583 hio
635 3540 711 3582 mox
732 3539 789 3581 suo
811 3519 981 3581 Lenathon
1005 3527 1115 3588 sutore

179 3597 274 3676 nouit,
297 3607 330 3660 et
351 3599 445 3663 nobis
462 3603 681 3683 iuterpretatur
702 3609 900 3683 potestatem,
921 3620 983 3663 neo
1006 3603 1116 3672 eduen

180 3685 245 3741 tere
267 3700 341 3760 prae
372 3685 574 3747 crassitudine
596 3686 714 3747 oerebri
735 3687 782 3746 sui
803 3690 931 3765 potest,
965 3705 1063 3766 quem
1085 3690 1116 3754 8.

179 3761 287 3824 Patres
309 3765 390 3826 hene
410 3773 600 3849 potestatem
622 3788 778 3849 nunquam
801 3777 1010 3851 agnoverunt„
