2356 4200
203 279 266 350 412
360 372 362 374 q
604 283 737 339 Antania

203 456 247 517 tio
270 454 415 535 principii
438 454 545 514 vitium
560 460 606 513 est
628 452 844 533 disputationis
857 471 912 513 seu
927 459 1128 534 argumenta

205 539 308 601 tionis.
352 536 520 618 Sperabam
542 537 632 612 enim,
655 536 736 615 quod
759 555 798 596 ex
820 535 935 614 bibliis,
957 537 1007 596 vel
1030 537 1128 598 eoele-

207 621 339 682 siasticis
359 619 515 697 Patribus,
548 625 601 679 aut
622 618 790 679 canonibus
813 625 921 680 contra
941 639 991 680 me
1011 639 1129 700 pugna·

205 711 269 783 ret,
305 708 337 763 at
358 704 425 783 ipse
448 702 577 762 hrrfures
612 708 643 761 et
665 702 789 779 siliquas
828 702 929 781 Scoti,
965 701 1128 781 Gabrielia

204 794 436 865 ceterorumque
459 784 718 846 scholasticorum
751 785 877 865 (quihus
911 793 958 846 est
988 792 1128 847 ventrem

203 869 436 945 refertissimus)
465 868 539 928 mihi
568 887 649 927 nunc
678 867 800 928 demum
829 871 954 948 neganti
986 870 1127 950 opponit.

204 952 265 1015 Sed
287 951 446 1012 audiamus
468 957 580 1029 tamen,
603 951 759 1030 quomodo
772 951 865 1012 homo
882 952 1053 1012 rhetoricus
1068 952 1127 1012 dis-

206 1035 354 1096 simulans
369 1053 547 1115 oppugnare
560 1035 690 1113 primam
713 1034 942 1094 conclusionem
964 1034 1061 1096 nihilo
1076 1036 1127 1094 mi·

204 1139 260 1179 nus
282 1125 385 1181 tamen
406 1122 574 1197 oppugnat.
606 1117 688 1176 Dicit
709 1118 809 1177 enim:

286 1201 340 1260 Ec.
364 1200 438 1260 Cum
454 1200 535 1260 enim
550 1219 676 1279 regnum
694 1200 851 1260 coelorum
859 1201 888 1260 in
905 1199 1006 1260 verbis
1017 1199 1128 1262 Christi

204 1289 397 1365 praesentem
420 1280 592 1363 significare
615 1281 755 1343 videatur
782 1282 962 1358 ecclesiam,
995 1302 1033 1343 ac
1054 1289 1127 1344 tem·

206 1386 262 1448 pus
284 1365 482 1447 plenitudinis
505 1365 705 1445 evangelicae
727 1372 800 1425 tunc
822 1366 1033 1445 adventantis,
1065 1385 1127 1427 non

205 1450 338 1527 videtur,
371 1447 527 1527 quomodo
561 1449 751 1527 poenitentia
773 1450 909 1509 omnium
930 1447 1067 1509 fidelium
1088 1451 1129 1509 ni·

204 1538 266 1601 tam
290 1533 447 1611 exprimat.

289 1614 375 1675 Luth.
398 1614 467 1674 Hoc
488 1618 536 1673 est
557 1613 790 1691 scholasticum,
828 1613 859 1675 id
883 1621 947 1692 est,
980 1613 1127 1676 ludicrum

206 1704 238 1758 at
259 1699 407 1777 seipsum
430 1695 562 1756 illudens
584 1703 807 1776 argumentum.
829 1697 918 1757 Hanc
940 1716 1128 1777 consequen·

205 1782 277 1840 tiam
300 1799 339 1839 an
361 1799 400 1839 ex
422 1779 526 1859 logica
546 1780 674 1839 rationis
696 1778 746 1839 vel
768 1778 872 1860 logica
892 1778 963 1840 fidei
971 1780 1128 1858 didicerit,

205 1864 322 1941 nescio,
343 1862 496 1940 videlicet,
518 1862 590 1939 quia
617 1881 700 1922 nunc
729 1869 776 1922 est
800 1882 927 1943 regnum
961 1862 1127 1937 coelorum,

207 1965 281 2027 ergo
304 1965 367 2007 non
390 1945 489 2005 omnis
513 1945 576 2004 vita
597 1943 732 2004 fidelium
749 1951 797 2005 est
817 1946 1019 2026 poenitentia,
1043 1947 1127 2026 quasi

204 2029 283 2089 ullus
307 2029 346 2089 sit
366 2028 525 2089 hominum
556 2029 587 2088 in
609 2029 669 2088 isto
692 2047 811 2107 regno,
848 2028 983 2107 quinon
1006 2029 1128 2090 assidue

208 2119 331 2190 peccet,
354 2130 391 2171 ac
414 2111 459 2170 sic
479 2129 543 2170 non
558 2110 884 2190 assiduepoenitentia
906 2129 983 2190 opus
1006 2111 1126 2174 habeat.

205 2195 252 2255 De
274 2194 332 2254 hac
354 2194 436 2254 enim
471 2194 662 2272 poenitentia
684 2213 733 2253 me
754 2194 838 2271 loqui
876 2213 1009 2273 sequens
1039 2195 1128 2256 docet

207 2277 376 2338 conclusio.
398 2276 510 2336 Eccius
532 2294 606 2336 vero
629 2275 667 2336 de
690 2277 902 2337 sacramentali
923 2277 973 2336 vel
999 2278 1127 2338 solemni

207 2361 285 2420 forte
307 2359 425 2420 fabulas
444 2359 517 2439 agit.
538 2358 652 2419 Dicere
671 2366 783 2437 autem,
806 2379 876 2420 esse
897 2359 1055 2421 hominem
1078 2361 1127 2421 ali·

205 2443 329 2522 quando
360 2443 427 2502 sine
458 2448 585 2517 peccato
609 2447 641 2502 et
668 2442 713 2501 sic
744 2461 806 2502 non
838 2461 929 2523 egere
957 2445 1128 2522 ponitentia

209 2526 300 2598 (licet
312 2525 342 2585 id
358 2525 393 2585 B.
405 2525 622 2584 Bonaventura
644 2524 809 2604 aliquando
825 2525 930 2605 lapsus
944 2527 1128 2606 scripserit),

206 2608 246 2669 ad
267 2614 384 2688 partem
413 2607 530 2667 Donati
560 2607 707 2668 haeretici
726 2608 761 2668 B.
784 2608 973 2687 Augustinus
1001 2610 1034 2668 in
1057 2608 1127 2669 mul-

206 2692 245 2751 tis
283 2691 359 2752 locis
393 2690 467 2750 dicit
502 2690 669 2769 pertinere,
707 2691 779 2767 quin
812 2691 1035 2769 poenitentiam
1068 2710 1128 2752 non

208 2781 304 2854 agunt
325 2774 383 2834 nisi
404 2772 523 2833 fideles.
566 2773 626 2833 Sed
650 2774 757 2834 omitto
781 2772 844 2833 illa.
879 2773 962 2833 Infra
982 2773 1090 2835 latius:

289 2856 344 2916 Ec.
375 2856 418 2916 At
443 2855 514 2915 huic
540 2855 652 2916 similia
681 2855 824 2916 nolumus
845 2857 1007 2936 prosequi,
1032 2857 1127 2918 solum

207 2940 369 3001 subitaneo
403 2944 504 3015 motu,
534 2939 600 2999 sine
628 2937 774 2999 librorum
801 2938 1004 3015 adminicu10,
1034 2957 1130 3020 pauca

207 3022 439 3094 adnotabimus,
462 3026 493 3081 et
513 3028 546 3081 ut
567 3021 627 3081 dici
650 3021 732 3082 solet
753 3022 889 3083 obelisco
913 3021 1111 3102 signabimus.

289 3104 377 3166 Luth.
421 3102 519 3178 Quam
548 3123 696 3185 arrogans
726 3105 841 3185 ingenii
861 3105 1044 3184 ostentatio,
1078 3102 1129 3166 sed

208 3188 259 3248 ubi
274 3186 525 3250 fueritlibrorum
548 3188 637 3267 copia
658 3184 825 3247 instructirs
847 3194 878 3248 et
900 3206 1025 3248 morose
1047 3206 1129 3268 prae·

210 3270 384 3348 meditatus,
407 3277 470 3329 tum
493 3288 555 3329 non
579 3268 742 3347 obeliscos,
767 3269 822 3329 sed
843 3269 1032 3350 phalaricas,
1059 3272 1130 3331 arie-

207 3360 253 3414 tes
306 3360 337 3414 et
357 3378 363 3395 ·
383 3350 566 3414 bombardas
606 3371 742 3433 quoque,
788 3352 863 3412 nihil
904 3352 983 3413 forte
1031 3351 1129 3414 bellici

211 3442 377 3517 apparatus
398 3436 563 3513 omittens,
595 3437 741 3495 instituet.
785 3435 864 3511 Quid
887 3435 960 3495 mihi
982 3436 1129 3516 reliquum

209 3525 256 3580 est
277 3538 412 3597 quaeso,
434 3518 492 3578 nisi
511 3538 609 3598 pavor
630 3525 661 3578 et
694 3518 849 3602 homost,
867 3517 927 3579 Sed
956 3517 1038 3580 bene
1060 3517 1129 3580 mihi

208 3600 370 3676 interiml')
395 3599 549 3661 obeliscos
570 3600 674 3662 scribit
696 3620 759 3662 non
771 3601 898 3680 ferreos,
920 3619 982 3661 non
1001 3602 1128 3683 ligneos,

263 3791 296 3860 2)
317 3790 432 3846 Ldasch.
456 3794 483 3845 at
501 3789 564 3845 edit.
583 3791 672 3844 Witt:
691 3790 803 3843 interea
865 3810 868 3815 ·
