2356 4200
433 264 466 317 D.
486 265 563 319 liert.
581 264 692 319 lutheri
709 267 816 320 concio.
851 345 853 350 .
1011 260 1073 329 337

152 435 261 513 deeius,
284 434 339 496 sed
362 437 531 516 suscipies,
554 437 632 496 siout
653 441 684 495 te
705 437 806 515 ipsum
827 435 933 512 velles,
956 441 987 496 et
1008 454 1073 495 eru-

152 518 229 579 dies.
272 516 324 579 sio
344 519 445 579 iustus
468 537 518 599 es,
553 526 585 580 ut
615 516 761 578 iustifioes
788 525 820 588 et
846 536 978 579 excuses
998 518 1074 577 iniu-

151 607 243 678 stum,
266 619 336 662 non·
350 604 384 663 ιιι
401 601 589 662 condemnes
611 600 835 682 tantummodo,
857 600 1009 680 detrahes,
1030 601 1073 661 iu·

151 684 257 760 dices,
270 691 364 763 utque
387 684 536 747 vindioes.

234 765 303 828 Hoo
324 773 372 829 est
394 769 475 840 euim
498 767 673 847 exemplum
687 768 799 828 Christi
823 787 897 849 erga
919 785 988 847 nos,
1016 768 1073 827 sio·

152 857 185 911 ut
221 849 295 911 dioit
316 849 368 930 *):
409 849 481 912 Non
511 853 596 911 venit
615 849 696 911 filius
717 851 869 930 hominis,
906 858 939 911 ut
959 849 1074 911 iudioet

152 932 325 1012 mundum,
364 933 420 994 sed
441 940 475 995 ut
496 933 627 994 mundus
650 934 786 1010 solvetur
805 951 862 1013 per
881 935 991 1013 ipsum.
1034 931 1075 993 Et

107 1031 121 1051 ·
151 1018 261 1077 iterum
273 1015 348 1077 Luo.
361 1020 394 1081 9:
415 1015 559 1096 Nescitis,
580 1018 666 1078 ouius
689 1018 811 1098 spiritus
833 1015 887 1077 filii
910 1017 987 1096 sitis,
1009 1033 1073 1075 non

151 1097 339 1161 veuit'filius
361 1100 494 1161 hominis
515 1102 634 1160 animas
656 1100 795 1180 perdere,
813 1098 868 1159 sed
891 1098 1020 1160 salvere.

236 1182 277 1242 At
297 1189 406 1243 nature
426 1184 594 1244 vehemens
617 1191 725 1243 eontra
746 1184 869 1260 nititur,
890 1184 962 1262 quie
983 1180 1074 1241 valde

151 1265 324 1327 delectatur
349 1267 380 1326 in
402 1265 536 1326 vindicta
570 1274 602 1326 et
633 1267 664 1325 in
700 1267 799 1346 gloria
825 1284 900 1325 suse
932 1264 1074 1343 iustitiae,

152 1355 247 1428 elque
279 1350 310 1408 in
347 1349 528 1409 confusione
554 1350 720 1409 iniustitiae
741 1349 874 1429 proximi
902 1349 956 1409 sui.
999 1346 1073 1407 ldeo

154 1450 241 1493 susm
273 1450 397 1492 oausam
426 1433 510 1512 egit,
544 1450 636 1511 quam
669 1431 784 1512 gaudet
817 1449 886 1491 esse
915 1429 1072 1491 meliorem

152 1534 245 1595 quem
258 1516 400 1595 proximi,
423 1533 548 1575 oausam
569 1533 645 1575 vero
667 1515 800 1595 proximi
821 1515 1022 1593 persequitur,
1044 1519 1075 1572 et

152 1597 238 1678 eupit
259 1617 328 1658 esse
350 1597 479 1674 malurn,
502 1616 582 1678 quse
603 1599 789 1677 perversitas
812 1602 860 1657 est
880 1604 947 1657 tote
968 1596 1074 1674 iniqui-

152 1687 200 1741 tas
223 1681 377 1742 contraria
398 1681 540 1758 osrimti,
577 1699 657 1760 quae
685 1698 748 1740 non
778 1681 897 1759 quaerit
917 1696 996 1759 qnae
1019 1696 1075 1737 sue

152 1770 241 1840 snut,
272 1762 326 1825 sed
348 1781 427 1842 quae
449 1763 584 1826 alterius.
627 1762 728 1823 Debet
748 1765 829 1824 enim
852 1762 967 1840 dolere,
990 1760 1074 1841 quod

151 1847 398 1927 osusuproximi
421 1865 484 1908 uon
507 1853 555 1907 est
576 1845 686 1906 melior
707 1864 798 1925 quern
819 1864 891 1922 sus,
914 1852 945 1905 et
967 1851 1073 1925 optare
1143 1902 1145 1909 ,

152 1935 187 1990 ιιι
207 1931 247 1990 sit
268 1929 379 1990 melior
400 1948 491 2009 quom
514 1948 586 2008 sue,
608 1946 671 1989 non
694 1930 805 1989 minori
827 1927 958 2009 gaudio,
982 1946 1072 2007 quem
1152 1984 1158 1997 χ

151 2030 213 2092 quo
238 2012 352 2094 gaudet
383 2031 470 2072 suem
498 2031 567 2073 esse
588 2012 758 2073 meliorem.
801 2010 887 2072 Haeo
914 2017 961 2071 est
979 2010 1072 2071 -enim

152 2095 206 2156 lex
227 2103 260 2157 et
279 2095 459 2175 prophetae.
741 2150 744 2159 ,
964 2138 968 2143 -

183 2186 206 2221 ·“
235 2177 295 2239 Sed
318 2178 409 2239 dioisz
432 2179 480 2239 An
503 2199 566 2240 non
588 2179 663 2239 lioet
683 2178 782 2241 malos
805 2176 979 2258 castigare?
1001 2174 1073 2236 Non

150 2260 242 2325 deoet
261 2266 390 2342 peoosls
411 2262 538 2342 punire?
582 2260 657 2336 Quis
689 2280 753 2322 non
783 2267 905 2321 tenetur
927 2260 1073 2320 iustitiam

149 2344 338 2405 defendere?
380 2343 449 2406 Hoo
481 2346 562 2405 enim
591 2350 674 2405 esset
699 2345 895 2404 ooossionem
924 2341 1072 2424 praebere

150 2426 360 2507 delinquendi.

513 2590 711 2673 Respondeo.

234 2720 305 2781 Nou
325 2725 429 2800 potest
457 2721 507 2781 hio
530 2720 661 2807 simplex
682 2720 795 2782 solutio
818 2718 898 2799 dari,
929 2719 1001 2781 ideo
1030 2716 1072 2780 di-

150 2805 211 2879 stin
234 2802 368 2864 nendum
390 2803 428 2864 de
450 2802 635 2867 hominibus.
659 2803 736 2866 Sunt
758 2804 838 2864 enim
861 2803 1001 2865 homines
1023 2803 1073 2863 vel

151 2822 268 2971 publici
290 2886 340 2949 uel
361 2887 480 2967 privati.
503 2884 554 2946 Ad
568 2905 631 2948 ‘eos
654 2887 705 2965 qui
727 2894 798 2946 sunt
816 2884 941 2966 publici,
963 2885 993 2945 id
1016 2890 1073 2964 est,

149 2971 181 3031 iu
204 2967 305 3031 officio
322 2969 381 3029 Dei
402 2970 559 3032 constituti
580 2976 612 3029 et
632 2969 664 3028 in
676 2966 893 3050 praesidentis,
915 2966 990 3029 nihil
1008 2988 1073 3048 per-

149 3053 250 3113 tinent
271 3071 318 3127 es,
340 3071 420 3132 quse
441 3051 524 3112 diota
537 3058 617 3126 sunt,
640 3049 679 3111 od
701 3052 785 3132 ipsos
809 3052 889 3112 enim
908 3071 947 3112 ex
970 3049 1072 3113 officio

152 3140 184 3196 et
221 3128 407 3197 ue'oessitote
444 3135 578 3216 pertinet
604 3134 713 3214 punire
741 3140 771 3195 et
799 3132 935 3195 iudiosre
963 3134 1072 3212 malos,

150 3214 309 3289 vindicare
331 3226 362 3280 et
383 3217 548 3280 defendere
562 3235 738 3298 oppressos,
761 3219 908 3297 quianon
926 3216 996 3313 ipsi,
1018 3214 1073 3279 sed

147 3298 234 3361 Deus
256 3301 317 3362 hoo
337 3301 420 3382 feeit,
443 3303 529 3362 ouius
550 3308 622 3361 sunt
643 3302 673 3360 iu
695 3299 755 3360 hoo
776 3300 844 3381 ipso
868 3320 957 3379 servr,
980 3306 1012 3360 ut
1033 3298 1072 3360 ed

148 3382 261 3447 Rome.
284 3385 333 3448 13.
355 3383 417 3446 late
439 3383 599 3467 spostolus
621 3383 815 3464 prosequitur
836 3380 957 3445 disens:
1002 3382 1072 3446 Non

149 3467 218 3527 sine
240 3485 332 3526 eausa
355 3466 490 3547 gladium
512 3474 616 3548 portet
639 3476 697 3528 eto.

234 3549 348 3610 Verum
360 3550 422 3611 hoo
443 3558 491 3612 est
504 3549 737 3631 intelligendum
760 3551 790 3610 in
810 3551 910 3611 oousis
933 3550 1072 3631 aliorum,

458 3699 573 3706 -——-

186 3757 219 3828 ⁸)
238 3758 359 3815 Johrnn.
378 3759 404 3816 3.
466 3794 471 3801 ·

176 3863 267 3906 nuum
282 3875 333 3916 opp.
349 3865 418 3910 ne.
431 3866 513 3907 soror.
527 3867 576 3911 unt
601 3867 616 3906 ι.
629 3877 652 3917 p.
668 3867 717 3910 von
732 3868 761 3908 11.
866 3853 906 3914 22
