2356 4200
473 294 500 335 a
521 279 591 337 tals
608 280 704 336 habit.
985 275 1047 342 125

137 449 248 511 modico
267 449 467 530 angustiatur,
489 449 589 529 quiin
606 447 732 508 infinitis
747 446 937 508 iucundatur.
964 446 1047 508 Non·

134 535 202 613 nisi,
234 534 308 612 quia
338 532 381 594 ibi
410 533 473 612 sui,
502 533 553 592 hic
578 533 662 593 Deus
695 532 760 592 eius
789 537 970 610 procurator
991 536 1046 594 est.

132 615 242 676 Idcirco
264 615 369 675 nullus
390 622 447 695 est,
476 617 527 694 qui
549 615 624 676 velit
645 635 738 675 unum
766 613 847 674 diem
867 632 985 684 curam„
1000 614 1047 674 sui

132 699 250 774 babere,
273 700 299 759 si
321 705 406 760 recte
427 697 607 777 confideret,
628 717 701 758 uam
717 704 749 758 et
763 698 857 776 Deus,
878 703 912 757 ut
924 696 1046 777 probet,

132 801 217 862 quam
238 781 374 843 fideliter
404 783 500 845 nostri
535 801 640 843 curam
668 787 742 861 agat
768 781 800 840 in
822 778 948 840 infinitis
968 781 1047 860 peri·

131 866 211 944 culis,
234 884 317 945 quae
345 884 409 926 non
440 864 596 943 videmus,
625 865 698 924 sinit
730 863 862 943 aliquid,
895 882 988 922 unum
1016 867 1048 924 et

130 949 286 1010 modicum
317 947 503 1010 sensibiliter
529 949 645 1026 venire,
675 949 763 1027 quasi
785 946 916 1007 diceret:
954 945 1047 1025 Ecce,

130 1051 185 1114 ego
209 1040 242 1092 te
264 1033 296 1092 in
318 1030 445 1092 infinitis
467 1051 551 1110 curo,
579 1030 754 1107 videamus,
786 1048 859 1090 cura
886 1029 996 1090 saltem
1016 1030 1048 1090 in

128 1115 185 1176 hoc
200 1135 264 1176 uuo
287 1122 319 1176 tc
340 1117 451 1195 ipsum,
474 1114 644 1193 videamus,
667 1113 739 1193 quid
755 1114 855 1192 possit
871 1112 1045 1174 sollicitudo

128 1205 186 1277 tua,
208 1205 244 1258 ut
264 1199 357 1259 Deut.
378 1200 433 1261 22:
455 1198 515 1260 Ubi
537 1203 608 1258 sunt
622 1197 683 1276 Dii,
705 1195 814 1275 quibus
835 1196 1046 1277 immolabant,

127 1288 254 1362 surgant
274 1289 308 1342 et
327 1281 513 1361 opitulenter
533 1279 636 1359 vobis,
666 1286 698 1341 et
724 1281 756 1339 in
777 1281 963 1340 necessitate
989 1298 1046 1341 vos

99 1370 300 1446 protegant,
318 1364 422 1425 videte
444 1383 529 1445 ergo,
557 1365 629 1443 quia
650 1382 710 1444 ego
737 1382 805 1422 sum
832 1362 926 1426 solus.
969 1363 1046 1425 Cum

129 1467 201 1529 ergo
225 1466 290 1508 non
313 1449 413 1526 possit
433 1449 464 1507 in
487 1449 547 1507 boc
567 1465 630 1523 uno
653 1464 821 1525 securare,
843 1445 970 1509 deberet
982 1467 1047 1507 sur-

128 1549 194 1590 sum
215 1549 272 1591 cor
293 1530 400 1591 levare
423 1537 454 1591 et
475 1531 593 1603 dicere:
617 1529 685 1590 Heu
703 1530 836 1590 Domine
856 1530 951 1609 Deus,
973 1548 1046 1591 cura

128 1621 168 1693 tu,
189 1613 343 1674 sollicitus
365 1615 407 1673 sis
429 1620 461 1674 tu
475 1633 531 1694 pro
553 1633 618 1692 me3
641 1611 714 1692 quid
734 1612 877 1691 facerem,
900 1614 926 1672 ai
941 1615 1046 1673 omnia

127 1697 264 1777 periculo
285 1715 356 1756 mea
376 1696 538 1758 viderem?
561 1715 630 1756 cum
652 1696 726 1755 mibi
747 1695 808 1757 boc
821 1715 915 1755 unum
928 1702 1046 1758 tantam

127 1781 301 1861 angustiam
324 1779 426 1840 faciat.
455 1780 538 1840 'Hoc
562 1787 618 1857 est,
642 1777 726 1857 quod
748 1778 898 1840 Dominus
923 1779 955 1838 in
986 1781 1046 1840 isto

128 1863 292 1944 evangelio
320 1863 450 1941 clamat,
482 1865 554 1942 quic
578 1863 610 1922 in
641 1861 764 1922 modico
794 1880 857 1922 non
884 1861 1046 1942 credimus,

128 1960 229 2025 neque
252 1947 471 2006 committimus
493 1965 552 2007 uos
575 1947 619 2021 ei,
649 1945 698 2004 cui
712 1951 815 2004 tamen
839 1946 931 2005 etiam
958 1947 1045 2025 igno·

128 2036 230 2089 rantes
252 2028 460 2090 commendati
482 2047 595 2106 sumus,
618 2028 648 2086 in
670 2027 818 2107 plurimis,
848 2033 880 2088 et
899 2047 956 2106 pro
977 2029 1044 2089 istis

128 2112 265 2191 plurimis
297 2131 361 2172 non
395 2117 513 2173 tantum
540 2131 602 2173 non
626 2111 747 2190 agimus
778 2112 907 2190 gratias,
942 2131 1043 2191 neque

129 2195 283 2255 modicum
308 2195 384 2255 illud
412 2196 441 2256 ei
471 2193 738 2271 commendamus,
772 2193 827 2255 sed
856 2213 948 2273 super
968 2195 1043 2255 illud

128 2298 196 2338 eum
227 2277 421 2339 offendimus.
464 2278 543 2338 Nam
569 2296 667 2356 aeque
701 2277 800 2337 securi
837 2296 973 2337 essemus
1012 2279 1043 2339 in

128 2363 192 2422 istis
224 2362 442 2442 apparentibus
473 2361 618 2442 periculis
647 2367 679 2420 et
707 2361 802 2438 curia,
833 2362 912 2420 sicut
938 2380 1042 2421 sumus

127 2446 157 2504 in
187 2446 354 2526 ignoratis,
386 2446 412 2504 si
441 2446 470 2504 ei
502 2443 633 2504 fideliter·
660 2442 892 2504 confideremus
936 2445 1044 2505 Erudit

129 2547 200 2609 ergo
224 2547 282 2588 nos
304 2527 434 2589 modicis
453 2528 597 2608 periculis
619 2545 657 2586 ac
677 2534 836 2606 provocat,
866 2528 950 2588 utin
973 2547 1042 2588 eum
1089 2580 1093 2588 .

128 2610 330 2686 confidamus,
351 2630 409 2672 nos
431 2617 535 2672 autem
556 2609 597 2670 ad
617 2617 753 2670 nostram
777 2629 880 2671 curam
901 2610 1042 2691 fugimus,

128 2714 166 2754 ex
188 2694 279 2756 nobis
301 2695 433 2756 salutem
453 2694 641 2773 quaerimus,
674 2712 711 2753 cc
738 2694 782 2752 sic
808 2693 925 2754 idolum
949 2693 1043 2754 effici-

127 2799 193 2839 mur
215 2785 247 2838 et
267 2781 387 2858 magnis
409 2774 547 2838 crucibus
565 2795 722 2856 vexamur,
744 2777 816 2856 quia
832 2777 908 2837 nihil
926 2778 1043 2839 inveni-

127 2881 193 2922 mus
216 2868 248 2922 et
269 2869 387 2942 tamen,
415 2867 579 2942 postquam
607 2860 726 2920 transiit
749 2861 933 2940 periculum,
956 2864 1044 2940 quasi

128 2949 234 3007 nostra
262 2965 336 3006 cura
365 2951 542 3025 superatum
576 2944 630 3022 sit,
657 2945 821 3023 gestimuS,
849 2963 908 3004 nec
928 2946 1043 3024 gratias

126 3031 245 3109 agimus
273 3048 332 3088 nec
359 3028 520 3089 erudimur.
568 3026 704 3088 Deberet
736 3028 817 3088 enim
849 3027 942 3088 homo
964 3029 1044 3090 iutra

127 3132 160 3173 sc
181 3114 227 3173 irc
249 3119 280 3172 et
302 3114 440 3192 cogitare
468 3113 546 3171 sicut
574 3110 650 3170 dixi:
682 3110 740 3171 Elia
760 3111 861 3189 Dede,
897 3118 1043 3189 quantam

125 3197 298 3275 angustiam
318 3195 393 3258 facit
413 3195 487 3254 mibi
508 3195 568 3254 istc
588 3192 763 3254 sollicitudo
786 3196 868 3254 mea!
902 3195 975 3274 quid
1002 3197 1043 3256 ic·

125 3277 323 3357 retentatis,
357 3298 436 3357 quae
458 3296 520 3338 non
543 3276 655 3336 video?
711 3277 775 3337 lmo
799 3276 871 3357 quid
889 3278 1043 3358 iacerent,

125 3363 149 3420 si
171 3367 323 3441 perpetuo
346 3362 377 3421 in
399 3364 458 3422 ista
480 3379 552 3420 cura
574 3378 643 3421 esse
665 3359 834 3423 deberent?
856 3360 926 3421 Non
951 3362 1042 3423 video

126 3464 217 3523 quam
245 3461 319 3504 vere
353 3451 384 3505 te
418 3443 609 3525 appellemus
636 3451 754 3525 patrem
787 3452 939 3523 nostrum,
972 3447 1044 3525 quia

125 3529 183 3587 nisi
203 3527 355 3588 Dominus
378 3526 587 3588 aedificaverit
608 3526 749 3606 domum,
782 3529 814 3588 in
842 3547 953 3588 vanum
983 3529 1043 3588 ela-

124 3610 322 3690 boraverunt,
345 3612 396 3690 qui
419 3608 584 3671 aedificant
605 3630 688 3691 eom,
721 3612 778 3671 nisi
808 3612 959 3672 Dominus
993 3630 1043 3670 cu-

124 3695 267 3755 stodierit
288 3695 454 3774 civitatem,
476 3695 588 3755 frustra
600 3695 717 3774 vigilat,
739 3695 790 3773 qui
811 3693 945 3756 custodit
965 3713 1043 3755 eam.

123 3777 209 3839 Haec
232 3785 302 3838 sunt
322 3778 414 3860 igitur
434 3777 581 3841 tenebrae
599 3776 734 3859 Aegypti
757 3777 938 3861 palpabiles,
960 3775 1043 3856 quod

802 3902 857 3977 Ο
