2356 4200
472 313 497 354 s.
517 292 702 358 tolerabis.
989 298 1051 365 151

134 464 221 528 Cuius
247 470 396 551 mysteria
417 489 500 533 nune
527 471 715 545 omittentes¹
732 488 803 537 eam
833 468 1052 550 proprietatem

132 548 320 633 adducimus,
345 550 428 635 quo'd
450 560 600 634 peruncto
622 573 754 637 corpora
767 550 815 633 'ex
836 544 975 627 illsnon,
995 572 1050 633 pu·

131 641 274 716 trescunt,
298 636 353 698 sed
377 644 615 716 conservantur,
637 644 671 701 ut
690 636 824 717 dudpeis¹¹
838 626 1051 717 etAegyptiis

130 736 193 778 mos
216 725 265 779 cst
288 721 439 803 sepelire,
463 721 546 783 etin
567 719 729 801 evaugelio
752 723 854 801 patet,
886 717 941 779 ubi
958 717 1049 783 Nico

129 798 234 861 demus
263 809 297 863 ct
323 803 468 864 mulieres
497 822 613 884 ungere
635 807 778 865 curarunt
793 813 909 882 corpus
931 799 1053 880 Christi,
1139 794 1150 815 ²

128 903 163 944 ne
185 893 445 967 corrumperetur.
497 884 545 946 Ite
576 886 610 947 B.
638 874 734 968 Virgo
763 891 811 946 est
841 902 904 955 non
933 889 1051 951 tantum

121 973 235 1046 ¹unctes,
259 969 315 1030 sed
344 965 414 1050 ipse
435 973 522 1048 gutte
552 977 583 1043 et
610 988 731 1030 smeror
758 966 989 1039 efficacissimus
1021 973 1053 1027 et

127 1049 181 1112 sihi
203 1057 237 1111 et
259 1052 413 1135 omnihus,
433 1051 509 1113 nihil
528 1053 631 1131 itaque
647 1050 817 1133 putredinis
830 1051 861 1111 in
874 1048 936 1128 ills„
958 1068 1051 1130 quum

127 1133 174 1194 vel
195 1134 267 1215 ipsc
287 1141 377 1216 gutte
399 1139 455 1196 est.
503 1134 608 1197 Tertio
632 1134 738 1217 gessit
748 1129 877 1214 liguram
900 1130 1053 1199 ccclesiae

126 1216 234 1278 insuo
258 1218 402 1299 nomine,
425 1237 504 1297 quse
526 1217 710 1285 sioutstillc
731 1214 842 1297 situlae
872 1215 1053 1277 describitur

127 1297 206 1381 opud
230 1300 354 1380 Isciam,
378 1299 461 1380 quod
484 1321 524 1362 ex
546 1307 611 1362 toto
634 1301 712 1362 mori·
732 1298 831 1380 cleptc
852 1296 966 1374 nundi,
989 1318 1051 1359 sur-

128 1401 191 1442 sum
211 1398 271 1464 per
291 1381 385 1445 fidem
406 1383 542 1464 pendeat
563 1383 603 1444 ad
624 1383 751 1445 verbnm
772 1382 847 1459 Dei,
869 1382 962 1455 cuius¹
981 1383 1050 1463 ipss

131 1464 299 1541 (ecclesiae
320 1467 465 1549 inquam)
489 1465 713 1529 nobilissimum
738 1471 785 1526 est
806 1464 988 1527 membrum.

508 1774 653 1869 Sermo

303 1973 469 2037 Dominice
489 1974 530 2036 111
551 1942 711 2037 Adventus
733 1993 761 2036 c.
786 1974 867 2037 1516
1028 2010 1032 2017 ,

297 2138 342 2236 de
364 2139 568 2221 spirituali
596 2139 699 2220 legis
732 2119 897 2212 s'ensu.*)

211 2303 279 2384 Ego
304 2324 367 2365 vox
378 2305 538 2364 clamantis
557 2305 587 2364 in
608 2302 741 2382 deserto,
763 2302 883 2382 dirigite
895 2303 976 2363 viam
990 2300 1051 2365 Do·

129 2385 203 2447 mini
224 2386 296 2447 doh.
321 2391 346 2450 1.
389 2387 448 2446 Hic
468 2389 576 2447 iterum
599 2387 756 2448 Johsunes
778 2385 904 2466 pulchre
918 2384 1054 2445 ostendit

129 2469 319 2549 spiritualem
348 2470 426 2549 le'gis
457 2469 709 2549 intelligentium,
743 2468 797 2528 sed
824 2475 872 2528 est
899 2468 990 2529 latius
1020 2474 1053 2527 et

128 2550 310 2630 profundius
334 2553 539 2631 evangelium,
562 2571 653 2631 quam
666 2560 701 2611 ut
715 2553 868 2630 possimus
881 2552 1053 2631 exprimere

129 2633 213 2695 sotis.
258 2635 356 2714 Dicit,
391 2654 424 2694 se
460 2654 529 2695 esse
551 2654 661 2695 vocem
683 2634 843 2695 clamantis
865 2635 896 2693 in
919 2633 1052 2710 desorto,

129 2715 251 2798 dirigite
291 2717 372 2777 viem
406 2717 546 2796 Domini,
589 2717 662 2776 dicit
699 2736 733 2776 se
766 2716 937 2795 baptizare⁴
963 2735 1052 2795 aque,

130 2819 194 2861 non
217 2819 287 2860 esse
307 2799 408 2860 Elium
432 2820 532 2880 neque
553 2800 746 2880 prophetem,
768 2817 869 2877 neque
890 2799 1053 2875 Christum,

130 2901 232 2962 neque
254 2903 288 2942 se
310 2883 465 2963 baptizare
488 2883 602 2963 spiritu.
646 2883 749 2960 Atque
779 2888 811 2941 ut
838 2879 869 2941 id
901 2888 1053 2959 notemus,

128 2964 312 3043 Hehrciccm
345 2965 430 3027 illam
466 2967 677 3041 locutionem,
723 2965 845 3044 baptizo
888 2965 919 3024 in
963 2984 1053 3044 oque,

130 3046 262 3109 eandem
302 3068 388 3126 esse,
418 3068 496 3127 quac
532 3049 627 3109 latine
660 3053 772 3125 sonet,
807 3046 929 3126 baptizo
963 3066 1053 3125 equo,

131 3151 186 3191 seu
215 3150 284 3190 cum
313 3142 403 3210 equa.
460 3133 534 3192 ldeo
558 3131 668 3191 melius
698 3131 872 3191 coniunctio
900 3131 1054 3190 omittere-

131 3220 194 3291 tur,
228 3220 261 3272 ut
288 3213 358 3275 Act.
380 3213 410 3273 I:
440 3215 598 3275 lohannes
627 3213 750 3293 quidem
777 3212 944 3292 baptizavit
964 3233 1054 3293 aqua,

131 3316 187 3356 vos
225 3304 325 3356 autem
361 3296 569 3357 bstizshimini
601 3298 706 3376 spiritu
745 3303 862 3358 sancto.
925 3295 966 3356 Et
1008 3303 1055 3356 est

132 3398 240 3440 sensus
285 3378 432 3458 lucidior,
465 3399 505 3440 ne
550 3382 617 3458 quis
645 3380 830 3458 suspicetur,
866 3377 949 3458 quod
988 3381 1055 3459 ipse

131 3462 161 3521 in
184 3480 266 3540 sque
288 3463 343 3537 sit,
372 3460 442 3520 dum
477 3462 621 3542 baptizat.
677 3462 726 3522 Ad
749 3460 949 3522 differentiam
973 3464 1054 3522 enim

133 3544 246 3604 Christi
270 3544 352 3623 dicit,
376 3564 409 3603 se
430 3543 585 3624 baptizare
608 3546 780 3625 aquo,in10
803 3544 887 3623 dicit,
910 3564 969 3624 ego
982 3546 1054 3624 hap-

186 3808 214 3868 ¹)
231 3806 417 3870 haeredem,
441 3806 491 3861 765
509 3823 550 3876 sq.
578 3807 698 3887 Waloh,
718 3808 751 3878 X,
772 3826 800 3882 p.
823 3808 894 3869 1454
912 3825 974 3882 sqq.
