2356 4200
128 241 192 373 1455
456 243 604 303 Sermones
623 243 734 341 lutheri

128 422 176 477 eet
196 415 356 496 possibile,
379 422 480 477 et-est
501 415 636 478 officium
657 417 960 497 perfectissimorum.
994 417 1057 509 Τιι-ἰ

128 499 166 560 lis
179 505 262 561 eret*
276 499 308 562 Β.
323 499 446 578 Paulus,
468 501 520 578 qui
540 499 614 589 dicit
635 519 669 560 se
690 501 821 581 primum
842 498 1049 593 peoootorep'r',

128 589 285 643 ettamen
308 582 416 643 eudem
440 583 573 664 epistole
594 583 669 643 dioit
690 602 723 643 se
748 582 862 651 bouum
892 588 1048 646 uerteirien

128 672 265 726 oerttsse
292 683 330 726 os
359 684 507 727 ooronem
534 667 669 727 iustitiae
696 665 754 727 sibi
784 660 992 745 reddendum,
1008 660 1060 749 e't

125 748 228 810 lseios·
256 747 331 829 Cup.
360 751 409 814 64.
439 767 473 809 se
503 757 598 810 voest·
623 767 744 810 servum
770 746 921 828 De,i„'e't¹
944 756 1047 810 tomen

129 831 337 911 immundum,
352 831 425 912 usp.
450 835 482 897 6.
524 831 576 895 sis
597 831 756 892 lohannes
777 832 818 891 in·
832 852 888 894 suo
907 826 1049 915 epistole,

128 934 198 976 esse
215 934 273 977 nos
286 914 367 976 filios
383 915 442 975 Dei
456 923 488 976 et
502 934 565 976 non
579 914 721 996 peceare,
732 922 763 975 et
780 922 884 976 temen
896 935 954 979 nos
966 934 1049 977 men-

127 999 192 1081 tiri,
219 1000 254 1058 'si
271 997 441 1058 dixerimus
463 1017 521 1058 nos
543 998 704 1079 peeeotum
727 998 952 1077 non''hobere;
975 998 1048 1077 ¹tulis

126 1082 182 1143 tuit
204 1087 236 1143 et
257 1081 292 1144 Β.
315 1081 515 1163 Augustinus.
559 1080 583 1141 li
607 1101 680 1162 ergo
694 1100 856 1162 operesua
872 1080 1048 1167 inspioi'mit,

46 1171 48 1176 '
126 1183 189 1225 non
210 1163 294 1244 quod
317 1165 398 1225 faoto
420 1165 541 1224 suntin
563 1165 637 1244 ipsis
666 1171 698 1224 et
724 1163 763 1225 ab
789 1165 880 1246 ip'sis,
911 1163 1050 1247 sed'per

124 1249 210 1328 ipsos
232 1252 264 1307 et
284 1247 383 1308 oDeo
407 1247 487 1323 solo,
510 1253 543 1307 ut
562 1249 765 1308 instrumento
786 1240 1059 1331 seseognoseon'ti'

125 1329 215 1391 Unde
227 1331 387 1410 apostolus
405 1330 487 1410 dioit,
499 1332 723 1391 annunciarent
743 1349 838 1413 opere
848 1330 906 1392 Dei
920 1336 953 1392 et
966 1328 1050 1392 iaetu

126 1415 191 1474 eius
218 1413 448 1474 intellexerunt.
497 1413 587 1474 Hune
614 1422 717 1474 sutem
744 1413 873 1495 gradum
910 1432 973 1475 non
1003 1418 1065 1487 est·

125 1496 250 1557 cuilibet
270 1496 527 1576 praesumendum
549 1496 588 1558 de
616 1515 649 1556 se
676 1495 845 1574 affirmare,
874 1496 954 1559 ultre
983 1502 1048 1559 mo·

125 1579 196 1638 dum
218 1578 356 1642 sublimis
371 1583 427 1641 est.
462 1578 542 1654 Quia
563 1581 603 1641 sit
623 1579 747 1659 dixeris,
768 1586 801 1641 at
821 1579 882 1641 hoo
895 1579 1048 1662 intelligo,

126 1661 250 1742 quondo
272 1663 346 1724 volo
368 1665 482 1741 vivere,
505 1668 539 1723 ut
560 1663 670 1723 melior
687 1660 773 1742 fiam,
797 1683 869 1723 nom
882 1665 1048 1743 quiemen-

125 1744 222 1806 detur·
235 1747 340 1807 o'vits
359 1747 479 1827 peceati
502 1752 533 1806 et
555 1745 589 1806 fit
610 1746 707 1806 iustus
730 1752 762 1806 et
783 1745 897 1826 bonus,
927 1747 952 1806 si
981 1744 1054 1806 sine'

124 1829 262 1909 perieulo
285 1829 350 1890 vult
361 1848 465 1911 egere,
489 1835 613 1909 oportet
633 1834 702 1889 eum
724 1848 827 1889 rursus
850 1828 917 1889 fleri
933 1828 1067 1893 molum.

126 1918 159 1972 et
177 1916 392 1991 peecatorem,
427 1911 506 1973 odeo
539 1912 696 1973 excellens
731 1918 778 1973 est
803 1912 864 1973 isto
891 1913 1049 1990 sanctitas,

125 1993 209 2074 quod
230 1994 340 2075 fooiet,
362 1996 455 2055 etiem
476 1996 576 2075 ipsum
609 1996 722 2055 iustum
752 2013 820 2055 esse
842 2000 1048 2076 peecatorem,

105 2079 197 2156 -quie
218 2083 302 2138 totus
324 2085 413 2138 extre
434 2084 469 2138 se
491 2079 611 2158 positus
633 2079 664 2138 in
687 2077 771 2157 Deo,
800 2079 832 2137 in
855 2079 919 2138 eius
941 2074 1050 2139 volun-

124 2166 201 2240 tate,
239 2161 372 2240 iustitie,
402 2162 555 2241 sapientie
580 2162 666 2223 vivit.
713 2158 787 2221 Ideo
819 2179 897 2223 non¹
912 2162 973 2221 iem
991 2162 1050 2220 'est

111 2245 222 2319 xiustus
244 2240 360 2304 iustitio
380 2246 488 2304 suein
510 2243 564 2304 illo
594 2243 745 2323 acquisito
771 2242 821 2303 vel
848 2243 963 2322 infuso,
993 2240 1048 2304 sed

125 2328 164 2386 in·
178 2327 246 2406 ipse
256 2326 360 2386 divina
371 2326 495 2406 iustitie,
508 2345 611 2388 uorum
625 2320 656 2387 'et
669 2328 701 2387 iu
713 2345 774 2405 que
788 2327 890 2386 omisit
901 2325 1050 2387 iustitium

126 2427 228 2489 suem,
257 2417 289 2470 et
307 2409 388 2470 laeto
410 2417 457 2470 est
472 2408 506 2471 'ei
529 2416 706 2491 peecatum:
729 2428 788 2470 neo
810 2408 1050 2490 empliusoupit

127 2493 174 2555 sie
194 2493 276 2552 iuste
296 2493 420 2570 vivere,
451 2492 505 2554 sed
537 2493 596 2553 soli
617 2493 684 2553 Deo
715 2494 829 2553 vivere.
872 2491 974 2567 Quare
997 2486 1054 2573 qui'¹

93 2633 96 2637 .
126 2575 166 2635 ed
188 2574 270 2635 hune
291 2575 419 2657 gradum
442 2596 504 2637 non
528 2577 683 2655 nituntur,
716 2575 823 2637 melius
846 2582 926 2655 eret,
954 2582 988 2636 ut
1008 2572 1076 2643 od,

126 2657 268 2718 medium'
282 2662 345 2720 non
367 2659 538 2720 venissent:
561 2665 643 2719 stent
665 2660 746 2719 enim
771 2663 863 2739 etque
889 2656 1050 2718 confidunt

124 2743 156 2801 in
179 2748 307 2822 ooeepte
329 2743 453 2821 iustitia,
467 2761 529 2803 non
542 2740 737 2823 eooipiendo:
766 2759 845 2825 quse
861 2748 910 2801 est
925 2740 957 2800 in
968 2740 1048 2821 Deo,

127 2843 165 2884 eo
194 2834 252 2904 per
279 2824 341 2886 hoe
374 2823 475 2886 adhue
502 2832 585 2886 stent
605 2827 636 2885 in
659 2825 731 2885 nevi
753 2844 818 2889 sua,
862 2822 942 2899 Quid
965 2824 1048 2885 euim
1074 2828 1077 2837 '

125 2915 207 2967 sture
228 2908 383 2969 hominem
404 2906 437 2967 in
459 2910 546 2986 novi,
580 2909 638 2968 nisi
671 2908 828 2968 hominem
858 2914 939 2967 sture
960 2906 994 2991 lu
1014 2924 1049 2969 se

125 2990 217 3069 ipso?
245 2992 338 3051 iri‘eo
360 2989 443 3070 quod
463 2992 531 3071 ipse
554 2991 627 3051 feeit
649 2997 681 3050 et
700 2990 869 3068 fabricavit,
892 2992 922 3049 in
945 2991 1048 3071 aequi·

126 3074 186 3133 situ
207 3073 326 3134 seilicet
347 3092 403 3154 per
424 3093 494 3133 eum
515 3075 631 3135 iustitie
651 3081 683 3133 et
702 3074 871 3154 sapientie,
902 3072 953 3134 ubi
982 3091 1046 3133 non

126 3163 174 3217 est
195 3155 282 3235 fldes,
305 3156 360 3216 sed
382 3158 643 3236 experimentum,
678 3155 779 3223 donee
800 3155 855 3216 illa
876 3155 1048 3217 substantio

125 3239 215 3299 eltiue
238 3238 409 3300 edsoendet
426 3247 457 3300 et
478 3247 538 3300 stet
559 3241 589 3300 in
611 3240 689 3317 Deo,
713 3239 795 3318 quod
819 3246 867 3299 est
888 3239 1047 3300 hominum

125 3321 217 3382 valde
239 3322 444 3400 perfectorum
467 3329 498 3383 et
520 3323 768 3398 exercitatorum,
792 3328 823 3382 et
844 3341 906 3382 non
931 3341 1048 3400 eorum,

125 3407 184 3484 qui·
198 3405 286 3465 luetis
308 3412 379 3465 sunt
397 3407 584 3486 participes,
607 3405 715 3485 quibus
737 3403 848 3466 suffieit
869 3404 1049 3486 simpliciter

125 3487 282 3548 ambulare
305 3489 337 3548 in
352 3487 442 3549 bouis
457 3487 610 3569 operibus,
634 3488 707 3548 lieet
717 3492 892 3567 frequenter
907 3495 1048 3569 peooent,

125 3570 278 3630 Christum
309 3578 412 3631 tumen
439 3573 613 3652 respiciunt.
655 3571 725 3631 Non
754 3572 859 3651 itaque
880 3578 968 3632 extro
990 3589 1048 3633 uos

125 3654 305 3713 estiustitie
319 3653 506 3735 quaerenda,
520 3655 575 3714 sed
597 3656 677 3714 intus
699 3656 731 3712 in
756 3653 849 3714 eorde
870 3652 1047 3736 perfidem,

123 3743 157 3795 ut
177 3736 267 3798 Rom.
293 3741 344 3802 10:
364 3757 464 3816 prope
486 3746 533 3798 est
554 3736 680 3800 verbum
703 3743 787 3797 tuum
808 3739 840 3796 in
863 3756 917 3798 ore
940 3743 993 3798 tuo
1017 3742 1049 3798 et
