2356 4200
123 256 196 325 212.
375 260 697 331 mortesela-napus.
718 261 797 315 nun.

124 430 221 507 novit,
239 429 293 489 sed
305 428 474 511 gloriosum
495 450 563 495 oum
584 429 737 513 gentibus,
759 450 800 492 ex
812 429 987 495 visibilibus
1007 432 1046 491 in

126 510 256 573 visibilia
278 514 360 592 aius,
387 512 501 595 ubique
522 520 739 595 praesentem,
760 514 867 575 omnia
888 519 1048 595 potentem

128 593 212 657 videt
233 603 265 655 et
286 594 440 676 loquitur)
464 596 555 659 discit
575 617 615 657 ex
636 595 814 677 Aristotele,
837 595 924 677 quod
946 594 1045 659 obies

125 685 189 739 tum
212 676 379 743 voluntatis
402 681 441 740 sit
461 679 592 759 honum,
615 687 647 740 et
667 679 782 742 bonum
805 678 959 758 amabile,
989 698 1047 745 mse

124 760 187 821 lum
209 780 283 823 vero
302 762 426 841 odibile,
447 763 519 824 ideo
542 762 640 824 Deum
664 780 734 824 esse
755 781 910 823 summum
931 762 1047 825 bonum

125 854 156 903 et
193 863 313 906 summe
336 844 477 909 amabile.
519 844 560 905 m
588 844 660 905 inde
689 844 873 906 dissentiens
897 846 1046 929 theologo

125 927 222 987 crusis
240 925 357 999 ¹delinit
394 926 570 989 thesaurum
593 925 704 989 Christi
734 947 803 989 esse
835 928 1046 1001 relaxationes

77 1074 85 1103 r
125 1018 158 1071 et
182 1009 357 1071 ¹solutiones
390 1030 576 1091 poenarum,
606 1017 751 1089 tanquam
774 1030 877 1071 rerum
899 1012 1046 1091 pessima

125 1113 192 1155 rum
221 1100 252 1153 et
280 1093 557 1156 odibilissimsrum.
602 1092 718 1155 Contra
746 1092 913 1175 theologus
941 1092 1048 1171 crusis,

124 1174 300 1237 thesaurum
322 1174 433 1238 Christi
455 1196 525 1238 esse
547 1177 761 1257 impositiones
793 1182 825 1237 et
849 1174 1047 1259 alligationes

125 1278 310 1339 poenarum,
339 1266 482 1339 tanquam
511 1279 613 1321 rerum
635 1260 818 1341 optimarum
840 1267 873 1321 et
894 1258 1046 1323 amabilis

126 1343 281 1402 simarum.
324 1340 365 1402 Et
395 1349 499 1403 tamen
533 1341 633 1403 adhuc
665 1341 717 1402 ille
744 1341 856 1422 accipit
886 1343 1047 1422 pecuniam

126 1442 181 1505 pro
204 1438 270 1486 suo·
284 1424 444 1503 thesauro,
469 1425 552 1486 iltius
572 1425 603 1505 ¹)
621 1443 681 1485 nea
702 1426 797 1505 gratis
820 1424 963 1485 oblatum
986 1424 1046 1507 dig·

126 1514 238 1567 nantur
258 1506 308 1568 vel
330 1508 458 1586 intuitu,
481 1507 535 1568 sed
554 1508 781 1589 persequuntur
800 1506 947 1589 denique.

209 1588 270 1651 Sed
293 1592 359 1670 quis
382 1592 440 1652 erit
459 1590 553 1651 iudex
575 1589 694 1670 horum,
717 1598 750 1650 nt
770 1590 925 1669 sciamus,
948 1598 1046 1653 utrum

126 1672 307 1734 audiamus?
349 1672 450 1751 Ecce,
470 1674 571 1753 inquit
590 1672 662 1733 Esa.
685 1675 734 1751 66,
756 1670 824 1753 ugo
846 1672 964 1754 eligam
985 1672 1047 1735 illu·

126 1759 230 1819 siones
253 1776 368 1818 eorum.
399 1757 439 1818 Et
461 1761 477 1820 1
501 1756 637 1818 Corinth.
662 1761 694 1818 1:
718 1754 840 1816 lnflrma
861 1754 972 1819 mnndi
993 1756 1048 1818 eie

126 1841 171 1922 git
191 1839 291 1921 Deus,
328 1846 361 1899 ut
390 1838 559 1903 confundat
579 1838 670 1899 tortia
691 1844 749 1899 etc.
781 1837 871 1913 Quod
894 1839 1049 1916 iudicium,

128 1921 254 1983 si'adeo
277 1921 399 2003 placet,
429 1931 462 1983 ut
483 1940 590 1983 verum
612 1928 672 2001 est,
694 1921 727 1982 id
750 1919 838 1982 nobis
859 1929 961 1983 restat
983 1940 1049 1984 con-

127 2004 290 2086 fitendum,
322 2006 348 2066 si
370 2005 510 2066 volumus
532 2024 607 2065 vera
624 2004 720 2084 loqui,
742 2003 824 2084 quod
847 2002 990 2067 thesauri
1009 2007 1050 2066 in·

126 2087 352 2169 dulgentiarum
380 2095 450 2149 sunt
479 2089 614 2150 omnium
644 2087 779 2147 maxima
806 2087 938 2165 damna,
963 2090 989 2149 si
1010 2088 1050 2149 in·

127 2172 303 2253 telligantur
324 2189 457 2252 eo„quo
481 2170 574 2233 modo
589 2170 817 2248 ebuccinantur,
840 2170 961 2232 scilicet
985 2188 1050 2233 esse

127 2273 182 2316 eos
211 2256 346 2317 omnium
374 2274 543 2335 poenarum
575 2254 802 2329 remissionem,
836 2271 901 2314 non
933 2261 1049 2316 tantum

126 2340 358 2416 canonicarum,
392 2358 459 2398 cum
487 2356 550 2398 non
580 2338 619 2396 sit
642 2337 739 2397 maius
762 2335 927 2415 damnum,
960 2356 1049 2418 quam

126 2420 194 2482 tolli
216 2422 382 2502 imaginem
393 2420 511 2481 tiliiDai
528 2418 567 2481 ab
580 2419 765 2495 hominibus,
788 2426 819 2479 at
839 2436 896 2479 eos
916 2423 1049 2500 spoliare

127 2503 276 2565 thesauris
297 2503 589 2582 inaestimabilibus,
612 2502 651 2563 de
673 2503 780 2581 quibus
803 2501 833 2564 S.
855 2500 988 2583 Hagnes
1008 2505 1049 2565 iu·

126 2588 236 2648 cunda·
249 2593 280 2648 et
300 2587 392 2649 besta
408 2588 559 2668 jactantia
581 2584 785 2666 superbiebat,
807 2584 976 2664 appellans
998 2605 1049 2649 sos

125 2677 305 2747 vernantes,
326 2676 522 2732 coruscantes
537 2688 675 2751 gemmas
698 2687 735 2729 aa
756 2676 965 2751 ornaments,
988 2688 1048 2733 mo·

127 2754 201 2815 uilia
222 2755 359 2841 pretiosa
380 2761 438 2818 etc.

422 2934 635 2996 Conclusio
658 2930 749 2994 LIX.

206 3079 382 3143 Thesauros
418 3081 570 3141 ecclesiae
597 3080 632 3140 Β.
654 3076 835 3138 Laurentius
871 3076 953 3138 dixit
984 3098 1048 3140 esse

124 3182 276 3246 pauperes
293 3163 454 3242 ecclesiae,
476 3163 530 3224 sed
553 3163 673 3223 locutus
688 3167 804 3222 estnsu
824 3159 973 3221 vocabuli
995 3180 1047 3223 suo

124 3257 187 3308 tem
211 3264 275 3307 ore.

188 3266 295 3390 pPatet
317 3331 390 3390 satis
412 3331 450 3389 iis
472 3327 523 3411 ²),
560 3329 611 3407 qui
642 3325 805 3407 legendam
838 3323 869 3386 S.
892 3325 1046 3387 Laurentii

123 3414 273 3476 viderunt.
317 3412 437 3473 Deinde
467 3431 528 3472 non
552 3419 599 3472 est
620 3429 701 3470 nuno
724 3428 797 3471 usus
820 3408 987 3490 vocabuli,
1017 3416 1046 3469 ut

125 3497 286 3558 thesauros
309 3494 459 3557 ecclesiae
487 3500 601 3555 vocent
621 3493 762 3553 homines
790 3508 963 3572 pauperes,
997 3490 1046 3554 sed

122 3580 339 3662 patrimonium
362 3577 482 3639 Christi
505 3584 536 3639 et
558 3576 588 3639 S.
610 3575 692 3638 Petri
719 3572 928 3656 appellamus,
967 3572 1044 3657 quod

124 3704 377 3713 ——-—.0-......-
382 3705 544 3712 ---.-—-

177 3774 210 3839 1)
231 3773 431 3829 tudanum.
468 3772 502 3840 2)
517 3770 611 3829 thid.:
637 3769 689 3823 his.
745 3810 749 3817 .
