2356 4200
455 340 456 347 χ
530 282 662 337 Asterisci

456 493 492 556 fl.
514 493 728 577 Obeliscus.*)

212 611 268 672 Ec.
289 613 428 673 Erroneo
455 621 584 693 apparet
603 613 792 693 propositio,
818 633 890 673 nom
912 613 940 674 si
961 631 1051 674 cono·

131 715 204 755 num
226 715 344 774 poenus
367 697 466 757 solum
488 697 711 757 accumuletive
741 696 806 755 vult
832 695 871 756 ud
892 714 1052 774 poenosa

130 773 201 838 Deo
223 780 383 858 impositus
406 798 595 858 concurrere,
618 781 679 840 iam
707 779 834 857 laqueus
856 786 1048 857 essetnec

132 861 214 920 solus
237 862 269 920 in
292 861 461 923 canonibus
482 861 767 942 poenitentialibus,
789 867 842 921 eut
863 863 888 922 si
911 861 977 922 vult
996 881 1054 923 eos

131 963 200 1004 esse
237 943 458 1006 declaroto'rios
493 947 590 1023 (siout
622 947 653 1004 in
687 946 814 1004 veritate
847 951 933 1023 sunt,
969 944 1051 1023 quod

129 1027 249 1087 Martin.
283 1027 370 1087 Luth.
407 1046 467 1088 non
498 1028 664 1107 attendit),
699 1027 838 1106 proiecto
866 1028 1050 1089 remittendo

129 1128 264 1189 poenam
286 1130 448 1188 canonum,
470 1111 587 1190 aliquas
610 1129 727 1190 poenas
750 1112 884 1171 remittit.

212 1193 297 1256 Luth.
319 1194 450 1253 Primum
473 1193 585 1256 Ecoius
609 1202 713 1255 noster
733 1193 807 1253 nihil
829 1191 1047 1275 scholasticil)

131 1275 205 1335 dicit
228 1273 291 1358 (sio
312 1279 392 1336 enim
415 1279 556 1357 promisit
576 1284 700 1356 supra),
732 1275 803 1336 ideo
832 1276 906 1336 mihi
927 1277 1051 1356 grandis

130 1367 236 1438 stupor
265 1368 327 1436 est,
361 1368 479 1420 tantum
504 1361 673 1440 ingenium,
707 1366 886 1439 tentumque
919 1359 1051 1420 studium

130 1461 199 1502 esse
221 1461 323 1522 posse,
346 1451 379 1503 ut
397 1445 472 1503 istos
494 1462 542 1503 res
565 1441 615 1525 (id
636 1451 684 1503 est
704 1441 787 1521 opud
807 1462 856 1503 me
880 1445 999 1522 nugas)
1022 1444 1052 1503 iu

130 1526 224 1584 sacris
246 1525 351 1604 literis,
373 1527 403 1585 in
427 1526 643 1586 ecclesiasticis
665 1525 803 1586 Patribus
825 1532 856 1586 et
882 1525 1051 1587 canonibus

128 1608 295 1685 invenerit,
328 1628 403 1686 quas
431 1609 544 1670 ibidem
573 1609 674 1669 nullus
703 1608 796 1668 homo
831 1609 924 1669 totius
948 1608 1051 1669 mundi

128 1690 229 1752 adhuc
249 1693 377 1753 invenit

131 1826 134 1831 .
212 1774 370 1851 Secundo,
402 1775 540 1854 quemvis
571 1774 665 1835 verbe
693 1775 753 1833 istc
774 1774 931 1852 vaniloqui
954 1775 1051 1839 nostri

128 1866 255 1936 sonent,
287 1877 325 1918 ac
346 1860 371 1919 si
394 1878 443 1918 me
469 1857 621 1938 intelligat
644 1876 791 1937 negasse,
825 1857 902 1920 uites
931 1876 1049 1937 poenes

128 1942 250 2018 remitti,
272 1941 342 2000 dum
366 1941 449 2020 dicit,
471 1940 654 2002 remittendo
672 1959 790 2019 poenes
811 1958 977 2017 canonum,
998 1941 1050 2002 sli-

128 2042 203 2101 quos
225 2043 343 2104 poenss
366 2025 500 2087 remittit.
543 2024 658 2084 Tamen
691 2023 764 2083 volo
801 2023 943 2100 credere,
977 2023 1049 2083 mihi

128 2126 189 2166 non
213 2106 244 2166 id
265 2107 342 2167 ielso
365 2107 404 2168 ob
427 2126 465 2168 eo
487 2108 619 2187 imponi:
649 2105 703 2165 sed
732 2105 813 2165 hunc
835 2107 900 2166 eius
923 2125 1046 2167 sensum

124 2208 209 2266 esse,
250 2190 331 2268 quod
359 2210 441 2271 papa
460 2189 644 2251 remittendo
667 2207 799 2269 poenam
828 2207 982 2249 cononum
1004 2209 1049 2249 re·

125 2274 215 2333 mittit
236 2275 340 2352 utique
362 2293 479 2354 poenos
501 2293 521 2333 a
538 2273 605 2333 Deo
628 2273 796 2350 impositas,
819 2273 890 2350 quia
922 2273 1049 2333 remittit

124 2374 242 2434 poenas
264 2376 284 2414 s
306 2376 340 2416 se
370 2357 558 2434 declaratus,
597 2374 616 2414 a
647 2356 714 2416 Deo
748 2362 849 2415 autem
885 2357 1047 2434 impositas

128 2439 231 2516 (quod
250 2440 396 2500 Martinus
418 2439 566 2499 Lutherus
589 2458 651 2498 non
680 2437 825 2516 attendit,
857 2438 968 2499 Eccius
997 2458 1048 2498 su·

124 2526 196 2599 tem,
219 2522 409 2600 ultraquam
438 2542 544 2583 verum
574 2528 637 2600 est,
660 2520 825 2599 attendit),
848 2541 962 2600 seper
989 2521 1049 2582 hoc

124 2624 187 2664 non
209 2607 335 2665 remittit
356 2605 565 2666 accumulatus
587 2605 626 2664 ad
647 2623 766 2684 poenes
788 2624 808 2663 a
829 2605 896 2665 Deo
924 2605 1049 2684 imposi-

122 2699 180 2766 tas,
197 2687 258 2748 hoe
280 2696 335 2767 est,
353 2689 507 2769 simplices
530 2695 561 2748 et
574 2706 636 2748 non
652 2686 760 2766 duplas
772 2706 890 2766 poenas
911 2688 1049 2748 remittit

206 2771 328 2849 Tertio,
359 2791 418 2852 ego
441 2771 561 2849 quidem
586 2772 617 2830 in
639 2772 699 2831 isto
721 2769 937 2848 conclusione,
971 2772 1049 2831 sicut

122 2854 154 2914 in
183 2855 324 2915 omnibus
353 2855 435 2932 aliis,
475 2854 682 2932 nihilststuo,
705 2852 759 2912 sed
780 2853 919 2931 disputo,
943 2872 1046 2932 quam-

123 2955 214 3014 quam
235 2937 317 3017 apud
335 2958 385 2997 me
407 2957 480 2998 vera
501 2956 570 2997 esse
591 2938 686 2998 credo
708 2936 847 3015 plurime,
870 2944 974 2998 temen
992 2937 1046 2996 ho-

124 3039 174 3080 mo
197 3041 274 3097 sum,
296 3027 327 3080 et
348 3021 422 3080 nihil
445 3020 561 3080 hebens
583 3021 613 3078 in
636 3021 695 3079 hac
714 3039 747 3078 re
763 3021 936 3097 potestatis,
959 3039 1048 3099 prse-

123 3110 169 3162 ter
190 3103 364 3182 disputandi
386 3103 572 3164 fucultatem.
604 3103 679 3164 ideo
701 3102 740 3162 od
761 3104 854 3163 istum
876 3101 1045 3164 obeliscum

125 3185 204 3264 dice,
227 3187 276 3247 Me
299 3206 361 3248 non
385 3187 464 3246 velle
487 3205 604 3265 poenes
638 3204 790 3247 canonum
813 3205 883 3246 esse
905 3205 1045 3247 accumu-

123 3268 216 3348 lstes,
250 3270 304 3330 sed
333 3270 431 3347 soles,
468 3288 545 3347 quae
576 3289 632 3348 pro
667 3269 803 3349 peccatis
837 3269 1045 3348 imponuntur.

123 3351 221 3418 Deum
244 3362 346 3414 autem
367 3355 527 3433 imponere
548 3371 665 3432 poenas
681 3354 837 3431 peccatori
851 3352 1042 3430 confitenti2)

123 3455 203 3516 nego
233 3456 291 3496 nec
320 3444 423 3516 potest
449 3435 572 3516 probari
606 3455 625 3496 n
654 3444 760 3498 nostro
783 3435 1043 3517 obeliscogrspho

126 3555 335 3571 ——u--n

177 3622 205 3682 ⁸)
223 3619 364 3675 Adversus
384 3623 409 3678 5.
431 3621 558 3674 Conclus.
578 3625 696 3678 Lutheri.

176 3693 207 3756 1)
229 3694 341 3747 Loesch.
374 3701 399 3747 et
428 3693 471 3745 eu.
493 3696 579 3752 Witt:
610 3700 781 3752 scholastice.
828 3694 846 3750 2
889 3697 940 3752 Ed.
971 3696 1061 3750 tene·

121 3764 277 3817 confitendi.
