2356 4200
418 233 593 336 nasama.
613 265 751 336 simum.
793 324 800 341 ,
979 259 1041 328 395

120 433 190 514 Μ,
211 434 296 497 Deus
319 437 401 498 euim
424 436 564 518 superbis
585 436 708 514 resistit,
730 436 793 496 imo
808 441 918 497 -sessst
940 453 1041 518 super·

120 516 181 598 bia,
205 524 237 580 st
259 519 375 580 nullum
399 528 561 601 peceatum
582 520 702 600 uspiam
724 519 790 580 erit.

558 652 610 718 IX.

206 774 326 853 Diosrs,
350 773 432 854 quod
457 793 552 855 opera
567 779 654 835 extra
671 773 824 837 Christum
841 773 901 831 sint
918 769 1041 850 quidem

121 864 254 937 mortua,
277 857 331 919 sm
354 877 416 919 non
437 857 595 937 mortalia,
617 856 737 918 videtur
758 853 934 938 periculosa
955 854 1042 915 timo·

120 942 162 1002 ris
181 941 240 1001 Dei
261 941 411 1001 remissio.
1025 973 1028 977 ,

207 1021 287 1098 Quis
306 1024 352 1085 sio
374 1024 515 1085 homines
537 1023 614 1084 iiunt
636 1026 750 1102 securi,
777 1041 815 1083 aa
836 1040 892 1101 per
911 1020 974 1080 hoo
993 1038 1041 1079 su-

121 1105 227 1187 perbi,
249 1107 330 1185 quod
353 1116 401 1167 est
421 1106 644 1186 perisulosum3
669 1108 744 1188 quia
763 1106 809 1166 sio
829 1105 897 1165 Deo
920 1101 1044 1163 assidue

122 1188 259 1250 aufertur
285 1197 317 1250 et
345 1189 482 1250 differtur
509 1189 566 1250 sibi
595 1188 697 1257 debita
720 1189 835 1272 gloria,
861 1206 931 1247 oum
959 1186 1043 1247 omni

122 1271 226 1334 studio
257 1273 298 1332 sit
324 1290 363 1333 eo
391 1272 617 1348 festinandum,
651 1280 684 1333 ut
710 1272 891 1352 quantocius
925 1271 954 1329 ai
986 1287 1044 1329 sua

122 1354 267 1416 reddatur
299 1354 408 1436 gloria.
464 1354 539 1417 ideo
569 1356 703 1416 oonsulit
732 1354 902 1436 Scriptura:
955 1352 1039 1429 Ne¹j

123 1437 225 1499 tardes
249 1439 386 1498 converti
409 1437 448 1499 ad
470 1436 646 1498 Dominum.
685 1437 812 1499 sienim
832 1435 970 1514 offendit,
992 1435 1043 1515 qui

122 1519 274 1581 subtrabit
295 1520 442 1601 gloriam,
465 1528 580 1600 quanto
603 1522 701 1601 magis
724 1520 866 1596 offendit,
896 1519 947 1597 qui
975 1517 1043 1580 sub·

123 1611 253 1664 tractam
285 1605 462 1682 continuat,
496 1609 528 1664 at
558 1605 589 1664 in
622 1603 684 1664 hoo
709 1605 778 1685 ipso
805 1621 933 1664 securus
969 1601 1043 1682 agit.

122 1685 238 1765 Atqui
261 1705 323 1746 non
345 1694 395 1746 est
414 1687 446 1746 iu
469 1687 601 1764 Christo,
623 1693 677 1746 aut
698 1686 816 1749 resedit
835 1685 874 1746 ab
898 1703 952 1763 so,
974 1682 1042 1745 sub-

123 1768 216 1830 trabit
236 1770 264 1829 ei
286 1769 427 1850 gloriam,
449 1778 483 1831 ut
503 1776 609 1830 notum
632 1776 687 1832 ast

467 1904 603 1967 ,X.

206 2018 271 2078 imo
295 2018 504 2080 difficillimum
528 2027 575 2082 est
595 2021 777 2102 intelligere,
799 2037 935 2101 quonam
949 2016 1043 2080 modo

125 2103 162 2162 sit
194 2119 271 2181 opus
303 2111 472 2183 mortuum,
499 2124 557 2166 neo
584 2113 685 2165 tamen
717 2103 841 2164 noxium
872 2101 1044 2163 mortaleve

124 2192 295 2264 peceatum.

206 2267 324 2345 Probo,
357 2268 437 2343 Quia
468 2269 624 2350 Scriptura
660 2288 722 2329 non
758 2267 852 2329 habat
881 2269 971 2327 istum
1005 2265 1044 2325 da
1139 2308 1144 2316 ι

125 2351 251 2410 mortuis
274 2349 421 2430 loquendi
444 2352 580 2430 modum,
602 2352 684 2432 quod
707 2351 821 2431 aliquid
835 2351 874 2411 sit
885 2368 947 2410 non
966 2368 1043 2409 mor-

125 2432 196 2510 tale,
220 2432 302 2511 quod
325 2442 427 2495 tamen
450 2436 490 2495 sit
504 2444 666 2513 mortuum,
690 2437 751 2495 imo
764 2454 822 2495 neo
835 2432 1044 2515 grammatias,

125 2533 204 2594 quaa
226 2525 378 2577 mortuum
401 2518 469 2598 plus
483 2537 552 2579 esse
567 2519 650 2597 dicit,
672 2537 763 2596 quam
785 2516 928 2578 mortale.
967 2517 1043 2576 Mor-

125 2598 185 2660 tsie
208 2599 288 2658 anim
313 2619 402 2680 opus,
423 2601 507 2680 quod
530 2602 652 2678 occidit,
675 2602 734 2681 ipsi
755 2600 870 2677 dieunt,
893 2604 1044 2658 mortuum

124 2700 198 2743 roro
226 2700 288 2742 non
312 2685 458 2761 oooisum,
482 2683 621 2746 sednon
644 2685 756 2743 vivum.
798 2683 840 2742 At
862 2701 923 2742 non
941 2683 1043 2740 vivum

125 2761 192 2826 000
216 2763 374 2844 displicet,
403 2773 436 2826 ut
457 2766 602 2828 Proverb.
625 2771 662 2831 15
693 2766 845 2828 scribitur:
893 2765 1045 2823 Viotimae

124 2846 286 2927 impiorum
308 2847 543 2911 abominabiles.

207 2929 365 3007 Secundo,
397 2930 528 3012 Oportet
557 2933 683 2994 omnino
714 2933 796 2991 siros
822 2930 914 2990 talem
943 2935 1044 2989 sotum

126 3020 277 3074 mortuum
313 3014 501 3075 voluntatem
537 3015 652 3094 aliquid
690 3032 799 3096 agere,
840 3012 958 3072 soiliaet
995 3011 1044 3071 val

125 3095 259 3156 amando
283 3097 331 3156 vei
355 3097 489 3158 odisudo
514 3118 600 3176 eum,
623 3097 727 3159 odisse
749 3116 811 3158 non
833 3102 953 3175 potest,
975 3112 1044 3153 oum

126 3179 164 3238 sit
189 3179 279 3238 mala.
312 3178 406 3241 Amat
427 3200 512 3262 ergo,
535 3200 609 3262 ergo
632 3188 716 3241 amat
737 3188 899 3240 mortuum.
932 3176 980 3237 Aa
1001 3178 1046 3238 sio

125 3261 154 3320 in
184 3279 221 3321 ao
251 3262 320 3339 ipso
349 3263 432 3323 elicit
464 3263 578 3324 maium
614 3273 715 3325 sotum
742 3263 1046 3324 voluntatis-eontra

125 3342 234 3421 Dauum
257 3361 348 3422 quam
370 3365 473 3407 amare
497 3346 616 3423 debuit,
637 3354 671 3407 et
690 3343 863 3426 glorificare
884 3345 915 3403 in
938 3362 991 3422 eo,
1015 3350 1046 3403 et

126 3448 154 3488 in
178 3446 262 3487 omm
286 3447 390 3508 opere.

563 3513 613 3576 Xl.

208 3629 278 3692 Non
303 3636 409 3709 potest
430 3632 517 3691 vitari
539 3634 759 3713 praesumptio,
780 3633 959 3695 neaadesse
974 3646 1048 3690 vara

180 3781 212 3841 tt
231 3777 361 3832 horsea:
382 3792 441 3831 neo
