2356 4200
129 249 191 319 368
516 256 652 326 Dialogus

130 423 339 486 cionatoribus
360 429 594 506 tantum,„quos
617 426 676 486 sois
697 445 760 486 rem
786 444 873 485 auam
895 445 959 487 non
981 445 1050 507 pro-

130 525 264 586 movere,
287 506 342 567 sed
363 509 617 570 innocentissimo
639 507 787 588 pontifici,
811 508 985 589 etquidem
1006 511 1050 580 in-

128 592 224 670 iuste,
253 591 364 670 quippe
394 591 446 670 qui
479 591 522 652 nil
549 592 643 652 vellet
670 599 723 652 aut
750 593 854 670 inique
883 593 1050 653 autetiam

128 672 306 735 indecenter
333 674 413 753 agi,
435 676 570 735 maxime
599 693 673 739 vero
702 681 864 755 praetextu
894 694 970 735 suae
998 695 1050 736 au-

129 756 270 819 toritatis.
332 782 337 788 ·

212 837 269 916 58)
296 838 383 900 Mart.
413 838 478 901 Nec
499 847 570 900 sunt
586 841 636 900 isti
657 839 791 901 thesauri
814 841 922 901 merita
936 840 1049 902 Christi

131 926 370 1000 etsanctorum,
393 923 465 1001 quia
485 921 564 983 haec
585 943 707 1003 semper
729 925 795 983 sine
815 941 897 1004 papa
919 942 1050 1004 operan-

128 1011 178 1068 tur
199 1005 327 1084 gratiam
348 1003 481 1065 hominis
503 1006 673 1085 interioris,
695 1013 727 1066 et
748 1025 886 1085 crucem,
909 1013 1050 1085 mortem,

129 1086 341 1165 infernumque
364 1089 536 1150 exterioris.

66 1239 77 1251 s
213 1168 267 1231 sil.
297 1170 362 1230 lmo
394 1171 560 1232 secundum
596 1178 735 1249 sanctos,
782 1178 844 1231 tam
884 1171 1050 1251 theologos

131 1272 222 1332 quam
245 1254 420 1315 canonistas
443 1255 627 1316 celebriores
656 1264 727 1313 sunt
753 1253 912 1333 praedicta
940 1255 1051 1315 merita

131 1335 242 1397 Christi
265 1343 296 1396 et
316 1345 508 1417 sanctorum,
542 1357 605 1398 non
628 1356 664 1396 ea
686 1337 821 1415 ratione,
850 1355 910 1416 qua
931 1338 1051 1414 merite,

130 1418 185 1479 sed
208 1438 269 1498 qua
289 1420 515 1481 satisfactiones
537 1420 657 1480 Christo
682 1438 940 1499 supervacaneae,
963 1438 1050 1480 sano·

128 1503 167 1562 tis
190 1510 292 1562 autem
314 1503 607 1582 superabundantes.
647 1501 783 1577 Quarum
801 1503 1048 1563 satisfactionum

131 1584 269 1645 valorem
291 1605 395 1647 verum
419 1594 466 1663 est
487 1585 609 1666 quidem
631 1587 663 1646 in
684 1585 773 1647 nobis
788 1586 919 1665 operari,
942 1592 974 1644 et
994 1604 1050 1646 no-

131 1667 177 1732 bie
199 1668 356 1750 applicari,
379 1669 433 1730 sed
456 1688 518 1731 non
542 1671 601 1748 sic,
622 1679 657 1728 ut
677 1669 769 1748 plene
790 1687 846 1748 per
867 1687 920 1728 eae
942 1666 1051 1729 libere·

131 1769 198 1812 mur
221 1753 259 1811 ab
283 1753 365 1812 omni
388 1759 484 1831 reatu,
506 1753 565 1813 nisi
586 1753 616 1812 in
640 1770 713 1813 casu
727 1750 850 1832 duplici,
872 1752 971 1831 primo
986 1752 1051 1829 qui-

131 1833 212 1914 dem,
235 1834 261 1893 si
282 1853 339 1895 nos
361 1854 416 1916 per
437 1836 677 1896 satisfactionem
698 1835 823 1914 plenam
853 1836 896 1894 eis
923 1834 1050 1894 coniun-

131 1936 253 1998 gamur,
281 1917 417 1985 secundo
439 1938 530 1996 vero,
562 1919 588 1977 si
609 1917 748 1998 pontifex
770 1937 822 1977 eas
845 1916 935 1978 nobis
956 1915 1051 1996 plene

131 2019 186 2080 per
207 1999 412 2081 indulgentias
434 2001 578 2081 applicet.
622 1999 653 2062 Si
677 2001 765 2060 aliter
786 2001 897 2078 sentis,
925 1998 1050 2063 aberras

131 2082 240 2162 elide,
262 2102 320 2145 nec
339 2083 597 2164 indulgentiarum
620 2084 795 2144 thesaurum
817 2081 973 2163 intelligis.

125 2200 129 2231 l
212 2168 267 2242 59)
289 2167 376 2228 Mart.
398 2166 572 2228 Thesauros
595 2166 745 2227 eeclesiae
767 2173 891 2226 sauctus
913 2165 1051 2226 Lauren·

124 2251 187 2317 tius
209 2249 287 2311 dixit
308 2268 377 2311 esse
398 2269 549 2330 pauperes
572 2249 732 2328 ecclcsiae,
756 2249 810 2310 sed
833 2248 978 2329 loquutus
1002 2255 1051 2310 est

130 2353 186 2393 usu
208 2333 351 2393 vocabuli
374 2351 430 2394 suo
453 2340 600 2413 tempore.

213 2415 266 2478 Sil.
289 2415 391 2477 Etiam
420 2435 500 2475 nunc
526 2416 658 2477 latenter
685 2413 808 2476 mordes
830 2416 933 2496 potius
956 2433 1049 2493 quam

59 2543 73 2562 .
130 2496 289 2576 doces*),
319 2500 621 2579 quasi'temporibus
654 2499 767 2559 nostris
801 2516 952 2578 pauperes
985 2517 1049 2558 non

130 2583 191 2642 sint
219 2580 372 2662 pontificis
404 2582 624 2662 hominumque
657 2581 803 2642 thesauri.
845 2581 922 2641 Puto
946 2585 1049 2641 autem

130 2664 213 2744 quod
242 2665 315 2726 licet
334 2666 492 2726 Romanus
521 2666 620 2726 clerus
643 2684 661 2724 a
682 2664 872 2743 perfectione
891 2665 1050 2743 primaeva

131 2748 300 2826 declinarit,
323 2747 403 2828 quod
426 2768 488 2809 non
511 2748 633 2829 infitior,
656 2753 811 2808 tutamen
834 2766 897 2807 non
915 2747 957 2806 sis
970 2747 1050 2825 talis,

131 2833 183 2910 qui
204 2833 306 2911 possis
328 2832 633 2911 irreprehensibiliter
653 2829 888 2911 reprehendere,
911 2831 1010 2908 etqui
1031 2850 1049 2890 a

124 2916 288 2995 ,primaeva
309 2921 429 2994 patrum
448 2915 649 2995 religiositate
671 2933 734 2976 non
757 2912 936 2989 declinaris,
966 2911 1048 2991 quod

131 2997 273 3076 equidem
297 2997 345 3058 vel
366 2998 438 3057 hino
459 2999 609 3076 coniicio,
638 2998 708 3076 quia
734 2995 836 3057 nullus
858 2996 982 3074 sapiens
1003 3004 1050 3056 est

132 3083 184 3158 (ut
212 3079 318 3161 reor),
354 3083 405 3160 qui
438 3087 469 3140 te
498 3100 567 3142 esse
593 3080 798 3140 detractorem
818 3079 963 3139 iniustum
986 3097 1048 3139 non

130 3165 307 3242 astruxerit,
330 3183 514 3244 quamquam
537 3165 628 3224 etiam
653 3165 768 3224 utinam
791 3163 835 3222 sic
855 3162 975 3222 Romae
1005 3181 1048 3221 es·

131 3253 200 3307 sent
223 3244 469 3326 bonaoetera,
485 3249 562 3328 sicut
588 3247 807 3326 eleemosynae
835 3246 922 3324 piae,
956 3243 1047 3324 quod,

130 3329 301 3409 etreliqua
323 3338 457 3408 taceam,
488 3332 580 3391 etiam
609 3349 776 3410 pauperum
806 3347 951 3390 numerus
984 3329 1047 3391 sine

130 3432 257 3474 numero
286 3413 399 3475 indicio
423 3416 478 3493 sit,
510 3414 643 3474 maxime
667 3414 791 3474 veroin
814 3412 866 3492 pio
890 3410 1047 3492 pontifice,

132 3497 183 3575 qui
212 3496 286 3556 nulli
314 3499 508 3575 quantumvis
539 3503 645 3558 extero
674 3503 727 3557 aut
747 3497 867 3575 ingrato
905 3497 969 3556 viro
994 3495 1049 3553 scit

131 3581 227 3658 petita
248 3579 412 3660 denegare.

129 3721 549 3732 ———-——-—-=-=—

188 3763 217 3833 ·)
239 3765 269 3816 ln
289 3764 353 3818 edit.
373 3768 481 3834 princ:
502 3764 612 3817 doceas.
