<?xml version="1.0" encoding="UTF-8"?>
<!DOCTYPE html PUBLIC "-//W3C//DTD XHTML 1.0 Transitional//EN"
    "http://www.w3.org/TR/xhtml1/DTD/xhtml1-transitional.dtd">
<html xmlns="http://www.w3.org/1999/xhtml" xml:lang="en" lang="en">
 <head>
  <title>
</title>
<meta http-equiv="Content-Type" content="text/html;charset=utf-8" />
  <meta name='ocr-system' content='tesseract 3.04.00' />
  <meta name='ocr-capabilities' content='ocr_page ocr_carea ocr_par ocr_line ocrx_word'/>
</head>
<body>
  <div class='ocr_page' id='page_1' title='image "./dmartinilutheri01luthgoog_0015.png"; bbox 0 0 2356 4200; ppageno 0'>
   <div class='ocr_carea' id='block_1_1' title="bbox 126 263 651 327">
    <p class='ocr_par' dir='ltr' id='par_1_1' title="bbox 126 263 651 327">
     <span class='ocr_line' id='line_1_1' title="bbox 126 263 651 327; baseline -0.004 -9"><span class='ocrx_word' id='word_1_1' title='bbox 126 263 147 327; x_wconf 85' lang='lat'>4</span> <span class='ocrx_word' id='word_1_2' title='bbox 514 266 651 318; x_wconf 85' lang='lat' dir='ltr'>Praelatio</span> 
     </span>
    </p>
   </div>
   <div class='ocr_carea' id='block_1_2' title="bbox 98 432 1049 3344">
    <p class='ocr_par' dir='ltr' id='par_1_2' title="bbox 98 432 1048 2756">
     <span class='ocr_line' id='line_1_2' title="bbox 125 432 1047 514; baseline 0 -21"><span class='ocrx_word' id='word_1_3' title='bbox 125 433 254 514; x_wconf 86' lang='lat' dir='ltr'>insignis</span> <span class='ocrx_word' id='word_1_4' title='bbox 276 452 376 493; x_wconf 88' lang='lat' dir='ltr'>rerum</span> <span class='ocrx_word' id='word_1_5' title='bbox 400 433 561 494; x_wconf 74' lang='lat' dir='ltr'><strong>conversio</strong></span> <span class='ocrx_word' id='word_1_6' title='bbox 591 432 673 492; x_wconf 82' lang='lat' dir='ltr'>facta</span> <span class='ocrx_word' id='word_1_7' title='bbox 695 439 750 493; x_wconf 88' lang='lat' dir='ltr'>est.</span> <span class='ocrx_word' id='word_1_8' title='bbox 793 432 860 493; x_wconf 81' lang='lat' dir='ltr'>Etsi</span> <span class='ocrx_word' id='word_1_9' title='bbox 881 433 972 514; x_wconf 92' lang='lat' dir='ltr'>igitur</span> <span class='ocrx_word' id='word_1_10' title='bbox 994 432 1047 493; x_wconf 90' lang='lat' dir='ltr'>ali-</span> 
     </span>
     <span class='ocr_line' id='line_1_3' title="bbox 127 515 1047 597; baseline 0 -21"><span class='ocrx_word' id='word_1_11' title='bbox 127 524 202 597; x_wconf 87' lang='lat' dir='ltr'><strong>quot</strong></span> <span class='ocrx_word' id='word_1_12' title='bbox 224 518 298 577; x_wconf 91' lang='lat' dir='ltr'>tomi</span> <span class='ocrx_word' id='word_1_13' title='bbox 310 516 548 597; x_wconf 89' lang='lat' dir='ltr'>Vuitembergae</span> <span class='ocrx_word' id='word_1_14' title='bbox 560 515 633 575; x_wconf 92' lang='lat' dir='ltr'>editi</span> <span class='ocrx_word' id='word_1_15' title='bbox 647 516 819 596; x_wconf 87' lang='lat' dir='ltr'>exstabant,</span> <span class='ocrx_word' id='word_1_16' title='bbox 843 523 944 577; x_wconf 90' lang='lat' dir='ltr'>tamen</span> <span class='ocrx_word' id='word_1_17' title='bbox 960 536 1047 596; x_wconf 89' lang='lat' dir='ltr'>mag·</span> 
     </span>
     <span class='ocr_line' id='line_1_4' title="bbox 126 599 1047 680; baseline 0 -20"><span class='ocrx_word' id='word_1_18' title='bbox 126 619 186 660; x_wconf 88' lang='lat' dir='ltr'>nae</span> <span class='ocrx_word' id='word_1_19' title='bbox 207 607 238 660; x_wconf 88' lang='grc' dir='ltr'>ιι</span> <span class='ocrx_word' id='word_1_20' title='bbox 259 619 369 680; x_wconf 89' lang='lat' dir='ltr'>graves</span> <span class='ocrx_word' id='word_1_21' title='bbox 392 619 504 662; x_wconf 87' lang='lat' dir='ltr'>causae</span> <span class='ocrx_word' id='word_1_22' title='bbox 526 605 660 659; x_wconf 83' lang='lat' dir='ltr'><strong>mentem</strong></span> <span class='ocrx_word' id='word_1_23' title='bbox 685 599 882 661; x_wconf 87' lang='lat' dir='ltr'>lllustrissimi</span> <span class='ocrx_word' id='word_1_24' title='bbox 897 600 1047 680; x_wconf 89' lang='lat' dir='ltr'>Principis</span> 
     </span>
     <span class='ocr_line' id='line_1_5' title="bbox 126 681 1048 780; baseline -0.001 -38"><span class='ocrx_word' id='word_1_25' title='bbox 126 683 215 742; x_wconf 83' lang='lat' dir='ltr'>Elect</span> <span class='ocrx_word' id='word_1_26' title='bbox 204 683 278 743; x_wconf 88' lang='lat' dir='ltr'>toris</span> <span class='ocrx_word' id='word_1_27' title='bbox 300 690 528 763; x_wconf 82' lang='lat' dir='ltr'>permoverunt,</span> <span class='ocrx_word' id='word_1_28' title='bbox 551 689 584 742; x_wconf 94' lang='grc' dir='ltr'>ιι</span> <span class='ocrx_word' id='word_1_29' title='bbox 572 681 644 742; x_wconf 81' lang='lat' dir='ltr'>tdc</span> <span class='ocrx_word' id='word_1_30' title='bbox 667 682 833 743; x_wconf 85' lang='lat' dir='ltr'>novaedit&#39;</span> <span class='ocrx_word' id='word_1_31' title='bbox 813 691 896 743; x_wconf 83' lang='lat' dir='ltr'>tione</span> <span class='ocrx_word' id='word_1_32' title='bbox 920 703 1048 780; x_wconf 89' lang='lat' dir='ltr'>operum</span> 
     </span>
     <span class='ocr_line' id='line_1_6' title="bbox 127 765 1048 868; baseline 0 -43"><span class='ocrx_word' id='word_1_33' title='bbox 127 765 249 826; x_wconf 87' lang='lat' dir='ltr'>Lutheri</span> <span class='ocrx_word' id='word_1_34' title='bbox 272 765 453 827; x_wconf 87' lang='lat' dir='ltr'>adornanda</span> <span class='ocrx_word' id='word_1_35' title='bbox 466 767 624 868; x_wconf 80' lang='lat' dir='ltr'>cogitaret.</span> <span class='ocrx_word' id='word_1_36' title='bbox 604 766 800 827; x_wconf 91' lang='lat' dir='ltr'>tPrimum</span> <span class='ocrx_word' id='word_1_37' title='bbox 812 768 892 827; x_wconf 91' lang='lat' dir='ltr'>enim</span> <span class='ocrx_word' id='word_1_38' title='bbox 915 768 957 863; x_wconf 83' lang='lat' dir='ltr'>pir</span> <span class='ocrx_word' id='word_1_39' title='bbox 950 766 1048 826; x_wconf 86' lang='lat' dir='ltr'>desi-</span> 
     </span>
     <span class='ocr_line' id='line_1_7' title="bbox 127 843 1047 930; baseline 0.002 -22"><span class='ocrx_word' id='word_1_40' title='bbox 127 848 394 928; x_wconf 88' lang='lat' dir='ltr'>derantquaedam</span> <span class='ocrx_word' id='word_1_41' title='bbox 404 843 705 930; x_wconf 70' lang='lat' dir='ltr'>scriptae&#39;tayaunoi,</span> <span class='ocrx_word' id='word_1_42' title='bbox 716 853 844 928; x_wconf 79' lang='lat' dir='ltr'>quorum</span> <span class='ocrx_word' id='word_1_43' title='bbox 854 851 923 910; x_wconf 87' lang='lat' dir='ltr'>lect&#39;</span> <span class='ocrx_word' id='word_1_44' title='bbox 904 861 946 910; x_wconf 90' lang='lat' dir='ltr'>tro</span> <span class='ocrx_word' id='word_1_45' title='bbox 956 869 1047 930; x_wconf 92' lang='lat' dir='ltr'>prop-</span> 
     </span>
     <span class='ocr_line' id='line_1_8' title="bbox 127 932 1047 993; baseline 0 -1"><span class='ocrx_word' id='word_1_46' title='bbox 127 941 173 992; x_wconf 92' lang='lat' dir='ltr'>ter</span> <span class='ocrx_word' id='word_1_47' title='bbox 200 932 357 993; x_wconf 76' lang='lat' dir='ltr'>historiam</span> <span class='ocrx_word' id='word_1_48' title='bbox 386 933 537 993; x_wconf 88' lang='lat' dir='ltr'>ecclesiae</span> <span class='ocrx_word' id='word_1_49' title='bbox 565 934 740 992; x_wconf 88' lang='lat' dir='ltr'>necessaria</span> <span class='ocrx_word' id='word_1_50' title='bbox 768 940 798 992; x_wconf 92' lang='lat' dir='ltr'>et</span> <span class='ocrx_word' id='word_1_51' title='bbox 787 933 960 993; x_wconf 87' lang='lat' dir='ltr'>tsalutarie</span> <span class='ocrx_word' id='word_1_52' title='bbox 991 941 1047 993; x_wconf 89' lang='lat' dir='ltr'>est.</span> 
     </span>
     <span class='ocr_line' id='line_1_9' title="bbox 123 1015 1046 1096; baseline 0.002 -22"><span class='ocrx_word' id='word_1_53' title='bbox 123 1015 246 1075; x_wconf 86' lang='lat' dir='ltr'>Deinde</span> <span class='ocrx_word' id='word_1_54' title='bbox 270 1015 384 1075; x_wconf 88' lang='lat' dir='ltr'>multa</span> <span class='ocrx_word' id='word_1_55' title='bbox 376 1036 406 1074; x_wconf 88' lang='grc' dir='ltr'>ιι</span> <span class='ocrx_word' id='word_1_56' title='bbox 430 1017 532 1094; x_wconf 88' lang='lat' dir='ltr'>tomis,</span> <span class='ocrx_word' id='word_1_57' title='bbox 555 1015 593 1075; x_wconf 87' lang='lat' dir='ltr'>dc</span> <span class='ocrx_word' id='word_1_58' title='bbox 616 1016 724 1096; x_wconf 89' lang='lat' dir='ltr'>quibus</span> <span class='ocrx_word' id='word_1_59' title='bbox 739 1015 812 1095; x_wconf 84' lang='lat' dir='ltr'>dixi,</span> <span class='ocrx_word' id='word_1_60' title='bbox 836 1025 889 1076; x_wconf 92' lang='grc' dir='ltr'>ιιι</span> <span class='ocrx_word' id='word_1_61' title='bbox 909 1018 1046 1093; x_wconf 79' lang='lat' dir='ltr'>omnine,</span> 
     </span>
     <span class='ocr_line' id='line_1_10' title="bbox 127 1098 1047 1179; baseline 0 -21"><span class='ocrx_word' id='word_1_62' title='bbox 127 1104 180 1158; x_wconf 87' lang='lat' dir='ltr'>aut</span> <span class='ocrx_word' id='word_1_63' title='bbox 203 1117 315 1179; x_wconf 88' lang='lat' dir='ltr'>magna</span> <span class='ocrx_word' id='word_1_64' title='bbox 337 1119 376 1158; x_wconf 89' lang='lat' dir='ltr'>ex</span> <span class='ocrx_word' id='word_1_65' title='bbox 398 1106 485 1179; x_wconf 84' lang='lat' dir='ltr'>parte</span> <span class='ocrx_word' id='word_1_66' title='bbox 504 1105 629 1177; x_wconf 89' lang='lat' dir='ltr'>mutata,</span> <span class='ocrx_word' id='word_1_67' title='bbox 652 1098 802 1178; x_wconf 87' lang='lat' dir='ltr'>quaedam</span> <span class='ocrx_word' id='word_1_68' title='bbox 826 1101 918 1159; x_wconf 88' lang='lat' dir='ltr'>etiam</span> <span class='ocrx_word' id='word_1_69' title='bbox 931 1100 1047 1160; x_wconf 86' lang='lat' dir='ltr'>omissa</span> 
     </span>
     <span class='ocr_line' id='line_1_11' title="bbox 127 1179 1047 1262; baseline 0 -20"><span class='ocrx_word' id='word_1_70' title='bbox 127 1189 179 1242; x_wconf 91' lang='lat' dir='ltr'>aut</span> <span class='ocrx_word' id='word_1_71' title='bbox 200 1179 303 1242; x_wconf 89' lang='lat' dir='ltr'>deleta</span> <span class='ocrx_word' id='word_1_72' title='bbox 325 1188 413 1259; x_wconf 87' lang='lat' dir='ltr'>sunt,</span> <span class='ocrx_word' id='word_1_73' title='bbox 435 1200 475 1242; x_wconf 87' lang='lat' dir='ltr'>nc</span> <span class='ocrx_word' id='word_1_74' title='bbox 495 1183 590 1242; x_wconf 88' lang='lat' dir='ltr'>animi</span> <span class='ocrx_word' id='word_1_75' title='bbox 612 1188 644 1242; x_wconf 89' lang='grc' dir='ltr'>ιι</span> <span class='ocrx_word' id='word_1_76' title='bbox 671 1200 759 1242; x_wconf 86' lang='lat' dir='ltr'>auree</span> <span class='ocrx_word' id='word_1_77' title='bbox 782 1182 944 1243; x_wconf 90' lang='lat' dir='ltr'>Potentum</span> <span class='ocrx_word' id='word_1_78' title='bbox 969 1201 1047 1262; x_wconf 91' lang='lat' dir='ltr'>quo-</span> 
     </span>
     <span class='ocr_line' id='line_1_12' title="bbox 125 1264 1048 1343; baseline -0.001 -19"><span class='ocrx_word' id='word_1_79' title='bbox 125 1264 253 1325; x_wconf 87' lang='lat' dir='ltr'>rundam</span> <span class='ocrx_word' id='word_1_80' title='bbox 277 1264 514 1325; x_wconf 80' lang='lat' dir='ltr'>offenderentur.</span> <span class='ocrx_word' id='word_1_81' title='bbox 557 1265 679 1343; x_wconf 87' lang='lat' dir='ltr'>Tertio,</span> <span class='ocrx_word' id='word_1_82' title='bbox 709 1266 766 1325; x_wconf 90' lang='lat' dir='ltr'>etsi</span> <span class='ocrx_word' id='word_1_83' title='bbox 788 1266 866 1325; x_wconf 92' lang='lat' dir='ltr'>tituli</span> <span class='ocrx_word' id='word_1_84' title='bbox 893 1272 1048 1326; x_wconf 88' lang='lat' dir='ltr'>tomorum</span> 
     </span>
     <span class='ocr_line' id='line_1_13' title="bbox 126 1348 1048 1430; baseline -0.001 -22"><span class='ocrx_word' id='word_1_85' title='bbox 126 1348 201 1408; x_wconf 88' lang='lat' dir='ltr'>nihil</span> <span class='ocrx_word' id='word_1_86' title='bbox 224 1348 282 1407; x_wconf 92' lang='lat' dir='ltr'>nisi</span> <span class='ocrx_word' id='word_1_87' title='bbox 305 1348 398 1408; x_wconf 92' lang='lat' dir='ltr'>libros</span> <span class='ocrx_word' id='word_1_88' title='bbox 411 1349 534 1408; x_wconf 90' lang='lat' dir='ltr'>Lutheri</span> <span class='ocrx_word' id='word_1_89' title='bbox 552 1349 697 1427; x_wconf 89' lang='lat' dir='ltr'>indicant,</span> <span class='ocrx_word' id='word_1_90' title='bbox 720 1356 823 1409; x_wconf 87' lang='lat' dir='ltr'>tamen</span> <span class='ocrx_word' id='word_1_91' title='bbox 846 1348 961 1430; x_wconf 91' lang='lat' dir='ltr'>legenti</span> <span class='ocrx_word' id='word_1_92' title='bbox 974 1350 1048 1408; x_wconf 87' lang='lat' dir='ltr'>satis</span> 
     </span>
     <span class='ocr_line' id='line_1_14' title="bbox 126 1431 1048 1512; baseline 0.001 -21"><span class='ocrx_word' id='word_1_93' title='bbox 126 1438 256 1512; x_wconf 88' lang='lat' dir='ltr'>apparet</span> <span class='ocrx_word' id='word_1_94' title='bbox 283 1431 412 1491; x_wconf 89' lang='lat' dir='ltr'>aliorum</span> <span class='ocrx_word' id='word_1_95' title='bbox 445 1431 605 1492; x_wconf 92' lang='lat' dir='ltr'>doctorum</span> <span class='ocrx_word' id='word_1_96' title='bbox 629 1433 742 1511; x_wconf 87' lang='lat' dir='ltr'>scripta</span> <span class='ocrx_word' id='word_1_97' title='bbox 773 1431 819 1491; x_wconf 89' lang='lat' dir='ltr'>his</span> <span class='ocrx_word' id='word_1_98' title='bbox 841 1431 1048 1493; x_wconf 87' lang='lat' dir='ltr'>voluminibus</span> 
     </span>
     <span class='ocr_line' id='line_1_15' title="bbox 127 1513 1047 1596; baseline 0 -22"><span class='ocrx_word' id='word_1_99' title='bbox 127 1513 264 1575; x_wconf 88' lang='lat' dir='ltr'>admixta</span> <span class='ocrx_word' id='word_1_100' title='bbox 278 1534 357 1592; x_wconf 86' lang='lat' dir='ltr'>csse,</span> <span class='ocrx_word' id='word_1_101' title='bbox 380 1522 411 1574; x_wconf 88' lang='lat' dir='ltr'>et</span> <span class='ocrx_word' id='word_1_102' title='bbox 432 1515 513 1574; x_wconf 90' lang='lat' dir='ltr'>aliud</span> <span class='ocrx_word' id='word_1_103' title='bbox 528 1535 639 1576; x_wconf 89' lang='lat' dir='ltr'>sonare</span> <span class='ocrx_word' id='word_1_104' title='bbox 652 1514 809 1594; x_wconf 90' lang='lat' dir='ltr'>chordam,</span> <span class='ocrx_word' id='word_1_105' title='bbox 831 1515 914 1577; x_wconf 87' lang='lat' dir='ltr'>aliud</span> <span class='ocrx_word' id='word_1_106' title='bbox 926 1515 1047 1596; x_wconf 89' lang='lat' dir='ltr'>pedem,</span> 
     </span>
     <span class='ocr_line' id='line_1_16' title="bbox 126 1597 1047 1673; baseline 0.001 -16"><span class='ocrx_word' id='word_1_107' title='bbox 126 1606 159 1657; x_wconf 87' lang='lat' dir='ltr'>ut</span> <span class='ocrx_word' id='word_1_108' title='bbox 180 1597 219 1657; x_wconf 91' lang='lat' dir='ltr'>de</span> <span class='ocrx_word' id='word_1_109' title='bbox 240 1599 425 1658; x_wconf 91' lang='lat' dir='ltr'>inconcinne</span> <span class='ocrx_word' id='word_1_110' title='bbox 453 1598 633 1659; x_wconf 89' lang='lat' dir='ltr'>saltantibus</span> <span class='ocrx_word' id='word_1_111' title='bbox 656 1597 772 1660; x_wconf 89' lang='lat' dir='ltr'>dicitur.</span> <span class='ocrx_word' id='word_1_112' title='bbox 817 1597 934 1673; x_wconf 79' lang='lat' dir='ltr'>Quarto</span> <span class='ocrx_word' id='word_1_113' title='bbox 902 1600 1002 1659; x_wconf 86' lang='lat' dir='ltr'>tt&#39;in</span> <span class='ocrx_word' id='word_1_114' title='bbox 990 1606 1047 1658; x_wconf 88' lang='lat' dir='ltr'>ter-</span> 
     </span>
     <span class='ocr_line' id='line_1_17' title="bbox 98 1682 1048 1742; baseline -0.001 -1"><span class='ocrx_word' id='word_1_115' title='bbox 98 1692 101 1696; x_wconf 84' lang='grc'><strong>’</strong></span> <span class='ocrx_word' id='word_1_116' title='bbox 126 1687 231 1741; x_wconf 86' lang='lat' dir='ltr'>textae</span> <span class='ocrx_word' id='word_1_117' title='bbox 254 1689 325 1740; x_wconf 89' lang='lat' dir='ltr'>sunt</span> <span class='ocrx_word' id='word_1_118' title='bbox 346 1682 436 1741; x_wconf 88' lang='lat' dir='ltr'>tomis</span> <span class='ocrx_word' id='word_1_119' title='bbox 460 1682 535 1742; x_wconf 91' lang='lat' dir='ltr'>mult</span> <span class='ocrx_word' id='word_1_120' title='bbox 525 1689 574 1742; x_wconf 90' lang='lat' dir='ltr'>tae</span> <span class='ocrx_word' id='word_1_121' title='bbox 596 1682 755 1741; x_wconf 83' lang='lat' dir='ltr'>versiones</span> <span class='ocrx_word' id='word_1_122' title='bbox 784 1683 942 1742; x_wconf 88' lang='lat' dir='ltr'>nonsatis</span> <span class='ocrx_word' id='word_1_123' title='bbox 967 1701 1048 1742; x_wconf 85' lang='lat' dir='ltr'>conr-</span> 
     </span>
     <span class='ocr_line' id='line_1_18' title="bbox 126 1752 1048 1849; baseline 0 -26"><span class='ocrx_word' id='word_1_124' title='bbox 126 1763 248 1849; x_wconf 88' lang='lat' dir='ltr'>modae,</span> <span class='ocrx_word' id='word_1_125' title='bbox 271 1783 350 1844; x_wconf 87' lang='lat' dir='ltr'>quae</span> <span class='ocrx_word' id='word_1_126' title='bbox 368 1784 386 1823; x_wconf 92' lang='lat' dir='ltr'>a</span> <span class='ocrx_word' id='word_1_127' title='bbox 401 1773 503 1825; x_wconf 88' lang='lat' dir='ltr'>mente</span> <span class='ocrx_word' id='word_1_128' title='bbox 527 1771 557 1825; x_wconf 89' lang='grc' dir='ltr'>ιι</span> <span class='ocrx_word' id='word_1_129' title='bbox 569 1771 637 1824; x_wconf 89' lang='lat' dir='ltr'>sent</span> <span class='ocrx_word' id='word_1_130' title='bbox 625 1765 721 1824; x_wconf 87' lang='lat' dir='ltr'>entra</span> <span class='ocrx_word' id='word_1_131' title='bbox 731 1763 774 1823; x_wconf 90' lang='lat' dir='ltr'>Lu</span> <span class='ocrx_word' id='word_1_132' title='bbox 778 1752 855 1824; x_wconf 82' lang='lat' dir='ltr'>theri</span> <span class='ocrx_word' id='word_1_133' title='bbox 868 1764 1048 1846; x_wconf 85' lang='lat' dir='ltr'>longissime</span> 
     </span>
     <span class='ocr_line' id='line_1_19' title="bbox 127 1845 1048 1929; baseline 0 -23"><span class='ocrx_word' id='word_1_134' title='bbox 127 1845 249 1910; x_wconf 82' lang='lat' dir='ltr'>disttan</span> <span class='ocrx_word' id='word_1_135' title='bbox 306 1847 485 1922; x_wconf 90' lang='lat' dir='ltr'>Postremo,</span> <span class='ocrx_word' id='word_1_136' title='bbox 516 1849 629 1927; x_wconf 87' lang='lat' dir='ltr'>scripta</span> <span class='ocrx_word' id='word_1_137' title='bbox 649 1846 772 1907; x_wconf 90' lang='lat' dir='ltr'>Lutheri</span> <span class='ocrx_word' id='word_1_138' title='bbox 805 1848 871 1908; x_wconf 88' lang='lat' dir='ltr'>sine</span> <span class='ocrx_word' id='word_1_139' title='bbox 902 1848 1048 1929; x_wconf 85' lang='lat' dir='ltr'>singulari</span> 
     </span>
     <span class='ocr_line' id='line_1_20' title="bbox 126 1930 1048 2011; baseline 0 -21"><span class='ocrx_word' id='word_1_140' title='bbox 126 1950 199 1990; x_wconf 88' lang='lat' dir='ltr'>cura</span> <span class='ocrx_word' id='word_1_141' title='bbox 221 1930 337 1990; x_wconf 87' lang='lat' dir='ltr'>ordinis</span> <span class='ocrx_word' id='word_1_142' title='bbox 361 1931 493 1991; x_wconf 89' lang='lat' dir='ltr'>collecta</span> <span class='ocrx_word' id='word_1_143' title='bbox 514 1938 600 2009; x_wconf 89' lang='lat' dir='ltr'>sunt,</span> <span class='ocrx_word' id='word_1_144' title='bbox 631 1950 699 1990; x_wconf 93' lang='lat' dir='ltr'>cum</span> <span class='ocrx_word' id='word_1_145' title='bbox 729 1930 853 2009; x_wconf 88' lang='lat' dir='ltr'>quidem</span> <span class='ocrx_word' id='word_1_146' title='bbox 885 1931 1048 2011; x_wconf 88' lang='lat' dir='ltr'>plurimum</span> 
     </span>
     <span class='ocr_line' id='line_1_21' title="bbox 125 2013 1044 2110; baseline 0.001 -36"><span class='ocrx_word' id='word_1_147' title='bbox 125 2013 237 2074; x_wconf 83' lang='lat' dir='ltr'>referat</span> <span class='ocrx_word' id='word_1_148' title='bbox 258 2015 346 2110; x_wconf 80' lang='lat' dir='ltr'>scire,</span> <span class='ocrx_word' id='word_1_149' title='bbox 369 2033 430 2093; x_wconf 91' lang='lat' dir='ltr'>quo</span> <span class='ocrx_word' id='word_1_150' title='bbox 454 2021 594 2094; x_wconf 88' lang='lat' dir='ltr'>tempore</span> <span class='ocrx_word' id='word_1_151' title='bbox 616 2013 858 2095; x_wconf 89' lang='lat' dir='ltr'>unumquodque</span> <span class='ocrx_word' id='word_1_152' title='bbox 881 2015 918 2075; x_wconf 92' lang='lat' dir='ltr'>ab</span> <span class='ocrx_word' id='word_1_153' title='bbox 935 2021 1044 2075; x_wconf 87' lang='lat' dir='ltr'>autore</span> 
     </span>
     <span class='ocr_line' id='line_1_22' title="bbox 126 2096 1044 2242; baseline -0.002 -84"><span class='ocrx_word' id='word_1_154' title='bbox 126 2097 241 2158; x_wconf 87' lang='lat' dir='ltr'>editum</span> <span class='ocrx_word' id='word_1_155' title='bbox 264 2098 310 2157; x_wconf 88' lang='lat' dir='ltr'>sit.</span> <span class='ocrx_word' id='word_1_156' title='bbox 291 2097 430 2157; x_wconf 87' lang='lat' dir='ltr'>tNam</span> <span class='ocrx_word' id='word_1_157' title='bbox 455 2098 540 2157; x_wconf 92' lang='lat' dir='ltr'>multi</span> <span class='ocrx_word' id='word_1_158' title='bbox 519 2104 625 2157; x_wconf 93' lang='lat' dir='ltr'>tnon</span> <span class='ocrx_word' id='word_1_159' title='bbox 653 2096 884 2158; x_wconf 87' lang='lat' dir='ltr'>consideratat</span> <span class='ocrx_word' id='word_1_160' title='bbox 831 2106 1044 2242; x_wconf 86' lang='lat' dir='ltr'>atemporum</span> 
     </span>
     <span class='ocr_line' id='line_1_23' title="bbox 126 2178 1047 2262; baseline 0.002 -22"><span class='ocrx_word' id='word_1_161' title='bbox 126 2181 206 2240; x_wconf 87' lang='lat' dir='ltr'>serie</span> <span class='ocrx_word' id='word_1_162' title='bbox 221 2182 349 2260; x_wconf 90' lang='lat' dir='ltr'>turpiter</span> <span class='ocrx_word' id='word_1_163' title='bbox 369 2181 570 2254; x_wconf 74' lang='grc' dir='ltr'>ιΙιιίιιιιιιιι,</span> <span class='ocrx_word' id='word_1_164' title='bbox 595 2178 664 2239; x_wconf 91' lang='lat' dir='ltr'>dnm</span> <span class='ocrx_word' id='word_1_165' title='bbox 688 2187 849 2260; x_wconf 81' lang='lat' dir='ltr'>praetextu</span> <span class='ocrx_word' id='word_1_166' title='bbox 862 2183 1047 2262; x_wconf 90' lang='lat' dir='ltr'>scriptorum</span> 
     </span>
     <span class='ocr_line' id='line_1_24' title="bbox 125 2263 1048 2325; baseline 0.002 -3"><span class='ocrx_word' id='word_1_167' title='bbox 125 2263 248 2323; x_wconf 88' lang='lat' dir='ltr'>Lntheri</span> <span class='ocrx_word' id='word_1_168' title='bbox 273 2263 426 2324; x_wconf 84' lang='lat' dir='ltr'>Christum</span> <span class='ocrx_word' id='word_1_169' title='bbox 449 2263 599 2323; x_wconf 88' lang='lat' dir='ltr'>etBelial</span> <span class='ocrx_word' id='word_1_170' title='bbox 622 2263 788 2325; x_wconf 89' lang='lat' dir='ltr'>conciliare</span> <span class='ocrx_word' id='word_1_171' title='bbox 815 2264 947 2325; x_wconf 87' lang='lat' dir='ltr'>student.</span> <span class='ocrx_word' id='word_1_172' title='bbox 990 2263 1048 2324; x_wconf 88' lang='lat' dir='ltr'>Ne·</span> 
     </span>
     <span class='ocr_line' id='line_1_25' title="bbox 127 2347 1048 2427; baseline 0.002 -21"><span class='ocrx_word' id='word_1_173' title='bbox 127 2366 186 2427; x_wconf 91' lang='lat' dir='ltr'>que</span> <span class='ocrx_word' id='word_1_174' title='bbox 208 2366 282 2407; x_wconf 89' lang='lat' dir='ltr'>vero</span> <span class='ocrx_word' id='word_1_175' title='bbox 305 2348 411 2427; x_wconf 87' lang='lat' dir='ltr'>negari</span> <span class='ocrx_word' id='word_1_176' title='bbox 434 2352 547 2427; x_wconf 89' lang='lat' dir='ltr'>potest,</span> <span class='ocrx_word' id='word_1_177' title='bbox 569 2347 666 2407; x_wconf 86' lang='lat' dir='ltr'>virum</span> <span class='ocrx_word' id='word_1_178' title='bbox 678 2347 736 2407; x_wconf 91' lang='lat' dir='ltr'>Dei</span> <span class='ocrx_word' id='word_1_179' title='bbox 759 2348 813 2407; x_wconf 88' lang='lat' dir='ltr'>suh</span> <span class='ocrx_word' id='word_1_180' title='bbox 836 2349 953 2408; x_wconf 90' lang='lat' dir='ltr'>initium</span> <span class='ocrx_word' id='word_1_181' title='bbox 977 2367 1048 2408; x_wconf 92' lang='lat' dir='ltr'>con-</span> 
     </span>
     <span class='ocr_line' id='line_1_26' title="bbox 127 2429 1048 2512; baseline 0.001 -23"><span class='ocrx_word' id='word_1_182' title='bbox 127 2431 306 2508; x_wconf 87' lang='lat' dir='ltr'>troversiae,</span> <span class='ocrx_word' id='word_1_183' title='bbox 330 2449 398 2489; x_wconf 90' lang='lat' dir='ltr'>cum</span> <span class='ocrx_word' id='word_1_184' title='bbox 420 2429 520 2489; x_wconf 92' lang='lat' dir='ltr'>adhuc</span> <span class='ocrx_word' id='word_1_185' title='bbox 541 2429 707 2490; x_wconf 79' lang='lat' dir='ltr'>fascinatus</span> <span class='ocrx_word' id='word_1_186' title='bbox 730 2438 812 2491; x_wconf 89' lang='lat' dir='ltr'>esset</span> <span class='ocrx_word' id='word_1_187' title='bbox 830 2433 960 2512; x_wconf 87' lang='lat' dir='ltr'>receptis</span> <span class='ocrx_word' id='word_1_188' title='bbox 985 2432 1048 2511; x_wconf 91' lang='lat' dir='ltr'>opi-</span> 
     </span>
     <span class='ocr_line' id='line_1_27' title="bbox 127 2512 1048 2595; baseline 0.001 -22"><span class='ocrx_word' id='word_1_189' title='bbox 127 2513 270 2573; x_wconf 87' lang='lat' dir='ltr'>nionibus</span> <span class='ocrx_word' id='word_1_190' title='bbox 315 2521 346 2573; x_wconf 91' lang='grc' dir='ltr'>ιι</span> <span class='ocrx_word' id='word_1_191' title='bbox 381 2512 601 2573; x_wconf 89' lang='lat' dir='ltr'>monachorum</span> <span class='ocrx_word' id='word_1_192' title='bbox 636 2515 782 2574; x_wconf 88' lang='lat' dir='ltr'>exercitia</span> <span class='ocrx_word' id='word_1_193' title='bbox 820 2514 1048 2595; x_wconf 78' lang='lat' dir='ltr'>magnifaceret,</span> 
     </span>
     <span class='ocr_line' id='line_1_28' title="bbox 128 2595 1048 2678; baseline 0.001 -23"><span class='ocrx_word' id='word_1_194' title='bbox 128 2596 278 2677; x_wconf 90' lang='lat' dir='ltr'>quaedam</span> <span class='ocrx_word' id='word_1_195' title='bbox 305 2595 515 2676; x_wconf 84' lang='lat' dir='ltr'>imprudenter</span> <span class='ocrx_word' id='word_1_196' title='bbox 538 2597 697 2678; x_wconf 79' lang='lat' dir='ltr'>scripsisse</span> <span class='ocrx_word' id='word_1_197' title='bbox 720 2603 750 2657; x_wconf 90' lang='grc' dir='ltr'>ιι</span> <span class='ocrx_word' id='word_1_198' title='bbox 772 2596 954 2657; x_wconf 86' lang='lat' dir='ltr'>adversariis</span> <span class='ocrx_word' id='word_1_199' title='bbox 977 2615 1048 2657; x_wconf 92' lang='lat' dir='ltr'>con-</span> 
     </span>
     <span class='ocr_line' id='line_1_29' title="bbox 110 2700 971 2756; baseline -0.01 -15"><span class='ocrx_word' id='word_1_200' title='bbox 110 2700 267 2741; x_wconf 88' lang='lat' dir='ltr'>·cesssrse.</span> <span class='ocrx_word' id='word_1_201' title='bbox 969 2753 971 2756; x_wconf 9' lang='grc' dir='ltr'><em>Α</em></span> 
     </span>
    </p>

    <p class='ocr_par' dir='ltr' id='par_1_3' title="bbox 126 2763 1049 3344">
     <span class='ocr_line' id='line_1_30' title="bbox 208 2763 1048 2843; baseline -0.001 -20"><span class='ocrx_word' id='word_1_202' title='bbox 208 2763 247 2823; x_wconf 92' lang='lat' dir='ltr'>Hi</span> <span class='ocrx_word' id='word_1_203' title='bbox 277 2768 308 2822; x_wconf 93' lang='lat' dir='ltr'>et</span> <span class='ocrx_word' id='word_1_204' title='bbox 334 2764 448 2823; x_wconf 86' lang='lat' dir='ltr'>similes</span> <span class='ocrx_word' id='word_1_205' title='bbox 483 2765 586 2842; x_wconf 88' lang='lat' dir='ltr'>naevi,</span> <span class='ocrx_word' id='word_1_206' title='bbox 620 2763 729 2842; x_wconf 79' lang='lat' dir='ltr'>qcribus</span> <span class='ocrx_word' id='word_1_207' title='bbox 759 2764 872 2843; x_wconf 91' lang='lat' dir='ltr'>scripta</span> <span class='ocrx_word' id='word_1_208' title='bbox 900 2764 937 2824; x_wconf 91' lang='lat' dir='ltr'>D.</span> <span class='ocrx_word' id='word_1_209' title='bbox 960 2764 1048 2825; x_wconf 74' lang='lat' dir='ltr'>Mart..</span> 
     </span>
     <span class='ocr_line' id='line_1_31' title="bbox 126 2845 1047 2927; baseline -0.003 -18"><span class='ocrx_word' id='word_1_210' title='bbox 126 2846 249 2909; x_wconf 88' lang='lat' dir='ltr'>Lutheri</span> <span class='ocrx_word' id='word_1_211' title='bbox 280 2845 451 2907; x_wconf 87' lang='lat' dir='ltr'>deformata</span> <span class='ocrx_word' id='word_1_212' title='bbox 474 2854 575 2927; x_wconf 87' lang='lat' dir='ltr'>erant,</span> <span class='ocrx_word' id='word_1_213' title='bbox 599 2848 770 2908; x_wconf 85' lang='lat' dir='ltr'>excitarunt</span> <span class='ocrx_word' id='word_1_214' title='bbox 803 2848 883 2926; x_wconf 92' lang='lat' dir='ltr'>piam</span> <span class='ocrx_word' id='word_1_215' title='bbox 914 2853 1047 2907; x_wconf 86' lang='lat' dir='ltr'>mentem</span> 
     </span>
     <span class='ocr_line' id='line_1_32' title="bbox 126 2929 1048 3010; baseline 0 -20"><span class='ocrx_word' id='word_1_216' title='bbox 126 2929 324 2991; x_wconf 88' lang='lat' dir='ltr'>Illustrissimi</span> <span class='ocrx_word' id='word_1_217' title='bbox 346 2929 511 3010; x_wconf 86' lang='lat' dir='ltr'>Principis,</span> <span class='ocrx_word' id='word_1_218' title='bbox 542 2931 693 2991; x_wconf 85' lang='lat' dir='ltr'>Electoris</span> <span class='ocrx_word' id='word_1_219' title='bbox 717 2930 794 3007; x_wconf 87' lang='lat' dir='ltr'>nati,</span> <span class='ocrx_word' id='word_1_220' title='bbox 823 2929 965 2990; x_wconf 87' lang='lat' dir='ltr'>laudatae</span> <span class='ocrx_word' id='word_1_221' title='bbox 987 2950 1048 2990; x_wconf 88' lang='lat' dir='ltr'>me-</span> 
     </span>
     <span class='ocr_line' id='line_1_33' title="bbox 127 3012 1049 3093; baseline -0.002 -19"><span class='ocrx_word' id='word_1_222' title='bbox 127 3014 258 3090; x_wconf 80' lang='lat' dir='ltr'>moriae,</span> <span class='ocrx_word' id='word_1_223' title='bbox 293 3019 326 3073; x_wconf 93' lang='lat' dir='ltr'>ut</span> <span class='ocrx_word' id='word_1_224' title='bbox 354 3021 425 3093; x_wconf 89' lang='lat' dir='ltr'>post</span> <span class='ocrx_word' id='word_1_225' title='bbox 454 3013 588 3073; x_wconf 89' lang='lat' dir='ltr'>divinam</span> <span class='ocrx_word' id='word_1_226' title='bbox 616 3013 831 3073; x_wconf 88' lang='lat' dir='ltr'>liberationem</span> <span class='ocrx_word' id='word_1_227' title='bbox 864 3012 902 3073; x_wconf 91' lang='lat' dir='ltr'>de</span> <span class='ocrx_word' id='word_1_228' title='bbox 930 3013 987 3073; x_wconf 87' lang='lat' dir='ltr'>viis</span> <span class='ocrx_word' id='word_1_229' title='bbox 1012 3020 1049 3072; x_wconf 89' lang='grc' dir='ltr'>,ιι</span> 
     </span>
     <span class='ocr_line' id='line_1_34' title="bbox 126 3095 1049 3177; baseline -0.002 -20"><span class='ocrx_word' id='word_1_230' title='bbox 126 3095 294 3157; x_wconf 88' lang='lat' dir='ltr'>rationibus</span> <span class='ocrx_word' id='word_1_231' title='bbox 318 3099 483 3177; x_wconf 85' lang='lat' dir='ltr'>cogitaret,</span> <span class='ocrx_word' id='word_1_232' title='bbox 512 3097 620 3177; x_wconf 91' lang='lat' dir='ltr'>quibus</span> <span class='ocrx_word' id='word_1_233' title='bbox 644 3097 740 3156; x_wconf 86' lang='lat' dir='ltr'>sancti</span> <span class='ocrx_word' id='word_1_234' title='bbox 763 3097 817 3156; x_wconf 89' lang='lat' dir='ltr'>viri</span> <span class='ocrx_word' id='word_1_235' title='bbox 849 3104 1049 3158; x_wconf 87' lang='lat' dir='ltr'>monumenta</span> 
     </span>
     <span class='ocr_line' id='line_1_35' title="bbox 126 3179 1048 3261; baseline -0.001 -21"><span class='ocrx_word' id='word_1_236' title='bbox 126 3185 253 3261; x_wconf 89' lang='lat' dir='ltr'>propter</span> <span class='ocrx_word' id='word_1_237' title='bbox 274 3179 426 3261; x_wconf 89' lang='lat' dir='ltr'>publicam</span> <span class='ocrx_word' id='word_1_238' title='bbox 456 3181 607 3240; x_wconf 89' lang='lat' dir='ltr'>ecclesiae</span> <span class='ocrx_word' id='word_1_239' title='bbox 636 3180 797 3240; x_wconf 89' lang='lat' dir='ltr'>utilitatem</span> <span class='ocrx_word' id='word_1_240' title='bbox 825 3200 917 3260; x_wconf 87' lang='lat' dir='ltr'>pure,</span> <span class='ocrx_word' id='word_1_241' title='bbox 950 3180 1048 3239; x_wconf 93' lang='lat' dir='ltr'>incor-</span> 
     </span>
     <span class='ocr_line' id='line_1_36' title="bbox 127 3263 1048 3344; baseline -0.002 -20"><span class='ocrx_word' id='word_1_242' title='bbox 127 3271 230 3343; x_wconf 90' lang='lat' dir='ltr'>rupte,</span> <span class='ocrx_word' id='word_1_243' title='bbox 259 3265 393 3344; x_wconf 87' lang='lat' dir='ltr'>integre,</span> <span class='ocrx_word' id='word_1_244' title='bbox 429 3263 551 3342; x_wconf 90' lang='lat' dir='ltr'>ordine,</span> <span class='ocrx_word' id='word_1_245' title='bbox 583 3270 614 3324; x_wconf 91' lang='grc' dir='ltr'>ιι</span> <span class='ocrx_word' id='word_1_246' title='bbox 635 3264 701 3323; x_wconf 86' lang='lat' dir='ltr'>sine</span> <span class='ocrx_word' id='word_1_247' title='bbox 724 3263 792 3322; x_wconf 89' lang='lat' dir='ltr'>ullis</span> <span class='ocrx_word' id='word_1_248' title='bbox 817 3263 1048 3324; x_wconf 82' lang='lat' dir='ltr'>medicamentis</span> 
     </span>
    </p>
   </div>
   <div class='ocr_carea' id='block_1_3' title="bbox 126 3344 1048 3855">
    <p class='ocr_par' dir='ltr' id='par_1_4' title="bbox 126 3344 1048 3855">
     <span class='ocr_line' id='line_1_37' title="bbox 127 3344 1048 3428; baseline -0.002 -20"><span class='ocrx_word' id='word_1_249' title='bbox 127 3346 305 3425; x_wconf 86' lang='lat' dir='ltr'>ederentur,</span> <span class='ocrx_word' id='word_1_250' title='bbox 340 3355 371 3407; x_wconf 91' lang='lat' dir='ltr'>et</span> <span class='ocrx_word' id='word_1_251' title='bbox 397 3347 436 3407; x_wconf 91' lang='lat' dir='ltr'>ad</span> <span class='ocrx_word' id='word_1_252' title='bbox 465 3353 608 3428; x_wconf 86' lang='lat' dir='ltr'>posteros</span> <span class='ocrx_word' id='word_1_253' title='bbox 637 3347 757 3427; x_wconf 89' lang='lat' dir='ltr'>optima</span> <span class='ocrx_word' id='word_1_254' title='bbox 782 3344 843 3406; x_wconf 88' lang='lat' dir='ltr'>fide</span> <span class='ocrx_word' id='word_1_255' title='bbox 865 3347 1048 3407; x_wconf 85' lang='lat' dir='ltr'>transmitte·</span> 
     </span>
     <span class='ocr_line' id='line_1_38' title="bbox 126 3429 1048 3510; baseline -0.001 -21"><span class='ocrx_word' id='word_1_256' title='bbox 126 3434 239 3490; x_wconf 89' lang='lat' dir='ltr'>rentur.</span> <span class='ocrx_word' id='word_1_257' title='bbox 281 3430 388 3510; x_wconf 89' lang='lat' dir='ltr'>Itaque</span> <span class='ocrx_word' id='word_1_258' title='bbox 418 3452 455 3491; x_wconf 88' lang='lat' dir='ltr'>ex</span> <span class='ocrx_word' id='word_1_259' title='bbox 489 3432 589 3491; x_wconf 88' lang='lat' dir='ltr'>Dania</span> <span class='ocrx_word' id='word_1_260' title='bbox 620 3431 745 3492; x_wconf 90' lang='lat' dir='ltr'>vocavit</span> <span class='ocrx_word' id='word_1_261' title='bbox 775 3429 984 3489; x_wconf 81' lang='lat' dir='ltr'>venerandum</span> <span class='ocrx_word' id='word_1_262' title='bbox 1019 3438 1048 3488; x_wconf 91' lang='lat' dir='ltr'>et</span> 
     </span>
     <span class='ocr_line' id='line_1_39' title="bbox 127 3511 1047 3593; baseline -0.001 -21"><span class='ocrx_word' id='word_1_263' title='bbox 127 3511 268 3573; x_wconf 90' lang='lat' dir='ltr'>doctrina</span> <span class='ocrx_word' id='word_1_264' title='bbox 297 3522 503 3593; x_wconf 88' lang='lat' dir='ltr'>praestantem</span> <span class='ocrx_word' id='word_1_265' title='bbox 534 3515 647 3591; x_wconf 89' lang='lat' dir='ltr'>virum,</span> <span class='ocrx_word' id='word_1_266' title='bbox 680 3512 838 3573; x_wconf 91' lang='lat' dir='ltr'>dominum</span> <span class='ocrx_word' id='word_1_267' title='bbox 867 3520 897 3573; x_wconf 91' lang='lat' dir='ltr'>et</span> <span class='ocrx_word' id='word_1_268' title='bbox 924 3513 1047 3573; x_wconf 86' lang='lat' dir='ltr'>fratrem</span> 
     </span>
     <span class='ocr_line' id='line_1_40' title="bbox 128 3595 1048 3676; baseline -0.001 -21"><span class='ocrx_word' id='word_1_269' title='bbox 128 3615 230 3667; x_wconf 86' lang='lat' dir='ltr'>meum</span> <span class='ocrx_word' id='word_1_270' title='bbox 250 3598 280 3656; x_wconf 90' lang='lat' dir='ltr'>in</span> <span class='ocrx_word' id='word_1_271' title='bbox 294 3597 414 3657; x_wconf 82' lang='lat' dir='ltr'>Christo</span> <span class='ocrx_word' id='word_1_272' title='bbox 429 3599 618 3657; x_wconf 88' lang='lat' dir='ltr'>carissimum</span> <span class='ocrx_word' id='word_1_273' title='bbox 641 3596 679 3659; x_wconf 87' lang='lat' dir='ltr'>M.</span> <span class='ocrx_word' id='word_1_274' title='bbox 694 3595 861 3676; x_wconf 84' lang='lat' dir='ltr'>Georgium</span> <span class='ocrx_word' id='word_1_275' title='bbox 875 3596 1048 3671; x_wconf 89' lang='lat' dir='ltr'>Rorarium,</span> 
     </span>
     <span class='ocr_line' id='line_1_41' title="bbox 127 3677 1048 3761; baseline -0.002 -22"><span class='ocrx_word' id='word_1_276' title='bbox 127 3680 175 3740; x_wconf 91' lang='lat' dir='ltr'>cui</span> <span class='ocrx_word' id='word_1_277' title='bbox 196 3678 343 3740; x_wconf 88' lang='lat' dir='ltr'>Lutherus</span> <span class='ocrx_word' id='word_1_278' title='bbox 364 3681 430 3760; x_wconf 90' lang='lat' dir='ltr'>ipse</span> <span class='ocrx_word' id='word_1_279' title='bbox 452 3680 513 3741; x_wconf 91' lang='lat' dir='ltr'>hoc</span> <span class='ocrx_word' id='word_1_280' title='bbox 535 3681 650 3761; x_wconf 88' lang='lat' dir='ltr'>negotii</span> <span class='ocrx_word' id='word_1_281' title='bbox 674 3679 816 3750; x_wconf 89' lang='lat' dir='ltr'>dederat,</span> <span class='ocrx_word' id='word_1_282' title='bbox 839 3685 870 3738; x_wconf 88' lang='lat' dir='ltr'>et</span> <span class='ocrx_word' id='word_1_283' title='bbox 892 3677 1048 3739; x_wconf 82' lang='lat' dir='ltr'>officinam</span> 
     </span>
     <span class='ocr_line' id='line_1_42' title="bbox 127 3761 1048 3855; baseline -0.002 -31"><span class='ocrx_word' id='word_1_284' title='bbox 127 3764 381 3847; x_wconf 85' lang='lat' dir='ltr'>typographicam</span> <span class='ocrx_word' id='word_1_285' title='bbox 404 3764 502 3825; x_wconf 80' lang='lat' dir='ltr'>denae</span> <span class='ocrx_word' id='word_1_286' title='bbox 524 3764 663 3842; x_wconf 90' lang='lat' dir='ltr'>instituit,</span> <span class='ocrx_word' id='word_1_287' title='bbox 686 3769 719 3823; x_wconf 91' lang='lat' dir='ltr'>ut</span> <span class='ocrx_word' id='word_1_288' title='bbox 741 3781 849 3823; x_wconf 84' lang='lat' dir='ltr'>omnes</span> <span class='ocrx_word' id='word_1_289' title='bbox 873 3761 951 3855; x_wconf 63' lang='lat' dir='ltr'>libri,</span> <span class='ocrx_word' id='word_1_290' title='bbox 974 3781 1048 3843; x_wconf 90' lang='lat' dir='ltr'>quo·</span> 
     </span>
    </p>
   </div>
   <div class='ocr_carea' id='block_1_4' title="bbox 0 0 1183 4200">
    <p class='ocr_par' dir='ltr' id='par_1_5' title="bbox 0 0 1183 4200">
     <span class='ocr_line' id='line_1_43' title="bbox 0 0 1183 4200; baseline 0 0"><span class='ocrx_word' id='word_1_291' title='bbox 0 0 1183 4200; x_wconf 95' lang='lat' dir='ltr'> </span> 
     </span>
    </p>
   </div>
  </div>
 </body>
</html>
