2356 4200
348 303 384 359 as
403 305 505 358 crac
518 301 765 372 numenium
949 299 1013 368 ιιι

91 469 206 548 relicti,
230 489 290 550 quo
313 477 384 532 sunt
403 470 567 548 immundi,
599 469 651 549 qui
682 475 872 532 terrenorum
902 469 1013 534 affectu

93 551 166 613 fidei
187 554 350 632 puritatem
372 554 585 634 impedierunt.
1109 621 1110 624 ¹

177 633 305 709 Quod
281 655 307 695 ιι
328 655 419 698 nova
427 641 478 712 (ut
491 642 562 697 sunt
582 633 621 696 ad
633 634 766 697 distinct
746 641 845 696 tiones
860 636 1011 715 prompti)
1043 646 1054 659 ·

93 718 142 778 uei
164 718 421 797 aequivocatione
454 718 587 781 dixerint
622 737 691 778 esse
717 718 931 798 purgationem
963 716 1014 781 hic

92 799 192 878 idem,
222 800 305 880 quod
325 801 527 882 solutionem,
555 808 622 862 ιιιι
623 819 672 859 um
693 807 843 880 purgatae
865 799 1014 879 creantur,

94 901 162 943 cum
184 901 305 963 poenae
326 884 439 944 fuerint
457 850 587 964 solidae,
606 883 799 963 respondeo,
821 883 882 946 hoc
905 881 1013 944 eaden

92 964 240 1026 facilitate
261 968 431 1029 contemnit
431 987 482 1045 ιιι,
517 987 577 1046 qua
612 966 767 1046 probatur
818 963 908 1039 Quod
935 966 963 1026 ιι
983 969 1016 1026 ιι

93 1049 151 1143 ipsi
179 1051 437 1130 contempserint,
467 1050 527 1111 vim
555 1049 699 1111 vocabuli
727 1048 766 1115 ad
799 1048 1013 1129 purgatione·

94 1130 238 1190 vitiorum
254 1132 388 1211 extendi,
413 1139 459 1192 est
461 1153 479 1193 0
497 1153 581 1211 sane,
605 1151 666 1192 non
682 1131 847 1208 contendo,
864 1130 1014 1192 idtamerr
1129 1172 1135 1183 ι

94 1211 235 1274 effectum
259 1221 322 1291 ιιι,
359 1179 520 1295 ulrumque
547 1234 616 1277 esse
642 1214 777 1276 dubium
832 1213 906 1275 Ideo
928 1231 1014 1293 prae·

93 1301 219 1375 postera
240 1297 368 1358 alterum
391 1298 512 1383 illorum
535 1304 620 1360 tanta
641 1297 864 1359 certitudinem
880 1295 1014 1378 populor

93 1377 280 1474 dispersum,
304 1374 437 1440 maxime
459 1399 527 1441 curn
549 1400 608 1442 nec
629 1381 706 1441 ratio
733 1381 867 1441 nominis
889 1379 1011 1441 illorum

94 1461 264 1522 sententiae
288 1464 461 1525 conveniat.

113 1606 117 1613 ,
176 1543 282 1624 Sexto,
305 1545 396 1606 etad
418 1545 582 1607 hucvalet
608 1545 682 1606 illud
707 1545 848 1626 Gregorii
871 1544 941 1607 dist
963 1547 1013 1610 m.

92 1645 119 1686 a
142 1627 250 1706 qualis,
274 1628 323 1690 ubi
347 1647 408 1689 non
431 1648 549 1708 poenas
571 1627 802 1707 tantummodo,
831 1626 886 1688 sed
908 1627 1014 1708 culpae

91 1710 204 1772 remitti
226 1709 300 1771 dicit
319 1713 350 1770 in
372 1712 417 1772 fut
405 1718 489 1790 turo,
517 1712 634 1773 scilicet
656 1711 807 1789 veniales,
840 1718 874 1772 ut
900 1709 1014 1773 ibidem

93 1793 237 1888 exempla
265 1796 361 1872 ponit.
415 1795 459 1855 At
485 1795 624 1856 remissio
657 1794 768 1874 culpae
794 1810 858 1854 non
885 1791 1014 1854 liticine

91 1875 210 1954 gratiae
230 1875 400 1955 infusione,
428 1883 460 1939 ιι
480 1878 589 1940 horror
612 1884 692 1940 mort
693 1878 719 1938 is
741 1882 788 1940 est
810 1877 922 1938 sanctie
945 1894 1014 1960 pac-

92 1964 195 2019 catum
217 1959 348 2039 veniale,
371 1959 424 2022 sed
447 1979 509 2022 uon
532 1979 668 2042 parvum.

367 2163 582 2224 Conclusio
604 2161 732 2225 xvlll.
828 2230 831 2235 ,

173 2289 241 2350 Nee
262 2289 424 2370 probatum
446 2292 566 2352 videtur
599 2291 668 2352 ullis
688 2296 755 2351 <aut
775 2289 944 2351 rationibus
961 2295 1015 2350 ιιιι

91 2373 268 2452 scripturis,
303 2373 386 2452 quod
421 2382 492 2435 sunt
518 2381 606 2435 extra
635 2380 745 2434 statum
765 2373 864 2434 meriti
886 2391 941 2434 eeu
961 2391 1013 2434 au·

93 2454 214 2539 gendae
237 2457 382 2519 caritatis.

175 2537 244 2599 Hoc
276 2540 357 2600 enirn
384 2539 627 2601 robustissimum
661 2547 709 2602 est
738 2559 837 2602 meum
867 2540 1014 2602 adversus

91 2621 265 2715 appositam
288 2623 465 2700 opinionem
494 2630 723 2704 argumentum,
760 2623 843 2703 quod
872 2623 1015 2684 videlicet

93 2703 160 2763 sine
182 2723 220 2762 au
222 2706 346 2764 toritate
316 2705 503 2766 tdocetur.
548 2706 662 2768 Nostra
678 2715 781 2767 autem
798 2714 881 2767 certe
903 2705 954 2767 vel
977 2724 1014 2766 ea

92 2786 197 2845 nititur
225 2787 371 2848 autoritt
327 2794 405 2866 ιιιι,
441 2788 523 2867 quod
546 2791 613 2850 aine
646 2789 751 2850 addita
781 2791 880 2870 gratia
910 2787 1014 2850 nullut

92 2868 194 2928 timor
214 2869 351 2948 pellitur,
386 2889 476 2949 quem
512 2872 580 2932 sola
612 2860 748 2952 perfecta
785 2874 896 2933 caritas
931 2871 1013 2932 forae
1067 2928 1070 2933 .

93 2951 193 3011 mittit
221 2951 377 3013 Haect
323 2971 362 3012 au
364 2960 424 3013 tem
446 2955 603 3014 conclusio
625 2956 786 3035 praevenit
800 2960 1013 3035 argumentum

92 3052 214 3128 eorum,
237 3036 289 3114 qui
310 3034 448 3096 dicerent
471 3043 580 3096 contra
600 3057 664 3116 me,
693 3043 764 3097 sunt
792 3043 880 3098 extra
900 3043 1013 3098 etatum
1044 3059 1047 3065 ’

92 3117 181 3176 merit
181 3116 200 3192 ι,
224 3136 317 3196 quare
341 3128 401 3178 tren
417 3119 645 3199 praecedentes
668 3121 882 3181 conclusiones
903 3120 1011 3181 falsae.

173 3197 241 3279 Ego
264 3208 317 3261 aut
318 3220 377 3278 ern,
400 3209 433 3262 ut
455 3202 611 3298 cpInando
635 3211 665 3264 et
698 3203 901 3299 disputando,
936 3201 1012 3264 nihil

91 3282 277 3358 asserendo,
306 3285 384 3344 sicut
403 3287 505 3364 coepi,
529 3305 713 3365 prosequar,
748 3285 833 3364 dico,
856 3288 881 3346 si
904 3303 1013 3366 purga

91 3365 202 3425 terium
230 3329 328 3427 solum
359 3375 406 3429 est
436 3368 652 3444 solvendarum
681 3389 850 3512 poenatrum
879 3367 1013 3448 officina,

92 3454 125 3508 et
145 3449 267 3508 animae
296 3451 327 3508 in
350 3450 405 3511 illo
428 3457 499 3510 eunt
519 3471 575 3512 suo
598 3450 787 3536 affectu(ut
809 3471 867 3532 ego
889 3453 1008 3530 sentio)

91 3531 267 3592 immundae
289 3550 347 3591 nec
368 3532 408 3594 ab
429 3552 467 3594 eo
491 3535 565 3595 vitio
589 3543 773 3616 purgantur,
794 3533 882 3596 lieret
902 3553 1011 3616 purga·

92 3617 203 3675 terium
226 3613 306 3673 idern
330 3614 412 3692 quod
436 3616 589 3693 infernus,
618 3620 690 3697 quia
710 3618 845 3679 infernus
868 3626 930 3697 est,
959 3618 1010 3681 ubi

91 3715 194 3775 poena
224 3702 271 3756 est
298 3715 367 3756 cum
398 3698 488 3778 culpa
524 3706 675 3763 manente
724 3701 802 3762 At
794 3719 824 3760 in
852 3700 1011 3762 animabus

92 3781 259 3859 purgatorii
281 3786 327 3840 est
350 3779 449 3861 culpa,
471 3781 691 3844 scilicettimor
705 3801 885 3881 poenarum,
907 3790 939 3845 ct
960 3782 1010 3846 de·
