2356 4200
129 273 191 345 136
457 277 605 333 Sermones
623 275 734 331 Luthsri

130 448 343 527 reverendum,
366 447 421 510 sed
442 447 505 527 his,
539 449 590 527 qui
614 448 714 507 sciunt
735 465 804 507 sese
825 463 888 506 nou
909 441 1055 505 sufficere

132 532 369 593 sanctificationi
401 532 482 611 eius,
517 537 627 592 eontra
656 530 806 610 pollutum
842 535 873 589 et
905 527 966 587 vile
995 527 1053 607 liis,

131 617 184 695 qni
206 621 317 696 putant
338 634 373 676 se
392 613 470 675 illud
492 616 566 674 satis
589 611 806 673 sanctificasse.
849 609 939 672 Unde
966 629 1054 671 sano·

130 705 196 758 tum
219 697 369 760 Hebraeis
392 704 530 776 voeatur,
554 697 636 776 quod
659 703 833 776 separatum
854 700 910 773 est,
933 700 965 754 et
980 693 1053 755 Deo

130 780 192 842 soli
217 781 346 859 dicatur,
370 800 449 860 quae
470 781 622 859 separatio
644 778 679 839 fit
695 780 861 858 reciproce,
884 776 1053 838 seeundum

133 872 194 924 tres
223 864 399 944 praedictos
427 863 550 947 gradus.
594 863 759 942 Separatur
780 862 896 942 primo,
927 859 1052 939 quaudo

130 966 189 1008 nos
211 948 386 1027 aprofanis
408 965 597 1026 separamur,
620 945 731 1006 Christi
748 947 830 1006 enim
851 950 1002 1006 voeautur
1022 949 1054 1004 et

133 1031 241 1106 saneti,
264 1036 296 1090 et
317 1031 388 1090 iusti
409 1029 461 1089 filii
484 1029 559 1107 Dei,
587 1027 641 1088 sed
670 1028 749 1090 haee
775 1028 880 1089 omnia
908 1047 948 1087 ex
968 1026 1053 1105 Deo,

130 1113 310 1193 polluuntur
334 1121 437 1172 autem
472 1111 692 1189 haecomnia,
722 1113 749 1171 si
771 1111 896 1192 indigne
916 1109 976 1170 illis
999 1129 1053 1170 no·

131 1195 265 1256 minibus
292 1196 431 1255 vivimus.
475 1194 617 1255 Secundo
651 1214 845 1274 separamur,
881 1191 1006 1271 quando
1033 1211 1054 1253 a

132 1278 221 1338 uobis
243 1285 382 1358 negatur,
404 1296 442 1338 aa
469 1277 598 1339 desolo
622 1278 688 1339 Deo
719 1297 775 1357 per
803 1276 947 1336 humilem
979 1293 1052 1336 eou-

130 1360 298 1421 sessionem
320 1360 497 1421 affirmatur.
540 1360 597 1420 Est
618 1362 700 1420 enim
722 1379 836 1421 nomen
855 1359 923 1437 Dei,
944 1360 1053 1438 iustus,

130 1443 240 1521 bouus,
263 1462 374 1521 verax,
404 1444 538 1523 sapiens.
580 1443 666 1503 Haeo
688 1444 792 1503 omnia
813 1443 838 1502 si
861 1442 950 1503 nobis
971 1441 1052 1502 atiir-

130 1545 264 1604 mamns,
293 1526 471 1606 polluimus,
501 1544 539 1586 ao
566 1527 611 1586 sie
640 1527 739 1605 prima
769 1525 965 1605 separatione
995 1543 1052 1585 nos

129 1606 344 1687 iustitieamur,
379 1607 516 1669 seeundo
542 1628 646 1668 rursus
678 1608 828 1669 efficimur
854 1613 1052 1688 peeoatores,

130 1691 202 1769 quia
222 1710 279 1771 per
300 1693 430 1771 primam
454 1691 608 1768 disoimns,
630 1691 703 1770 quid
727 1693 820 1752 simus
842 1710 882 1752 ex
902 1691 951 1750 his
973 1696 1053 1770 quae

130 1792 243 1851 sumus,
266 1792 304 1833 ae
332 1775 410 1834 siin
432 1773 569 1834 seeundo
590 1774 678 1834 uobis
701 1780 848 1852 nostrum,
872 1773 939 1834 Deo
962 1792 1051 1833 sunm

129 1855 297 1918 tribuimus.
340 1856 426 1917 Siout
458 1857 541 1917 enim
573 1858 671 1935 prima
699 1856 945 1917 sanctificatione
977 1875 1051 1935 pau·

128 1957 218 2017 peres
242 1937 392 1999 efficimur
412 1941 443 1999 iu
466 1941 601 2000 externis
623 1939 725 2015 rebus,
747 1941 791 1999 ita
808 1938 946 2000 seeundo
963 1957 1052 1999 eane

129 2020 298 2081 tifieatione
327 2023 359 2081 in
388 2023 533 2098 internis,
563 2022 672 2100 quibus
704 2029 787 2083 reete
818 2021 961 2102 perfeetis
991 2021 1052 2081 nisi

131 2103 225 2164 homo
248 2105 371 2183 penitus
395 2104 525 2164 mundus
548 2106 597 2184 sit,
620 2106 681 2164 iam
699 2107 790 2166 tertia
805 2103 1052 2165 sanctificatione

130 2205 242 2246 nomen
271 2186 329 2247 Dei
358 2186 583 2265 sanctificaret,
619 2189 692 2268 quia
720 2208 796 2267 prae
826 2187 999 2247 humilitate
1021 2193 1053 2247 et

129 2268 247 2328 vilitate
270 2288 326 2330 sua
348 2289 410 2330 uon
432 2269 525 2330 audet
552 2272 721 2332 nominare.
764 2270 868 2331 Tertio
898 2289 972 2350 ergo
1003 2289 1050 2330 se-

128 2357 253 2431 paratur
279 2352 318 2413 ab
342 2352 500 2412 immundo
532 2373 587 2412 usu
615 2360 647 2414 et
672 2354 850 2414 irreverenti
879 2353 980 2430 eultu,
1019 2358 1051 2413 et

127 2433 178 2495 hie
199 2440 248 2493 est
268 2454 417 2496 summum
441 2435 595 2495 fastidium
616 2435 715 2496 enltus
727 2437 794 2515 Dei,
817 2436 935 2496 scilieet
958 2437 1052 2497 timor

129 2523 261 2577 sanetus.
860 2554 863 2571 .

210 2597 423 2660 corollarium.
466 2600 585 2679 Hisqui
603 2602 719 2662 suntin
741 2601 839 2682 gradu
860 2602 960 2682 primo
983 2620 1048 2663 uon

129 2687 176 2741 est
204 2687 342 2742 sanetum
365 2701 423 2741 neo
445 2683 592 2760 terribile,
625 2685 815 2745 insecundo
844 2691 891 2745 est
924 2682 1050 2763 quidem

128 2770 265 2824 sanatum
288 2770 430 2844 respeotu
451 2767 539 2844 primi
562 2766 691 2846 gradus,
720 2767 773 2827 sed
805 2767 942 2827 nondum
964 2769 1049 2828 terri·

129 2845 200 2924 bile,
223 2865 261 2906 ao
281 2866 337 2926 per
357 2848 418 2907 hoa
440 2867 500 2908 nee
521 2855 584 2908 tum
607 2857 745 2910 sanatum
768 2850 920 2928 perfecte,
941 2850 973 2909 in
990 2858 1049 2910 ter·

128 2929 171 2989 tio
194 2935 296 2989 autem
321 2935 368 2990 est
388 2950 461 2990 vere
483 2938 638 3009 sanetum,
668 2934 739 3011 quia
760 2932 895 2993 terribile
916 2939 947 2992 et
969 2952 1049 2992 sum-

128 3030 177 3071 me
200 3011 385 3075 venerabile.
428 3013 546 3074 Primus
567 3013 680 3094 gradem
698 3022 745 3076 est
761 3017 980 3095 incipientium,
1002 3035 1049 3076 sa

128 3094 246 3154 enudus
257 3094 493 3174 proficientium,
509 3098 615 3157 tertius
630 3098 851 3176 perfectorum3
872 3118 942 3158 nam
958 3098 1048 3177 primi

126 3175 319 3237 sanctificant
339 3186 481 3256 respectu
509 3186 656 3239 externae
681 3181 840 3258 vanitatis,
874 3179 928 3240 sed
960 3181 1048 3259 peius

128 3258 271 3336 polluunt
291 3260 412 3321 interna
433 3261 619 3340 profanitate
640 3262 696 3323 sibi
716 3263 868 3343 plaeendo
884 3265 915 3322 in
938 3264 1048 3323 saneti·

124 3347 187 3401 tate
218 3349 339 3421 eoepta.
382 3343 456 3403 ldeo
491 3343 531 3404 da
563 3343 624 3403 illis
652 3347 777 3424 proprie
805 3346 928 3424 dieitur,
962 3345 1047 3424 quod

124 3441 186 3483 non
209 3431 257 3484 ost
279 3425 370 3485 timor
391 3427 448 3485 Dei
479 3433 551 3487 ante
579 3427 687 3488 oeulos
717 3448 839 3506 eorum,
871 3435 903 3489 et
932 3447 1046 3489 nomen

125 3505 184 3566 Dei
205 3526 261 3586 per
283 3526 338 3568 eos
360 3508 608 3588 blasphematur,
630 3511 700 3569 dum
723 3512 781 3572 sibi
803 3511 878 3571 illud
901 3510 1047 3572 tribuunt.

125 3587 200 3649 Ideo
233 3591 313 3650 tertii
341 3591 401 3651 iam
429 3592 521 3651 etiam
544 3612 563 3653 a
585 3612 619 3653 se
642 3595 765 3673 repulso
788 3595 914 3655 uomina
935 3594 992 3654 Dei
1014 3595 1046 3654 in

126 3671 196 3731 sola
225 3691 282 3732 sua
307 3672 426 3734 vilitate
459 3681 490 3735 et
520 3675 689 3736 nihileitate
710 3676 768 3738 Dei
790 3696 904 3738 nomeu
927 3684 1049 3757 ponunt

120 3771 161 3812 ao
177 3760 373 3837 reverentur,
401 3764 553 3839 negantes
575 3777 610 3820 se
630 3761 747 3840 iustos,
774 3760 894 3840 bonos,
926 3761 1046 3840 sapien-
