2356 4200
130 268 193 337 46ss
267 296 270 301 ·
467 270 594 339 Epistola
613 269 724 325 Esseni

132 463 228 519 num,
241 462 303 504 non
326 443 456 503 salutem
478 442 658 505 animarum.
688 439 757 514 Quo
780 441 911 502 invisius
925 447 973 501 est
991 440 1056 502 hoe

132 546 240 588 reseos
264 544 377 587 nomen
399 524 523 586 auribus
546 524 741 600 Christianis,
772 523 835 584 hoo
856 525 958 583 minus
982 542 1057 584 eom·

134 609 316 671 mittendum
342 615 398 683 est,
421 613 454 667 nt
474 615 591 668 temere
613 608 841 685 inquemquam
864 607 1057 687 impingatur.

134 693 204 755 Non
228 695 331 753 statim
355 692 453 770 quivis
476 709 562 751 error
582 689 720 751 haeresis
744 698 809 767 est,
839 708 945 769 neque
970 691 1057 769 proii-

133 796 192 839 nus
213 776 401 836 haereticum
424 780 481 849 est,
504 772 651 853 quidquid
672 773 745 833 huic
767 780 822 834 aut
841 773 887 834 illi
910 772 1057 853 displicet.

133 860 242 938 Neque
264 878 386 939 semper
407 854 478 917 fidei
501 857 661 937 negotium
681 864 788 935 agunt,
812 859 865 936 qui
878 864 1060 936 praetexunt

134 942 312 1004 huiusmodi
341 941 521 1021 splendidos
556 939 672 1001 titulos.
701 939 768 1000 Imo
805 941 948 1020 plerique
975 959 1058 1001 suum

135 1032 231 1107 agunt
252 1026 430 1106 negotium,
453 1023 503 1084 vel
526 1024 665 1101 quaestui
688 1041 744 1082 suo
768 1024 987 1102 consulentes,
1013 1024 1060 1084 vel

134 1109 301 1190 tyrannidi,
324 1127 416 1187 quum
433 1107 463 1181 ¹)
486 1106 648 1186 praecipiti
664 1105 813 1166 ‘laedendi
842 1107 948 1168 studio
971 1126 1059 1188 saepe

136 1193 336 1253 criminentur
355 1192 387 1251 in
409 1189 480 1268 alio,
503 1189 588 1269 quod
609 1189 668 1268 ipsi
684 1189 775 1250 domi
797 1190 944 1270 probant.

218 1275 359 1353 Denique
372 1292 440 1332 cum
453 1279 500 1333 tot
522 1273 583 1333 sint
603 1278 725 1333 veteres
748 1293 785 1334 ac
808 1276 964 1335 neoterici
975 1276 1059 1354 scrip

136 1366 228 1440 tores,
250 1377 308 1418 nec
329 1357 437 1417 horum
452 1357 613 1436 quisquam
635 1356 737 1417 adhuc
757 1357 934 1437 repertum)
962 1361 1012 1436 eit,
1031 1360 1058 1419 in

135 1442 220 1502 cuius
242 1441 327 1502 libris
356 1458 419 1500 non
443 1440 596 1500 fateantur
628 1440 731 1499 inesse
760 1437 957 1520 periculosos
980 1461 1057 1504 erro

134 1543 195 1602 res,
219 1544 272 1586 cur
292 1524 429 1602 reliquos
452 1523 537 1583 taciti
557 1521 735 1601 placatique
749 1522 892 1604 legimus,
914 1526 946 1584 in
969 1545 1057 1586 unum

134 1615 189 1669 aut
209 1608 338 1668 alterum
360 1613 422 1666 tam
445 1606 591 1666 atrociter
611 1606 786 1666 saevimus?
815 1606 847 1668 Si
868 1610 994 1669 veritati
1014 1627 1059 1690 pa·

135 1693 338 1765 trocinamur‚
367 1708 420 1751 cur
441 1708 504 1749 non
528 1708 567 1748 ex
589 1706 690 1767 aequo
713 1688 861 1768 offendit,
875 1690 1059 1772 ,ubicunque

135 1775 300 1854 reperitur,
337 1771 420 1852 quod
443 1772 564 1832 veritati
585 1773 766 1852 repugnat?
788 1773 998 1835 Sanctissimis
1016 1793 1059 1835 ros

137 1864 200 1935 cst,
228 1855 300 1916 fidei
328 1855 548 1936 religionisque
571 1855 777 1916 sinceritatem
800 1857 899 1934 tueri,
922 1857 980 1918 sed
1003 1877 1060 1919 sce

134 1940 321 2001 loratissima
341 1958 390 2000 res
413 1944 469 2013 est,
491 1941 654 2016 praetextu
680 1938 895 2000 defendendae
916 1939 992 2002 fidei
1014 1959 1060 2001 no·

137 2025 206 2084 stris
230 2024 344 2083 servire
367 2019 591 2100 cupiditatibus.
615 2020 646 2081 Si
659 2021 806 2100 quidquid
828 2023 861 2082 in
884 2023 1004 2086 scholis
1019 2042 1059 2084 re·

138 2113 260 2185 ceptum
285 2114 347 2181 est,
380 2102 667 2170 oraculum-haberi
688 2105 811 2185 volunt,
841 2124 897 2166 cur
924 2108 1008 2168 inter
1032 2126 1060 2167 se

139 2189 265 2251 scholae
288 2186 499 2248 dissentiunt?
528 2205 581 2246 cur
597 2186 785 2277 ,scholastici
818 2188 970 2251 doctores
989 2191 1062 2252 inter

138 2291 208 2334 sese
230 2276 369 2352 pugnant
395 2289 432 2329 ac
453 2269 684 2349 digladiantur?
709 2271 790 2351 lmo,
812 2290 867 2332 cur
894 2273 927 2333 in
959 2273 1060 2334 eedem

122 2354 281 2416 'Serbona
303 2353 467 2432 theologus
490 2372 510 2415 a
531 2352 679 2434 theologo
702 2354 864 2415 dissentit?
896 2357 980 2433 lmo,
1002 2375 1061 2437 per·

138 2457 256 2519 paucos
278 2437 430 2517 reperias,
459 2436 510 2513 qui
533 2438 746 2515 consentiant,
770 2438 827 2498 nisi
847 2441 1062 2518 conspirarint

140 2521 190 2582 Ad
212 2522 290 2581 hoec
313 2538 376 2579 non
410 2537 480 2578 raro
505 2518 773 2598 deprehenduntur
795 2521 946 2582 damnare
968 2524 1000 2582 in
1023 2541 1062 2582 re·

140 2606 274 2666 centium
315 2602 422 2679 libris,
460 2600 544 2679 quod
576 2603 607 2662 in
637 2602 809 2683 Augustino
842 2611 896 2664 aut
924 2604 1062 2666 Gereone

72 2704 74 2708 ’
140 2708 204 2750 non
234 2687 395 2760 damnant,
433 2685 520 2763 quasi
546 2686 659 2745 veritas
688 2705 755 2746 cum
785 2692 895 2747 autore
922 2695 1062 2750 mutetur.

63 2812 65 2817 .
139 2771 215 2844 Eos,
238 2770 346 2850 quibus
368 2768 482 2845 fovent,
505 2769 549 2827 sic
572 2768 688 2849 legunt,
709 2775 743 2829 ut
759 2771 864 2829 omnia
885 2776 1063 2850 torquentes

140 2853 216 2913 nihil
237 2872 300 2912 non
324 2856 490 2925 excusent,
514 2851 624 2930 quibus
647 2851 757 2912 infensi
779 2858 858 2929 sunt,
881 2854 928 2913 sic
951 2854 1063 2936 legunt

142 2940 176 2994 ut
197 2934 273 2994 nihil
295 2954 357 2995 non
381 2934 610 2995 calumnientur.

225 3015 349 3097 Optima
366 3016 580 3077 christianismi
603 3037 673 3096 pars
696 3023 743 3078 est
755 3017 817 3077 vita
824 3016 949 3079 Christo
967 3018 1064 3100 digus.

142 3096 229 3174 Quae
252 3120 317 3160 sum
343 3101 486 3179 suppetit,
509 3119 571 3160 non
583 3100 677 3161 debet
698 3119 768 3162 esse
788 3091 887 3159 facssis
898 3101 1065 3162 haereseos

141 3185 286 3264 suspicio.
307 3182 397 3243 Nunc
418 3181 541 3262 quidem
562 3202 646 3244 nova
666 3182 943 3244 comminiscuntur
964 3183 1066 3245 funde

141 3277 254 3339 menta,
278 3267 322 3326 sic
344 3267 424 3325 enim
446 3271 583 3344 vocant,
601 3266 664 3327 hoc
685 3271 741 3341 est,
764 3284 862 3325 novas
885 3266 976 3347 leges
999 3286 1066 3328 con·

141 3347 234 3428 dunt,
250 3367 306 3428 per
327 3367 403 3427 quas
425 3347 552 3426 docent,
590 3350 777 3410 haereticum
800 3367 891 3424 esse,
921 3348 1067 3430 quidquid

141 3452 205 3495 non
241 3432 353 3512 placet.
389 3429 533 3511 Quisquis
569 3432 697 3492 alterum
728 3432 896 3492 haereseos
933 3441 1068 3508 monem

140 3515 209 3596 ipse
230 3520 388 3594 praestare
411 3513 503 3574 dehet
525 3534 627 3576 mores
649 3515 824 3576 Christiano
847 3513 973 3595 dignos,
996 3518 1067 3577 cari·

142 3650 351 3663 *ο-

215 3707 242 3769 1)
263 3703 446 3757 lned..1en.:
486 3705 553 3771 quin
578 3731 612 3742 ·-
632 3701 823 3756 criminantur.
879 3701 913 3770 2)
943 3706 977 3759 In
1007 3705 1070 3759 edit

141 3777 241 3846 princ:
261 3780 397 3846 receptus.
