2356 4200
123 252 187 321 32)
223 254 264 309 De
284 254 370 325 digna
386 269 482 323 praep.
500 254 602 315 cordia.
613 268 665 323 pm
680 255 789 329 serap.
809 269 882 311 seer.
902 256 1014 310 aurbu.

207 422 259 485 Sin
280 422 314 489 B.
336 421 543 501 Bsrnherdua
564 440 636 487 eum
658 422 1048 504 aliqnando-franenta

125 507 213 569 beret
233 506 323 567 nimis
347 504 485 571 timidum
507 514 540 567 et
558 507 792 587 sompulosum,
820 508 867 579 ite
897 514 933 569 ut
947 507 1051 579 ‚noua

125 588 297 668 eelebmra-
313 589 358 651 ait
377 588 419 649 ud
439 608 525 649 eum:
567 590 666 668 Vade,
690 591 732 653 mi
746 590 909 670 irater‚.et
926 590 1050 663 watra

125 673 156 733 in
177 670 239 733 tide
261 688 341 733 mea.
382 668 445 735 Ivit
464 671 518 733 ille
539 673 709 751 obediens,
736 680 769 735 et
788 681 920 737 mnatre
942 672 1049 749 estut

126 757 209 816 omui
231 754 380 835 languore
403 756 612 817 eonscientiae
634 775 719 817 suae.
855 816 859 825 ,
891 816 894 821 ,
980 804 984 813 .

138 892 141 897 .
171 884 174 889 .
209 837 297 899 Haeo
316 838 421 916 itaque
440 837 618 916 interdixi,
640 840 713 920 quie
729 846 925 920 eompertum
937 838 1050 919 hbeo,

126 919 293 982 multorum
327 922 581 983 nonnionetornm
618 921 784 987 terroribus
822 941 863 983 eo
906 922 1054 993 reduetus,

126 1001 367 1065 Christianorum
389 1005 605 1087 nonseientias,
627 1011 660 1067 ut
675 1004 733 1067 sibi
750 1024 790 1066 er
801 1004 1051 1071 christoilum

125 1087 271 1163 tenerint,
304 1105 344 1147 ex
371 1087 469 1166 gratia
495 1086 615 1168 legero,
643 1106 684 1151 ex
714 1087 854 1149 remedio
879 1108 1049 1169 uenenum,

126 1167 198 1231 dum
226 1168 378 1229 Christum
406 1168 486 1230 falso
513 1172 721 1251 imaginantur
746 1178 937 1233 exactorem
952 1172 1052 1253 magia

126 1271 217 1331 quarn
227 1252 418 1331 largitorem,
439 1250 571 1317 ultorem
585 1256 786 1335 magisquam
800 1254 1054 1334 propitiatorem,-

126 1341 158 1396 et
178 1336 209 1395 in
231 1354 360 1413 summe,
382 1333 610 1414 damnatorem,
632 1356 696 1398 non
717 1336 927 1416 salvatorem,
951 1336 1050 1401 ira-at

124 1420 187 1481 ium
207 1435 267 1479 nen
286 1418 420 1487 nominis
448 1419 510 1497 sui,
541 1418 622 1498 quod
652 1425 702 1481 est
720 1420 812 1481 Jesus
833 1418 984 1483 chusan.
1004 1418 1050 1499 (in

125 1507 184 1578 est,
205 1500 347 1561 suinterir
367 1508 400 1561 et
420 1506 566 1582 unates),
587 1502 687 1582 gloria
708 1503 749 1564 sit
769 1504 801 1563 in
823 1501 979 1573 sordibus,
995 1520 1047 1573 ne

13 1636 17 1649 .
125 1584 205 1662 stris,
226 1583 287 1643 nisi
307 1581 398 1647 nudis
417 1582 555 1663 syllabis.
584 1584 655 1647 Non
677 1586 769 1667 igitur
787 1584 936 1652 omnibus
959 1604 1047 1667 opot-

126 1673 171 1727 tet
193 1664 344 1727 terribiles
369 1665 474 1727 iudieii
502 1668 601 1729 minas
630 1669 799 1747 intentare,
825 1667 885 1729 sed
911 1667 1001 1735 duria
1019 1672 1047 1729 et

125 1750 309 1825 insensatis,
342 1749 468 1829 trepidis
491 1769 564 1812 vero
586 1751 890 1831 atqueeerupolosis
912 1750 1046 1815 leviores

125 1832 356 1895 nnserimrdiae
376 1833 597 1912 promissiones
618 1840 694 1896 sunt
716 1832 943 1914 deelaraudue,
959 1835 1046 1915 -qnia
1061 1888 1068 1899 .

125 1916 188 1977 aiia
201 1915 362 1977 medisina
380 1915 450 1976 eliis
472 1916 587 1979 morbis
609 1919 764 1979 eonvenit.
923 1918 927 1923 '

161 2034 169 2039 -
206 1996 343 2075 Oetam,
374 2016 434 2059 neo
459 1998 536 2059 iilud
564 2000 878 2080 omittendum„imo
908 2002 1045 2063 maxim

126 2081 308 2159 durandum,
336 2087 369 2141 ut
390 2084 538 2143 memoria
558 2084 714 2163 passionis
735 2082 848 2147 Christi
870 2101 940 2149 non
960 2084 1046 2149 wit

125 2171 214 2225 tatur.
257 2163 343 2238 Quid.
360 2165 443 2225 enim
464 2165 599 2245 prodest,
621 2167 647 2225 si
670 2165 762 2248 digne
782 2167 997 2246 praepareris,
1017 2171 1047 2227 et

126 2265 190 2309 non
209 2246 340 2326 impleas
363 2246 412 2324 id,
441 2248 481 2308 ad
503 2248 587 2329 quod
614 2246 683 2332 te¹)
717 2249 917 2329 praeparasti.
969 2248 1045 2311 Nam

37 2382 41 2391 ,
124 2333 284 2411 praesepit
296 2330 448 2391 Dominus
468 2331 499 2391 id
522 2338 746 2393 sacramentnm
769 2332 914 2393 nonnisi
938 2332 972 2393 in
987 2350 1045 2394 me-

125 2414 254 2475 moriam
275 2415 324 2473 sui
345 2413 502 2475 celebrari.
530 2413 605 2477 ldeo
628 2413 832 2478 omittendum
852 2422 911 2493 est„
934 2415 965 2475 si
987 2434 1044 2477 me

126 2497 256 2559 moriem
277 2497 344 2556 eius
364 2497 507 2557 onnittere
528 2498 625 2571 votes.
668 2497 720 2560 Sin
739 2498 833 2559 dixit:
869 2496 963 2559 Heee
975 2516 1045 2580 quo·

101 2581 305 2658 ’tieseunque
333 2579 480 2657 sederitis,
508 2581 538 2640 in
571 2581 631 2641 mei
654 2581 831 2643 memoriam
853 2579 997 2660 facietis,
1016 2588 1046 2643 et

124 2662 295 2737 Penius*):
317 2661 568 2742 Quotiescunque
590 2663 814 2725 manducabitis
827 2672 945 2742 pan'em
967 2664 1045 2727 hune

125 2753 158 2806 et
185 2744 314 2807 ealieem
341 2744 461 2823 bibetis,
492 2754 623 2807 mortem
651 2747 776 2809 Domini
806 2747 1045 2823 annunaiabitis,

125 2827 227 2889 donee
247 2830 360 2890 veniat.
402 2827 481 2891 lnde
497 2831 580 2891 enim
601 2830 708 2891 stat'uit
729 2829 873 2907 adelesia,
895 2837 932 2890 ut
954 2831 1047 2893 mira

124 2912 193 2971 sine
212 2911 375 2991 evangelio
398 2930 463 2973 non
484 2913 613 2993 tegetur.
654 2912 741 2974 Haeo
769 2913 923 2973 memorie
945 2923 1046 2975 autem

125 2994 223 3055 atium-
239 2995 367 3073 requirit
387 3014 581 3073 sermonem,
607 2997 681 3075 quia
707 3014 771 3057 non
800 2995 903 3057 minus
925 3003 962 3059 et
983 2998 1048 3078 ipra

123 3078 157 3141 in
177 3079 411 3157 superstitiones
433 3084 466 3139 et
485 3078 636 3139 literalem
656 3079 846 3159 hypocrisin.
859 3078 947 3159 apud
975 3078 1048 3143 mul·

124 3169 173 3221 tos
195 3180 294 3242 verae,
315 3179 408 3240 quam
422 3161 570 3242 pleraque
581 3162 643 3223 alia
655 3161 864 3225 amatissima
876 3162 938 3225 Dei
952 3162 1047 3229 dona

177 3445 207 3505 1)
225 3442 257 3495 iu
276 3440 318 3493 ed.
338 3440 436 3509 ptine:
454 3438 485 3491 in
503 3442 538 3492 te.

178 3515 208 3584 ⁸)
232 3511 338 3568 acor.
360 3512 402 3567 u.
