2356 4200
341 349 345 355 ,
468 305 499 346 ut
517 289 590 346 1616
605 289 704 345 utera
987 286 1053 355 ³³99

139 456 229 525 Deum
243 459 276 519 iu
288 459 433 521 omnibus
447 460 547 521 solum
559 480 628 522 esee
641 480 797 542 maguum.
823 458 965 539 Primum,
978 462 1051 540 quie

137 539 490 624 triumvirginomesie
501 550 725 626 praegnantem
734 543 1049 622 nuilopotuitiudieie

136 631 256 687 externe
271 627 372 706 noeei,
389 640 460 687 eum
471 628 524 688 vie
541 627 653 688 fuerint
668 635 741 689 oete
758 626 824 689 diee
837 628 1049 688 annunciatio·

133 709 173 767 uie
190 708 303 789 eiepei.
323 710 404 783 liam
427 712 530 771 stetim
551 711 627 772 abiit
643 711 675 771 in
694 717 842 772 montane
858 716 931 789 poet
947 712 1051 792 eugeii

132 788 308 870 demeum,
327 793 410 854 uude
427 793 564 855 ueedum·
578 800 686 854 venter
696 795 848 872 intumuit,
872 811 931 852 nee
945 812 1050 854 rumor

130 871 212 935 iuius
219 876 327 938 exivit
347 876 586 938 Ideo‘mireluee
594 877 777 957 periusaeet
784 874 953 955 Elisabeth,
965 876 1048 956 quod

131 955 201 1018 vidit
212 976 284 1019 eem
295 960 467 1021 noueelum
480 979 550 1021 esee
563 966 795 1041 praegnantem,
810 959 865 1020 eod
878 966 910 1018 et
919 966 1048 1020 matrem

129 1038 191 1103 Dei
207 1038 371 1104 liunbeth
378 1043 605 1124 interpretetur,
613 1045 700 1123 quiee
708 1043 918 1123 Domini-imo
928 1043 1049 1121 requies

129 1121 261 1204 Domini,
279 1127 355 1204 quie
366 1127 618 1207 spiritueDomini
631 1127 797 1205 requiescit
807 1145 900 1205 super
913 1125 1049 1203 quietum

129 1212 159 1266 et
175 1205 341 1270 immilem.⁴
367 1208 420 1271 iiis.
443 1213 492 1275 66.
523 1209 599 1270 ideo
627 1217 660 1270 et
685 1209 837 1270 illuminet
857 1210 990 1288 quietos,
1012 1224 1050 1267 ee

129 1289 227 1353 erudit
255 1292 421 1372 incognite·
443 1293 563 1354 eeterie.
607 1293 704 1353 Beata
725 1291 820 1372 Virgo
849 1300 952 1352 autem
972 1289 1051 1350 vidit
1108 1334 1112 1339 -

129 1371 224 1434 Deum
245 1375 279 1435 in
298 1375 451 1454 omuibus,
467 1395 536 1436 uon
559 1376 668 1436 haeret
684 1377 714 1435 iu
733 1375 798 1435 ulle
813 1381 962 1453 ereeture,
983 1392 1048 1434 om·

128 1456 175 1517 uia
195 1458 229 1519 iu
241 1456 345 1519 Deum
365 1459 468 1523 refert.
497 1459 654 1538 Siquidem
673 1477 736 1519 nou
756 1456 1049 1538 magnifieetDomi·

128 1556 205 1619 uum,
223 1542 285 1602 uisi
298 1543 374 1620 quie
388 1561 422 1603 ee
438 1548 470 1603 et
486 1543 591 1603 omnie
607 1541 777 1620 nihilfecit,
793 1541 855 1602 hoe
870 1548 1048 1601 autemnon

128 1621 206 1702 feeit,
227 1625 291 1685 uiti
316 1625 366 1684 eui
381 1626 475 1687 ‘eolus
491 1625 574 1685 Deue
596 1626 628 1685 in
648 1626 717 1685 visu
740 1631 796 1705 eet,
819 1627 923 1686 cetere
944 1623 1049 1683 omniu

128 1705 209 1767 velut
218 1715 422 1772 evanuerunt.
443 1708 514 1769 Non
527 1707 838 1788 potestenimeeimul
849 1708 968 1768 intente
979 1724 1048 1769 esee

131 1789 372 1870 meguifiouuoni
394 1799 553 1852 creaturae
574 1798 606 1852 et
616 1792 774 1869 creatoris,
795 1790 867 1852 ideo
892 1790 932 1850 de
956 1790 1048 1848 tentis

129 1870 228 1953 benis,
249 1873 291 1935 de
312 1875 406 1935 tentis
427 1873 568 1936 leudibus
589 1892 658 1936 non.
677 1883 723 1934 eet
742 1875 873 1953 elevete,
895 1873 967 1953 quie
986 1890 1049 1932 mu

127 1952 224 2017 iorem
235 1955 405 2018 Dominum
415 1959 448 2019 in
469 1958 516 2018 hie
538 1960 676 2039 ignovit,
693 1964 726 2019 et
737 1977 806 2017 euru
818 1956 933 2038 gaudio
948 1973 1048 2036 ugno-

127 2039 171 2099 vit
193 2058 235 2100 ee
258 2042 375 2121 gratiae
402 2043 475 2123 egit,
500 2041 609 2102 dilexit
630 2059 668 2101 ee
693 2040 858 2103 benedixit.
880 2038 942 2101 Sed
964 2044 1049 2117 notu,

128 2122 210 2200 qued
227 2122 316 2201 dixit,
338 2123 517 2205 magnificet
529 2127 640 2203 anima,
656 2143 721 2185 non
739 2140 855 2203 eorpue
868 2130 921 2183 eut
934 2123 1049 2203 lingua,

126 2205 279 2268 exaltavit
299 2207 439 2287 Spiritus,
462 2228 524 2269 uon
547 2227 621 2268 earo
643 2214 696 2267 aut
717 2206 857 2267 mundus.
891 2203 1048 2285 Siquidem

127 2289 214 2349 multi
236 2290 437 2371 magnificent
459 2292 559 2351 Deum
580 2292 702 2371 lingua,
731 2297 847 2351 tentum
871 2290 989 2370 magnis
1011 2288 1046 2347 ti-

125 2371 197 2432 tuiie
220 2372 322 2434 Deum
343 2374 562 2454 praedicando,
584 2373 640 2434 ted
662 2393 835 2435 cereorum
850 2374 971 2432 interim
988 2371 1049 2430 elia

126 2455 316 2536 magnificat,
338 2459 410 2536 quie
430 2466 553 2538 reputet
573 2459 643 2537 elie,
664 2465 696 2519 et
715 2459 746 2517 iu
767 2457 822 2516 ille
835 2454 964 2516 confidit
978 2454 1065 2535 plue·

125 2557 218 2617 quem
236 2541 269 2600 iu
288 2541 397 2602 Deum.
417 2541 492 2602 ideo
510 2541 673 2620 purissima
691 2541 801 2601 eultrix
812 2540 871 2599 Dei
890 2546 938 2599 est
957 2537 1049 2599 beuta

125 2620 238 2702 virge,
271 2643 353 2703 quee
370 2625 480 2685 eolum
501 2625 598 2685 Deum
622 2625 840 2704 superomnia
862 2619 1047 2702 magnificet,

125 2706 192 2765 eine
203 2705 290 2768 idolo
304 2707 372 2787 ipsa
383 2715 439 2769 eet
461 2708 521 2767 Alii
536 2726 611 2768 vero
625 2708 712 2767 semi·
725 2707 835 2767 iudaei
845 2712 875 2766 et
884 2705 972 2765 semi·
987 2703 1048 2762 eul-

125 2795 220 2868 toree‚
241 2791 294 2868 qui
316 2810 386 2850 uum
405 2791 605 2852 samaritanis
627 2791 718 2851 simul
740 2790 845 2865 colunt
869 2788 953 2848 Deos
975 2804 1048 2846 euos

124 2890 195 2931 eum
216 2872 362 2953 Domine,
386 2875 425 2935 de
447 2875 556 2955 quibus
578 2893 674 2954 nuper
695 2880 728 2934 et
748 2871 920 2933 rudioribus
944 2870 1018 2930 dixi.

183 3072 331 3171 Sermo
361 3070 531 3169 Demiu-
551 3000 683 3167 Vnt
704 3003 805 3190 poet
824 3063 990 3177 iuuit.
1023 3086 1026 3091 ·

469 3186 706 3302 a.1516.*)
806 3250 809 3255 -

208 3326 368 3391 Attendite
407 3348 427 3388 a
465 3326 550 3387 falsis
588 3325 758 3408 prophetie.
812 3321 959 3399 Quaestio
997 3322 1048 3382 hie

125 3410 228 3495 dig'ne
242 3419 400 3474 movetur:
424 3430 493 3472 eum
514 3409 584 3470 falsi
605 3409 776 3492 prophetae
798 3407 900 3468 inultis
919 3412 950 3466 et
964 3424 1047 3486 meg·

123 3582 237 3650 plicavit
255 3597 288 3632 ec
307 3578 483 3647 praedicavit.
508 3578 679 3631 Loeseherus
708 3572 827 3628 reddidit
850 3588 898 3626 eos
924 3588 959 3624 ex
983 3570 1047 3626 Mso

124 3669 175 3707 suo
195 3654 215 3719 Ι,
234 3669 260 3721 p.
280 3651 332 3707 277
351 3666 412 3718 sqq.
432 3650 494 3702 coil.
511 3666 537 3717 p.
563 3648 774 3717 745,Waichius
797 3660 921 3714 germen.
942 3644 999 3712 xli,
1018 3659 1045 3712 p.

123 3725 376 3866 221[getlldd'eeeher.
395 3792 407 3844 I
426 3808 452 3860 P·
472 3791 525 3846 278
544 3807 584 3860 sq·
607 3788 711 3842 Wsslih.
732 3786 789 3841 XII.
808 3802 836 3854 p.
855 3784 925 3841 22¹7
942 3799 1001 3852 sqq·

791 3855 836 3923 7*
