2356 4200
298 278 463 348 spuocmu.
480 281 508 335 S·
530 275 601 335 Sixti
621 280 700 343 Rom.
722 278 801 336 Pout.
821 279 885 358 Lag.
991 275 1052 343 382⁷)

220 560 224 568 ,
286 458 290 480 ’
381 485 420 546 Μ.
442 484 475 547 L.
496 484 565 547 Pio
587 484 744 549 Leotori
757 484 801 569 ¹).

210 648 309 728 Nune,
332 651 374 710 mi
394 649 501 728 leotor,
523 657 557 712 tu
579 651 652 712 mihi
674 649 905 714 conveniendus
928 668 972 712 es.
994 648 1051 711 Po·

128 733 289 795 steriorem
321 731 404 792 iilam
427 731 459 810 ²)
493 735 729 814 responsionem
761 752 861 795 meam
890 733 948 793 etsi
980 749 1051 794 oum

126 814 225 877 multa
245 816 419 876 reverentia
447 814 518 877 dedi
539 835 576 877 aa
598 817 684 878 velut
702 818 733 877 in
755 816 913 878 arbitrium
939 816 1051 877 summi

127 896 283 980 pontificis
303 900 443 979 reposui,
466 918 530 960 uon
551 906 654 960 tamen
676 899 706 960 id
731 899 913 961 messuisse
935 898 1052 979 eredas,

127 979 213 1062 quod
235 979 274 1042 ds
295 1001 328 1042 re
349 982 418 1063 ipsa
440 980 584 1063 dubitem,
607 990 660 1044 aut
681 983 774 1044 animi
792 983 975 1044 sententiam
997 981 1054 1042 sim

126 1080 264 1144 uuquam
276 1071 453 1126 mutaturus.
476 1065 598 1127 Veritas
620 1065 725 1127 dlviua
749 1068 797 1127 esi
818 1066 910 1128 etiam
929 1064 1055 1126 domina

126 1166 169 1229 pa
192 1166 247 1226 ae,
279 1165 342 1208 uon
373 1147 454 1208 euim
481 1147 626 1210 iuditium
648 1149 780 1229 hominis
804 1155 968 1229 exspecto,
1002 1145 1068 1233 ubi,

127 1167 266 1323 dffiuum
287 1229 431 1291 iudioium
453 1233 607 1312 cognovi,
640 1231 696 1292 sed
718 1233 790 1312 quia
812 1232 949 1313 oportuit
968 1248 1054 1291 reve·

126 1314 258 1375 rentiam
280 1332 403 1374 servare
427 1314 464 1391 ei,
487 1316 538 1393 qui
560 1315 629 1375 vioe
642 1315 751 1375 summi
773 1314 927 1395 pontiiiois
948 1312 1053 1395 funge-

126 1396 227 1471 batur,
250 1403 312 1457 tum
329 1395 517 1476 quodetiam
535 1397 694 1458 verissime
717 1397 799 1458 diota
822 1403 965 1479 oporteat
985 1414 1055 1457 oum

125 1479 298 1541 humilitate
320 1486 352 1539 et
373 1480 482 1541 timore
500 1484 638 1542 asserere
660 1487 691 1541 et
713 1481 799 1541 tueri.

190 1562 328 1624 Priorem
339 1581 413 1623 vero
436 1562 512 1623 nihil
532 1563 624 1624 refert
644 1568 712 1624 utut
732 1565 898 1644 aooeperis,
921 1581 993 1623 nam
1020 1562 1053 1623 iu

125 1646 196 1726 ipsa
217 1645 333 1705 nulium
356 1645 524 1726 perieulum
547 1653 614 1724 ast,
637 1652 699 1706 stet
719 1647 786 1707 sivo
807 1645 907 1724 oadat,
929 1663 988 1706 noo
1008 1644 1053 1707 iu·

126 1726 292 1809 dulgentiis
314 1729 470 1808 quippiam
492 1728 633 1808 assedit,
655 1731 681 1788 si
703 1728 775 1789 flata
797 1748 834 1790 ao
854 1728 933 1790 falsa
954 1727 1054 1807 fuerit,

126 1830 187 1871 neo
207 1810 372 1891 quidquam
395 1810 526 1890 decedit,
549 1813 574 1872 si
597 1813 852 1891 viseritveraque
868 1812 968 1872 suerit.
989 1808 1056 1872 Neo

125 1892 167 1955 ad
188 1913 252 1955 rem
273 1895 372 1975 ipsam
396 1894 523 1955 muitum
544 1896 697 1976 pertinet,
726 1895 784 1955 nisi
807 1894 890 1974 quod
912 1895 1055 1974 persius

124 1979 299 2071 ingressum
312 1975 441 2038 subdola
461 1978 555 2038 totius
567 1977 784 2058 disputationis
797 1977 952 2039 calumnia
963 1995 1055 2057 quaa·

123 2061 210 2146 ritur.
253 2059 331 2121 Nam
359 2061 385 2120 si
406 2060 566 2140 superbius
588 2061 755 2122 voluissem
778 2070 892 2142 agera,
915 2078 978 2120 non
1000 2078 1054 2141 po·

125 2143 253 2204 tuissem
274 2141 314 2204 ad
337 2162 430 2204 unum
452 2143 578 2205 verbum
601 2145 681 2226 oogi,
705 2162 773 2204 oum
797 2151 863 2205 tota
885 2142 1054 2223 disputatio

125 2222 188 2287 ia'm
211 2227 250 2286 sit
271 2225 414 2286 dadioata
436 2233 467 2288 et
488 2227 593 2288 oblata
615 2225 774 2307 pontifici,
802 2228 850 2288 ita
875 2233 908 2286 ut
939 2225 977 2286 ad
1007 2244 1056 2287 me

123 2308 257 2390 amplius
279 2308 354 2369 nihil
375 2311 548 2390 pertineat,
576 2311 635 2369 nisi
655 2317 838 2391 exspectare
861 2309 1056 2371 sententiam.

189 2394 221 2452 iu
243 2392 499 2472 posteriorevero
516 2394 720 2474 responsione
737 2400 821 2454 oerto
840 2411 961 2453 summa
982 2411 1055 2473 pen·
1104 2414 1106 2420 ·

124 2476 180 2537 det
200 2473 316 2540 salutis.
342 2468 423 2536 “Non
446 2494 479 2536 es
503 2476 608 2536 maius.
625 2474 832 2556 Christianus,
869 2477 937 2537 siva
968 2477 1057 2556 soias,

124 2560 192 2619 siva
214 2559 339 2640 ignores
352 2557 624 2640 Extravagantem,
648 2578 709 2620 non
732 2579 765 2621 es
788 2566 890 2621 autem
912 2558 1055 2619 nisihae-

125 2641 255 2720 retiam,
283 2642 308 2701 si
330 2660 425 2722 neges
447 2640 540 2702 fidem
563 2642 647 2703 verbi
670 2642 790 2704 Christi.
814 2641 894 2718 Quid
917 2642 966 2702 iris
988 2659 1055 2723 pre·

130 2742 212 2785 mam
242 2730 273 2784 et
293 2731 429 2804 taoeam,
466 2725 559 2787 eredo
582 2732 613 2786 te
646 2728 777 2806 sentire,
808 2727 925 2807 optime
946 2724 1054 2803 laotor,

134 2826 197 2868 non
220 2807 287 2867 sine
309 2808 436 2888 gemitu.

212 2889 312 2952 Unum
335 2899 438 2950 tamen
470 2896 501 2951 te
522 2891 618 2952 latere
641 2911 703 2953 nou
725 2892 816 2972 volo,
844 2891 903 2951 hao
924 2889 1057 2971 disputa

86 2984 95 2995 ·
128 2974 214 3034 tione
233 2973 309 3035 nihii
331 2975 456 3053 quaeri,
485 2992 576 3053 quam
600 2975 739 3035 sinoerae
760 2975 792 3050 ³)
825 2974 993 3055 scripturae
1014 2973 1057 3033 in·

127 3055 340 3138 talligentiam‚
368 3075 460 3136 quam
483 3056 571 3117 nobis
602 3058 633 3118 in
657 3057 761 3119 multis
784 3056 862 3119 loeis
885 3074 973 3117 saera
993 3054 1056 3135 iiia,

128 3145 162 3201 ut
183 3146 314 3217 vocant,
337 3139 492 3217 Decreta,
515 3141 541 3199 si
565 3158 628 3201 nou
651 3147 866 3219 corrumpunt,
890 3145 973 3200 oerta
991 3157 1056 3199 ver·

127 3222 174 3284 bis
202 3220 331 3284 detortis
365 3241 403 3283 ao
424 3223 505 3283 mala
534 3224 672 3283 uastatis
695 3223 874 3299 obscurant,
914 3229 945 3282 et
973 3221 1058 3283 v'elut

128 3303 264 3367 obducta
285 3304 367 3367 nube
385 3306 579 3387 purissimum
601 3307 701 3369 solem
725 3313 841 3388 tegunt.
862 3305 909 3366 De
921 3323 982 3385 quo
1004 3305 1058 3366 ali·

128 3386 253 3468 quando
270 3387 372 3467 latius,
394 3391 420 3449 si
444 3388 553 3470 aliquis
573 3389 647 3452 mihi
671 3387 983 3450 Romanusaduiator
1004 3387 1056 3451 ob·

128 3473 300 3552 strepuerit,
322 3472 486 3551 praestabo
509 3472 576 3535 Deo
598 3474 732 3555 propitio
754 3470 908 3553 quendam
928 3470 1056 3532 duristo·

201 3703 231 3773 l)
251 3705 283 3758 Iu
303 3705 346 3758 sd.
372 3706 471 3774 origin.
503 3704 611 3773 (Witt.)
644 3705 744 3758 desunt
763 3706 863 3760 verba:
902 3685 935 3758 ii.
955 3705 982 3760 t.
1002 3704 1056 3758 Pio

127 3779 243 3832 Laetori.
298 3777 315 3833 2
320 3786 331 3844 j
351 3776 440 3830 Ibid:
459 3779 550 3830 istam.
589 3776 620 3845 3)
642 3778 726 3832 ibid:
745 3780 889 3833 sinceram.

154 3882 244 3924 humari
258 3893 310 3932 opp.
324 3884 350 3926 V.
364 3883 391 3924 Α
405 3882 434 3922 ad
448 3881 488 3922 rat.
502 3881 553 3922 hiat.
567 3883 581 3922 i.
595 3893 618 3933 p.
632 3882 684 3925 Vol.
699 3883 730 3923 IL
830 3886 875 3948 (ὦ
