2356 4200
368 274 403 351 de
423 278 523 341 rutra
540 277 794 355 liddamtatuu»
981 279 1042 349 263

122 443 352 525 Plitssiiessfisslit
373 446 541 531 flutislaetio
564 454 736 529 enervatur,
757 468 820 521 uon
843 451 887 511 ait
902 452 1043 521 umstor-
1142 492 1146 497 .

122 533 186 606 tur,
209 522 264 585 sed
287 534 466 591 enervatur..

208 606 361 688 seeundo,
373 610 455 690 quad
469 616 541 689 tuno
551 612 702 679 ecolesiae
715 613 819 675 claues
829 613 905 675 nihil
917 614 1043 699 iaciunt,

125 697 157 753 et
177 708 251 753 vere
272 690 472 769 vilifiaantur,
500 695 572 774 quia
593 714 655 756 non
678 694 817 774 solvunt,
839 695 894 757 sed
915 694 1043 779 ligatum

123 772 186 843 alio
208 774 402 841 transferunt.
430 776 472 839 At
491 778 617 858 impium
641 784 688 839 est
708 776 821 856 disere,
843 776 927 859 quod
948 779 1043 853 elusis
1150 848 1156 857 ,

125 873 190 917 non
213 854 324 935 solvat,
346 859 372 919 si
393 866 496 921 autem
518 859 621 937 solvit,
643 868 739 927 totum
763 860 851 923 tollit.

101 950 107 957 ·
208 936 329 1015 Tertio,
359 941 440 1021 quod
465 942 572 1009 merita
594 941 705 1005 Christi
727 942 766 1005 de
787 943 869 1007 laeto
892 943 961 1005 sine
983 943 1042 1013 ala·

125 1020 215 1095 vibus
236 1019 344 1083 eadem
367 1030 548 1105 operantur,
571 1026 738 1087 nonenim
761 1032 850 1087 eruut
871 1026 982 1089 otiosa.

209 1101 337 1184 Quarto,
359 1106 441 1186 quod
464 1113 536 1169 tune
556 1107 685 1189 insignis
706 1106 761 1169 fiet
775 1108 974 1175 irreverentia
984 1126 1045 1169 me-

125 1186 191 1257 ritis
214 1184 342 1267 Christi,
373 1189 398 1249 si
427 1188 623 1255 solummodo
645 1208 767 1275 poenae
789 1189 973 1259 relaxatioui
994 1209 1044 1257 sx-

123 1265 315 1351 pendentur,
343 1289 411 1343 eum
440 1273 450 1333 i
473 1291 507 1333 se
538 1290 593 1351 per
615 1291 653 1332 ea
672 1272 763 1334 fuerit
783 1270 958 1352 exemplum
981 1290 1044 1335 om·

124 1350 212 1429 nium
226 1358 402 1433 martyrum.
458 1354 625 1425 ontrarium
646 1354 750 1435 itaque
772 1355 829 1417 erit
845 1360 974 1421 naturae
984 1373 1046 1417 me-

123 1432 253 1494 ritorum
266 1432 388 1514 Christi,
410 1445 443 1496 ut
464 1435 599 1496 serviant
620 1437 724 1517 pigris,
748 1455 827 1515 quae
849 1437 979 1516 exstim
1036 1441 1048 1496 t

125 1516 218 1589 etiam
241 1516 404 1581 ferventes.
447 1519 636 1589 Vilissimnm
654 1526 702 1579 est
723 1520 820 1599 enim,
848 1522 882 1585 ut
901 1520 962 1601 iam
1006 1510 1047 1579 io

125 1604 191 1659 tum
214 1604 272 1677 est,
290 1600 430 1671 remissio
453 1620 584 1683 poenae.

208 1678 330 1762 Tertia,
359 1702 408 1745 res
432 1683 569 1751 ondeant
578 1681 608 1766 ¹)
643 1682 717 1744 mihi
748 1683 788 1744 ad
814 1683 904 1745 istam
926 1688 1048 1745 eontra·

127 1760 304 1839 dictionem.
348 1764 383 1827 B.
453 1774 540 1831 omas
569 1772 600 1827 et
625 1765 845 1839 Bouatentura
872 1770 904 1827 et
933 1766 981 1827 sui
1001 1784 1049 1847 aa·

126 1863 242 1929 quares
264 1852 442 1913 constanter
463 1852 495 1910 et
517 1849 700 1909 unanimiter
721 1846 835 1929 dieunt,
857 1846 1049 1929 quodopsrs

124 1926 212 2007 bona
232 1936 305 1990 sunt
326 1929 464 2007 meliora,
487 1950 579 2011 quam
600 1928 820 2011 indulgentiae,
844 1937 878 1991 ut
898 1948 1049 2017 suprase-

128 2010 169 2083 tis
191 2015 238 2086 est
259 2008 384 2074 dietum.
416 2012 492 2075 Esto
516 2031 590 2095 ergo
613 2013 691 2075 hasa
711 2032 794 2075 vera.
826 2010 905 2073 Item
927 2031 983 2095 per
1003 2012 1047 2073 in·

128 2090 303 2173 dulgentias
325 2094 519 2175 applioantur
540 2104 572 2156 et
593 2095 809 2176 expenduntur
836 2094 945 2161 marita
966 2093 1050 2155 Chri·

128 2173 178 2237 eti.
208 2174 284 2247 Esto
307 2178 400 2243 etiam
420 2176 499 2238 haee
521 2197 603 2258 veru,
625 2179 697 2258 quie
718 2185 750 2238 et
769 2176 851 2238 hene
872 2182 1050 2247 constanter

129 2276 239 2325 omnes
260 2266 409 2321 esserunt.
451 2259 527 2321 Item
555 2261 664 2321 merita
686 2259 798 2321 Christi
826 2256 1051 2343 incomparabi-

127 2338 199 2401 liter
220 2347 290 2401 sunt
311 2342 454 2421 meliora,
483 2362 573 2425 quam
603 2342 686 2405 bona
713 2362 809 2422 opera
829 2350 951 2423 nostra,
984 2342 1048 2405 imo

130 2422 200 2483 sola
219 2420 311 2487 bone.
354 2424 431 2491 Esto
455 2426 546 2487 etiam
568 2425 648 2487 haee
669 2445 752 2487 uera.

212 2503 272 2566 Hie
293 2525 352 2589 ego
375 2507 528 2572 oonoludo
559 2515 591 2569 et
610 2507 724 2586 infero,
753 2508 876 2587 infelix,
906 2506 958 2587 qui
986 2525 1049 2573 uon

130 2585 256 2648 dimittit
277 2607 373 2730 asera
402 2609 458 2650 sua
485 2591 583 2669 bona,
615 2598 646 2652 et
677 2588 786 2657 solum·
811 2590 931 2671 quaerit
957 2607 1053 2668 opert

131 2668 255 2748 Christi,
276 2670 286 2731 i
331 2679 392 2751 est,
412 2671 637 2753 indulgentias,
658 2692 726 2739 cum
751 2675 790 2737 sit
812 2671 950 2737 omnium
971 2668 1051 2731 blas·

129 2750 322 2835 phemisrum
343 2754 450 2815 ultima
472 2756 601 2833 sentina,
623 2777 680 2818 sua
696 2756 791 2841 oper'a
802 2754 886 2816 bona
897 2752 1052 2835 praeferre

132 2833 279 2923 operibus
304 2835 426 2901 Christi.
464 2837 528 2898 Aut
549 2857 623 2919 ergo
646 2857 742 2918 opera
763 2836 875 2898 Christi
897 2854 961 2917 nan
983 2839 1054 2895 sunt

132 2914 294 2985 thesaurus
321 2916 597 3001 indulgentiarum,
626 2929 680 2981 aut
706 2919 844 3000 superbit
870 2918 976 2996 miser,
1002 2916 1053 3005 qui

132 3018 198 3061 non
221 2992 342 3061 dmissis
366 3002 507 3062 omnibus
528 3003 717 3083 praeceptis,
740 3002 832 3063 etiam
855 2999 983 3079 divinis,
1005 3017 1053 3065 so·

132 3080 198 3141 lum
217 3079 302 3143 indul
325 3082 424 3144 entiae
445 3080 578 3161 redimit,
598 3084 629 3146 id
652 3090 709 3163 est,
733 3085 841 3159 merita
863 3082 985 3145 Christi.
1013 3079 1055 3147 At

132 3168 244 3233 eontra
264 3162 295 3225 Β.
357 3184 445 3229 omas
467 3164 729 3228 etBonaventura
750 3165 863 3242 dieunt,
886 3162 968 3247 quod
991 3182 1054 3225 non

133 3251 207 3307 sunt
227 3254 412 3328 praeceptae
433 3247 653 3329 indulgentiae,
676 3256 709 3309 et
730 3256 801 3309 sunt
822 3247 946 3309 viliores
965 3243 1054 3311 bonis

134 3327 298 3408 operibus,
333 3349 408 3410 ergo
436 3337 592 3392 nonsart
613 3350 708 3411 opera
730 3328 857 3409 Christi,
890 3336 922 3391 et
951 3334 1054 3417 lernen

135 3417 210 3472 sunt
231 3430 327 3491 opera
347 3411 459 3474 Christi
481 3411 573 3474 simul
594 3420 625 3477 et
645 3413 752 3475 semel.

219 3492 261 3567 At
280 3492 371 3571 forte,
392 3499 425 3573 ut
447 3500 518 3557 sunt
534 3514 568 3557 ar
589 3496 644 3574 uti,
665 3493 898 3580 respondebunt
917 3512 973 3575 pet
990 3492 1056 3555 Ari·
1079 3536 1084 3545 ,

135 3572 294 3637 stotelioas
316 3575 537 3638 distinctiones.
610 3598 694 3640 erum
716 3584 782 3655 est,
804 3576 913 3638 merita
933 3572 1056 3654 Christi,

212 3756 245 3826 1)
265 3757 298 3812 In
317 3756 360 3813 ed.
379 3759 482 3828 priua:
499 3754 686 3841 Rmnondatt·
729 3840 731 3844 ,
