2356 4200
412 347 424 388 ,
481 324 508 365 ι.
530 310 598 367 1515
617 311 713 365 lauru.
1012 307 1056 376 85

134 486 198 555 tem,
221 479 343 538 etiamsi
361 478 456 540 homo
479 479 601 541 occulte
623 487 719 558 ponat
742 487 859 540 stercus
882 500 970 541 auum
992 501 1055 542 non

131 564 199 624 sinit
221 563 379 624 occultum
401 581 481 640 esse,
505 565 552 638 but
574 561 636 637 huit
659 565 794 625 barinum
816 583 849 642 311
871 567 992 642 indigen,
1024 566 1056 640 tt

130 649 189 722 tuci)
215 647 304 725 uiqtd
327 645 453 722 betereo
476 646 578 720 metti),
602 646 682 705 iusto
705 645 762 704 Dei
784 646 907 706 iudicio.

206 729 296 788 Haec
330 735 402 786 sunt
428 727 593 788 inhonesta
625 736 746 804 nostra,
782 748 861 806 quae
884 729 1055 808 Apostolus

126 814 146 873 l.
169 811 241 872 Gor.
269 813 318 872 12.
348 810 422 870 dicit
449 829 507 871 nos
544 810 749 871 abundantius
778 810 949 890 honorare,
984 813 1056 892 quia

125 894 256 956 libenter
296 893 515 954 abscondimus
554 902 684 972 peccata
718 901 833 954 nostra.
892 895 1055 955 Detractor

125 981 228 1057 itaque
260 977 449 1056 circumfert,
479 977 602 1037 molitur
631 983 662 1036 et
689 976 808 1036 habitat
834 978 930 1036 instar
953 978 1054 1038 cordis

125 1061 251 1122 humani
270 1061 350 1120 sicut
362 1079 465 1139 upupa
487 1078 610 1138 semper
631 1059 757 1136 faciens,
780 1066 813 1118 ut
835 1061 860 1118 si
877 1061 944 1139 quis
961 1060 1054 1119 unda

124 1150 169 1204 ret
191 1143 329 1222 aliquem
352 1148 488 1203 stercore
511 1161 545 1200 se
560 1141 748 1222 foedantem,
771 1143 862 1220 &chet
880 1144 931 1204 tnie
946 1144 995 1221 bot
1008 1145 1054 1221 bd)

124 1232 168 1289 brt
189 1227 338 1304 belchilleu.
382 1225 438 1285 Cui
460 1226 578 1304 optime
612 1224 862 1304 respondendum
890 1232 950 1285 est:
984 1226 1054 1289 Qud

124 1310 217 1388 hillelt
240 1312 288 1370 bu.
332 1307 412 1382 Quia
434 1327 507 1367 vere
529 1307 664 1368 eomedit
685 1308 766 1367 talia.
811 1307 901 1369 Unde
919 1309 980 1369 hoe
997 1316 1053 1382 est,

124 1392 205 1472 quod
228 1411 286 1471 per
307 1391 503 1452 Ezechielem
528 1409 595 1470 cap.
619 1390 650 1452 4.
674 1390 796 1450 dicitur:
828 1391 918 1465 Quod
941 1411 1052 1471 panem

122 1475 261 1536 faecibus
284 1474 424 1534 humanis
446 1475 596 1553 pollutum
621 1473 835 1538 comedebant.
883 1474 940 1533 nst
961 1476 1053 1554 igitur

123 1556 284 1618 immunda
297 1565 328 1617 et
349 1559 470 1638 ingrata
492 1558 568 1634 avis,
591 1575 670 1635 qnae
683 1557 790 1616 foedat
804 1558 930 1637 propria
947 1565 1050 1618 strata.
1123 1581 1125 1586 ¹

123 1640 311 1721 mquidem
334 1659 442 1700 omnes
465 1649 568 1699 snmus
592 1640 680 1714 tales,
703 1639 756 1699 sed
779 1640 909 1716 foedior,
932 1642 984 1719 qui
998 1641 1051 1701 ali·

124 1744 182 1784 ena
199 1731 341 1783 stercora
353 1722 471 1803 colligit
488 1741 580 1801 super
602 1729 728 1782 stratum
751 1743 847 1784 suum.
891 1723 981 1784 Unde
1001 1723 1051 1783 de-

125 1811 240 1867 tractor
270 1814 318 1866 est
348 1806 571 1884 sterquilinium
599 1804 757 1867 hominum
781 1813 812 1866 et
834 1825 871 1866 ea
891 1812 982 1885 porta
1002 1807 1051 1866 Je-

124 1890 273 1966 rusalem,
303 1908 383 1967 quae
405 1895 533 1949 vocatur
555 1889 752 1967 sterquilinii,
779 1889 851 1948 licet
873 1890 975 1949 invitis
997 1873 1051 1950 ho·

125 1973 267 2035 minibus.
311 1971 401 2033 Unde
424 1979 455 2032 et
477 1971 605 2050 quilibet
626 1978 764 2032 nostrum
791 1979 928 2032 ventrem
957 1972 1052 2032 habet

125 2055 251 2135 plenum
280 2054 483 2132 stercoribus,
525 2054 598 2133 quid
627 2073 684 2115 nos
714 2063 802 2115 extra
828 2055 879 2115 vel
916 2056 1050 2117 externis

125 2138 332 2211 maculamus,
359 2137 420 2197 hoc
441 2138 521 2197 enim
546 2138 746 2216 corporaliter
767 2138 868 2197 nullus
898 2144 965 2215 est,
999 2139 1050 2217 qui

125 2241 185 2280 non
215 2221 342 2280 horreat
370 2221 491 2298 facere,
532 2221 585 2279 sed
609 2227 789 2298 causaest,
823 2221 895 2299 quia
916 2240 978 2281 nou
1004 2226 1051 2280 est

126 2305 196 2363 foris
227 2310 365 2363 nostrum
399 2303 531 2381 oletum,
563 2302 634 2362 ideo
663 2304 788 2362 interius
821 2303 1051 2363 consideremus

127 2406 190 2448 nos.
237 2389 282 2445 lta
304 2392 411 2445 venter
432 2393 538 2446 noster
559 2393 606 2445 est
628 2387 818 2445 conscientia
847 2386 941 2464 plena
968 2388 1051 2446 omni

127 2477 262 2528 stercore
287 2476 318 2527 et
339 2469 459 2529 foetore
473 2477 680 2547 peccatorum,
699 2488 787 2547 quae,
812 2471 882 2548 qnia
900 2489 962 2529 non
979 2489 1049 2529 con-

128 2551 315 2627 sideramus,
347 2552 401 2610 sed
424 2552 521 2610 solam
544 2558 693 2611 tecturam
717 2563 748 2611 et
769 2553 881 2630 pellem
905 2558 1051 2612 externae
1147 2628 1148 2633 η

127 2636 390 2713 conversationis,
414 2654 474 2713 qua
495 2636 593 2714 ignoti
623 2654 726 2693 snmus
753 2634 945 2712 hominibus,
978 2636 1049 2714 quid

127 2719 206 2777 intus
226 2719 329 2795 simus,
352 2717 423 2776 ideo
447 2717 635 2776 maculamus
659 2736 715 2778 nos
739 2718 828 2777 oletis
847 2718 985 2795 aliorum,
1010 2739 1049 2778 ne

126 2820 186 2860 non
218 2805 312 2859 simus
341 2800 454 2877 ubique
485 2800 632 2859 immundi
670 2802 751 2860 intus
781 2808 811 2860 et
845 2807 939 2863 extra.
983 2802 1050 2861 Hae

126 2886 205 2942 enim
231 2890 302 2942 sunt
322 2883 420 2962 pelles
443 2890 543 2943 terrae
558 2884 682 2964 Midian,
700 2885 720 2943 i.
739 2904 765 2943 e.
783 2883 969 2963 Aethiopum
995 2905 1048 2944 seu

126 2968 225 3025 carnis
249 2974 446 3045 peccatorum
471 2973 501 3025 et
522 2968 655 3025 tentoria
672 2967 858 3046 Aethiopum
880 2967 995 3026 Habeo.
1020 2971 1048 3032 3.

126 3055 156 3108 et
177 3047 378 3108 tabernacula
397 3048 509 3126 Kedar,
532 3069 593 3108 non
617 3057 719 3110 autern
742 3051 785 3108 sic
799 3051 896 3128 pelles
910 3051 1047 3111 Salomo-

125 3133 180 3193 nis.
238 3132 314 3190 item
351 3131 539 3191 detractores
573 3139 643 3190 sunt
677 3133 865 3212 proditores,
889 3133 1047 3213 liertdtbrt,
1152 3142 1157 3150 '

124 3233 203 3292 quos
220 3214 414 3273 conturbabit
425 3215 595 3292 tortorDei,
605 3217 622 3274 i.
633 3235 659 3275 e.
671 3216 812 3276 diabolus
829 3218 859 3275 in
878 3225 1046 3297 aeternum,

124 3298 155 3356 in
177 3304 310 3375 quatuor
330 3298 438 3376 plagas
461 3297 574 3375 mundi,
597 3317 676 3376 quae
698 3306 769 3358 sunt
791 3299 893 3376 dolor,
917 3302 1046 3379 tristitia,

125 3381 226 3457 timor,
249 3379 338 3438 lletus
360 3381 391 3438 in
413 3380 542 3440 inferno.
587 3380 688 3455 Quare
709 3380 752 3459 fit,
765 3386 798 3441 ut
811 3384 911 3442 omnis
925 3383 1047 3444 detrac-

126 3469 187 3539 tor,
223 3463 370 3539 quoniam
397 3468 458 3521 tam
486 3463 662 3522 horribilem
691 3465 839 3524 foetorem
862 3465 975 3544 habet,
1015 3475 1046 3528 et

124 3551 243 3604 eructat
265 3543 303 3602 de
327 3544 489 3605 maledicto
512 3552 633 3625 gutture
656 3554 687 3606 et
709 3567 761 3607 ore
785 3568 857 3624 sue,
880 3568 940 3627 quo
964 3552 1043 3610 ince-

124 3634 221 3688 statur
243 3637 295 3685 atr
313 3626 466 3706 undique,
484 3647 557 3708 ergo
580 3631 651 3709 fuge
673 3650 752 3708 eum,
775 3632 879 3709 homo,
901 3634 1046 3694 honesce

123 3711 209 3769 illurn
232 3709 393 3788 foetorem,
416 3719 521 3770 averte
544 3714 652 3773 oculos
674 3713 712 3772 ab
735 3733 789 3774 ore
811 3717 885 3791 eius,
900 3718 983 3797 quod
998 3725 1045 3777 est

123 3793 176 3854 ille
200 3792 406 3852 olentissimus
426 3814 566 3856 avernus.
609 3795 669 3858 Est
690 3798 773 3862 euim
803 3819 840 3863 os
864 3798 1050 3866 detractoris
