2356 4200
461 290 491 340 s..
507 274 578 341 tcta
595 273 718 341 nstin...
1003 263 1046 341 43.

132 450 191 506 eret
205 443 313 524 Deus,
335 443 391 509 sed
411 445 474 515 hoo
494 464 612 511 summe
635 447 764 527 negant,
786 440 870 507 Deus
893 446 959 515 erat
980 459 1045 504 ver-

134 527 208 589 bum.
253 528 321 595 Imo
343 536 436 610 puto,
459 528 542 611 qnod
562 528 702 610 praecise
724 526 769 586 sic
790 525 830 586 sit
851 531 959 590 contra
979 523 1046 586 Ari·

130 630 203 673 auos
225 610 383 691 ordinata,
415 618 463 691 ut,
497 632 567 673 cum
600 611 735 687 dixerat,
768 614 800 668 et
826 608 952 671 verbum
981 611 1048 673 erat

131 693 210 777 apud
242 695 360 772 Deum,
395 715 469 758 mox
504 695 603 771 addit,
638 700 669 754 et
696 694 779 755 Deus
811 698 877 752 erat
909 689 1047 772 verbum,

129 779 212 859 quasi
239 777 375 856 diceret,
412 786 480 843 erat
506 777 588 861 apud
615 778 731 855 Deum,
763 774 819 836 sed
847 782 949 837 tamen
981 776 1049 856 ipse

128 861 206 922 Deus
240 856 395 925 erat‘hoc
415 862 552 925 verbum.
595 861 698 937 Quare
729 864 904 939 repetamus
928 859 1048 921 omnia:

126 945 155 1005 lu
184 945 340 1026 principio
380 951 446 1007 erat
474 945 615 1024 verbum,
651 945 722 1024 quin
754 963 817 1005 non
851 942 954 1023 coepit
978 961 1048 1003 cum

128 1028 195 1089 eliis
217 1027 303 1107 fieri,
325 1026 410 1092 aliud
423 1029 576 1093 enimiam
597 1047 684 1103 esse,
707 1028 770 1089 imo
792 1026 900 1105 fuisse,
923 1024 1047 1088 etaliud

126 1112 189 1178 iarn
211 1110 295 1179 lieri:
320 1130 371 1181 om
394 1108 541 1175 iacentem
562 1113 594 1175 in
615 1111 766 1194 principio
788 1109 916 1172 fiebant:
939 1108 1047 1175 sedin

128 1214 233 1257 eorum
256 1192 326 1259 fieri
355 1196 361 1207 '
388 1195 490 1260 eiam
510 1196 616 1259 suerat.
659 1193 700 1255 Et
716 1193 840 1255 verbum
870 1199 936 1255 erat
966 1191 1049 1274 apud

125 1278 240 1358 Deum,
276 1279 297 1339 i.
323 1298 348 1341 e.
371 1298 434 1352 non
457 1285 522 1341 erat
543 1279 658 1357 solum,
680 1296 740 1340 nec
763 1284 864 1340 lamen
887 1296 1047 1358 nusquam,

127 1360 180 1423 sed
203 1360 289 1442 apud
310 1361 422 1425 Deum.
463 1363 511 1423 Ac
537 1381 594 1444 per
624 1359 686 1423 hoc
717 1362 777 1423 iam
811 1360 1004 1442 distinguitur
1029 1382 1049 1422 a

125 1443 208 1523 Deo,
244 1444 345 1515 multo
366 1446 465 1526 magis
492 1446 661 1524 ocreatis,
693 1444 724 1505 iu
747 1464 875 1525 quorum
897 1445 1047 1526 principio

127 1535 198 1591 erat.
244 1527 327 1605 Quia
346 1547 403 1609 per
425 1535 506 1593 erat
535 1528 652 1589 tollitur
673 1527 738 1591 eins
759 1527 893 1605 initium,
917 1527 970 1591 sed
993 1548 1049 1610 per

126 1608 222 1693 apud
253 1611 380 1691 ponitur
404 1612 468 1673 eius
505 1612 659 1673 distinctio
693 1631 713 1671 a
733 1610 848 1677 Patre'
876 1610 983 1690 ltaque
1018 1617 1049 1675 et

126 1701 270 1755 aeternus
292 1699 359 1772 est,
387 1699 419 1756 et
446 1694 617 1758 distinctus.
660 1693 754 1780 Igitur
779 1690 980 1774 conpatitur
1014 1714 1049 1759 se

126 1776 265 1858 intelligi·
296 1776 397 1842 selum
427 1777 539 1857 luisse,
578 1775 701 1858 quando
735 1776 816 1857 apud
844 1778 943 1839 Deum
976 1778 1048 1841 luit:

127 1859 229 1940 apud
246 1860 330 1929 enirn
348 1880 411 1923 non
425 1861 594 1925 solitarium
611 1859 742 1937 indicat,
764 1867 795 1929 et
811 1866 913 1923 tamen
927 1880 985 1921 nec
1006 1863 1050 1922 in·

128 1944 264 2024 cepisse,
293 1944 380 2023 quia,
403 1963 472 2005 cum
496 1946 600 2013 omnia
620 1944 806 2024 inciperent,
842 1945 910 2029 ipse
932 1951 998 2005 erat
1020 1950 1051 2006 et

128 2046 188 2086 nou
211 2026 341 2107 incepit.
384 2025 444 2093 sed
477 2047 517 2088 ne
552 2027 618 2113 quis
648 2021 748 2099 dieat,
778 2025 858 2088 bene
881 2033 965 2101 esto,
996 2027 1052 2089 fuit

128 2117 290 2188 aeternus,
314 2117 346 2172 et
364 2109 459 2173 Filius
482 2131 501 2170 a
521 2111 604 2189 Deo,
628 2129 704 2191 ergo
725 2109 894 2170 diviserunt
915 2111 994 2172 inter
1016 2131 1050 2172 sa

129 2192 338 2270 divinitatem,
369 2193 420 2253 vel
443 2195 509 2274 ipse
532 2213 594 2254 non
617 2193 688 2254 ideo
711 2200 776 2253 erat
790 2191 876 2255 Deus
897 2199 1049 2274 aeternus,

128 2277 204 2336 sicut
235 2275 313 2336 solis
336 2275 439 2338 radius
461 2281 643 2342 coaeternus
675 2277 703 2338 ei
726 2282 788 2353 est,
816 2275 954 2336 sednon
977 2276 1048 2338 ideo

129 2367 173 2419 est
184 2358 235 2419 sol
247 2359 325 2438 ipse.
367 2358 447 2421 Huic
459 2361 614 2440 nequitiae
624 2360 758 2425 Arianae
772 2359 912 2438 occurrit,
929 2358 1048 2422 dicens:

129 2449 158 2502 et
178 2442 265 2501 Deus
289 2447 356 2501 erat
377 2441 520 2521 verbum,
537 2444 567 2504 i.'
580 2462 606 2509 e.
629 2443 702 2503 licet
723 2441 900 2522 distinctus,
923 2463 986 2505 non
1006 2449 1049 2505 ta·

129 2544 198 2585 men
223 2523 379 2603 diversus,
412 2533 444 2591 et
464 2525 542 2590 alius
563 2525 664 2604 Deus,
693 2525 747 2585 sed
767 2526 835 2606 ipse
855 2525 954 2586 Deus:
989 2526 1050 2589 hoc

128 2616 184 2685 est,
207 2605 359 2686 quidquid
371 2609 505 2688 pertinet
526 2608 567 2671 ad
589 2628 659 2679 esse
673 2608 790 2687 Deum,
812 2628 866 2669 seu
888 2608 1047 2689 plenitudo

128 2690 300 2750 divinitatis
323 2696 449 2769 totaque
465 2691 571 2752 Deitas
594 2699 659 2752 erat
680 2693 779 2772 ipsum
802 2691 944 2770 verbum,
978 2693 1048 2772 quia

131 2793 191 2835 uon
215 2774 276 2835 uisi
299 2771 382 2834 Deus
404 2794 502 2853 unus,
535 2775 598 2835 imo
631 2782 662 2837 et
682 2781 765 2837 totus
787 2775 871 2836 Deus
892 2775 922 2835 iu
946 2773 1051 2855 verbe,

131 2864 212 2919 totus
237 2856 323 2916 Deus
345 2856 376 2917 in
398 2856 497 2918 Patre.
542 2858 655 2920 Verum
677 2877 751 2939 ergo
774 2863 835 2934 est,
858 2857 941 2938 quod
961 2860 1053 2921 Pater·

130 2947 176 3000 est
191 2939 297 3016 Deus,
319 2939 413 3002 Filius
426 2940 525 3019 Deus,
549 2949 581 3002 et
599 2941 662 3005 hoc
674 2961 736 3001 uon
751 2941 866 3017 solum,
889 2941 943 3001 sed
958 2944 1049 3004 etiam

131 3022 216 3083 Deus
238 3027 288 3083 est
308 3021 414 3102 Pater,
443 3023 526 3087 Deus
549 3031 597 3087 est
616 3024 725 3102 Filius,
746 3024 766 3086 i.
788 3044 814 3085 e.
838 3026 981 3104 quicquid
1004 3032 1051 3087 est

130 3105 234 3183 Deus,
256 3104 318 3165 hoc
339 3112 386 3166 est
405 3105 513 3184 Pater,
536 3115 567 3169 et
589 3106 732 3186 quicquid
755 3114 802 3167 est
817 3107 923 3187 Deus,
953 3108 983 3169 id
1006 3109 1049 3190 ip·

130 3208 196 3250 sum
221 3195 271 3248 est
290 3187 392 3251 Filius.
435 3189 525 3253 Unde
552 3189 602 3251 hic
624 3189 852 3251 contemnenda
878 3193 1049 3272 suppositio

131 3271 351 3332 modernorum
379 3271 566 3352 logicorum,
605 3293 695 3352 quam
719 3280 834 3335 uocant
855 3275 1051 3356 completam,

133 3374 196 3417 non
222 3353 305 3414 enim
329 3353 415 3431 dico,
454 3357 590 3437 quisquis
613 3361 661 3417 est
683 3355 784 3434 Deus,
814 3363 862 3416 est
882 3358 973 3421 Pater
1000 3357 1052 3419 vel

130 3437 241 3515 Filius,
264 3443 298 3497 ut
318 3456 466 3518 personas
489 3438 726 3515 cmtmderem,
748 3437 803 3499 sed
818 3441 971 3521 quicquid,
994 3442 1051 3503 ie.

131 3528 195 3581 tota
227 3525 338 3580 natura
366 3521 423 3583 Dei
453 3528 500 3582 est
527 3521 618 3582 Pater
651 3529 683 3582 et
703 3522 812 3601 Filius,
842 3533 875 3585 ut
902 3526 1051 3584 unitatem

131 3604 320 3665 substantiae
343 3624 492 3665 asseram:
515 3605 698 3685 quicquid
717 3606 798 3666 enim
820 3626 882 3668 non
905 3626 1051 3688 persona·

130 3686 168 3747 lia
200 3685 256 3746 sed
295 3687 473 3759 essentialia
509 3687 664 3770 significat
697 3695 728 3754 et
755 3687 921 3768 distribuit,
956 3691 1053 3771 quis·
1143 3735 1148 3746 ,

131 3770 213 3848 quis
235 3776 338 3831 autem
367 3769 558 3852 personalia,
594 3790 722 3852 quorum
752 3770 814 3832 hoe
840 3774 965 3856 generis
992 3791 1054 3839 me·
