2356 4200
354 299 384 355 F.
403 296 471 356 sbv.
488 298 574 355 Prior.
594 299 628 353 ad
646 294 682 353 D.
701 298 735 353 it.
753 296 832 354 bath.
1011 290 1051 363 91

128 467 177 529 vel
211 466 358 547 iudicari,-
383 469 544 543 etiamairt)
579 470 621 529 ita
658 470 696 530 ait
723 466 940 544 scandalorum,
969 469 1052 550 quod
1103 460 1113 471 ⁵

127 551 261 632 populos
294 571 397 613 secum
428 554 604 613 catervatim
640 552 732 613 ducat
758 553 857 632 primo
893 553 1053 635 gehennae

128 635 292 715 mancipio,
314 634 345 694 id
367 640 425 711 est,
455 632 594 714 diabolo,
617 635 656 698 di.
679 635 737 696 xl:
768 635 798 696 si
820 635 921 717 Papa,
943 636 997 696 aed
1021 643 1053 696 ut

129 714 170 778 ibi
195 714 419 799 dicitur,'Deus
443 717 575 778 orandus
599 722 654 778 eat.
700 718 934 797 eontrariumo)
951 725 1052 779 tamen

127 800 260 882 rapiunt,
283 802 334 880 qui
356 800 522 880 aliquando
544 800 628 862 luere
651 800 853 877 schismatici,
887 809 920 861 ut
941 801 1053 862 Panor-

127 882 276 960 mitunus,
303 884 333 943 in
358 903 396 944 ea
417 883 639 965 disputatione,
668 902 748 963 quas
770 884 890 964 incipit:
927 884 1053 964 Episco-

126 976 250 1109 pus,=et
272 966 394 1046 quidam
417 968 570 1047 viventes,
593 974 701 1027 contra
723 984 800 1047 quoa
823 969 914 1049 cupio
936 968 1053 1049 specia-

136 1050 195 1121 iter
206 1049 412 1130 disputarem,
431 1051 456 1109 ai
470 1050 621 1110 Dominus
635 1046 739 1110 noster
750 1050 867 1110 dederit
876 1051 953 1111 mihi
970 1050 1053 1130 quie·
1100 1061 1103 1077 ¹

126 1138 186 1192 tem
216 1133 421 1213 concupitam.

210 1216 250 1275 Et
270 1216 299 1281 8.
322 1214 404 1295 quod
426 1215 512 1297 Papa
533 1232 623 1277 rems
646 1215 685 1276 ad
706 1216 946 1277 renunciandum
957 1232 1054 1278 causa
1111 1235 1118 1252 ·

125 1297 342 1375 schismatici)
380 1299 449 1379 cogi
484 1317 544 1358 non
578 1305 692 1380 potest.
726 1296 787 1371 ¹Et
819 1299 860 1360 ibi
887 1300 1054 1360 ¹solvuntur

127 1380 223 1442 multa
245 1381 407 1442 contraria.
751 1406 755 1411 ·

209 1463 249 1543 Et
276 1467 305 1528 9.
337 1464 419 1544 quod
452 1468 577 1544 propter
606 1463 757 1524 haeresim
787 1467 911 1546 proprie
929 1466 1052 1528 dictam
1118 1530 1121 1537 ,

130 1542 217 1626 Papa
246 1547 328 1607 cadit
357 1566 375 1607 a
407 1554 533 1628 papatu.
587 1545 618 1606 Si
647 1554 748 1607 tamen
771 1547 907 1608 haeresia
931 1551 969 1609 ait
990 1568 1054 1610 om·

126 1631 201 1690 nino
224 1630 346 1690 occulta
367 1630 534 1702 ecclesiae,
566 1648 628 1689 non
658 1630 797 1709 privatur
815 1630 902 1711 Papa
922 1650 979 1693 sua
1000 1646 1054 1713 po·

126 1718 250 1788 testate,
285 1720 315 1771 et
349 1712 516 1790 crediturr)
552 1716 730 1790 summus⁸)
752 1712 893 1774 Pontifex
916 1714 1053 1776 Christus

125 1794 332 1876 abp'plere,'et
354 1795 380 1856 si
403 1814 436 1855 se
459 1795 601 1875 corrigat,
623 1795 731 1855 iterum
747 1802 793 1856 est
810 1796 906 1876 Papa,
928 1799 1051 1869 sivero

125 1878 261 1940 haeresis
284 1879 349 1938 eius
371 1879 410 1937 ait
432 1878 557 1938 omnino
580 1879 720 1954 notoria,
751 1896 808 1938 nec
829 1887 921 1959 egeat
941 1880 1052 1961 proba·
1097 1952 1108 1963 r

125 1963 226 2035 tione,
240 1968 280 2021 et
306 1963 346 2020 sit
365 1960 500 2020 haeresia
523 1960 615 2020 aliam
636 1961 821 2038 formaliter,
843 1961 874 2020 id
896 1970 960 2038 eat,
982 1982 1050 2022 cum

126 2044 334 2106 obstinatione
364 2030 549 2120 volincntis,
582 2051 631 2103 est
644 2062 708 2104 aua
729 2051 884 2125 potestate
904 2046 1052 2124 privatus.

125 2126 157 2189 si
179 2146 253 2188 vero
275 2128 313 2186 sit
346 2126 439 2186 dubia
466 2125 680 2206 probabiliter,
709 2126 873 2187 concilium
907 2129 1053 2207 generals
1101 2172 1104 2177 -

126 2218 174 2271 sat
194 2209 306 2285 iudex,
329 2210 412 2288 quod
437 2219 509 2269 tunc
531 2209 656 2269 deberet
683 2211 881 2290 congregari,
914 2220 968 2271 aut
995 2231 1053 2272 sua

125 2301 245 2374 sponte,
269 2300 302 2352 ut
312 2311 368 2372 pro
380 2293 571 2365 Marcellino,
592 2300 645 2352 aut
662 2312 718 2372 per
729 2311 795 2370 coa,
818 2311 947 2370 quorum
959 2296 1051 2355 iuter-

126 2384 183 2453 eat,
205 2377 292 2436 iuxta
314 2376 479 2455 praedicta.

209 2459 249 2518 Et
281 2457 410 2535 ultimo,
443 2458 525 2538 quod
562 2477 619 2538 pro
648 2458 767 2519 baereai
790 2458 838 2519 vel
861 2461 982 2522 notoria
1004 2462 1052 2522 vel

126 2541 258 2622 proba-ta
280 2549 332 2600 aut
353 2542 497 2602 contessa
519 2541 682 2601 concilium
706 2549 808 2623 potest
819 2541 935 2623 Papam
959 2543 1052 2624 depo-

126 2643 209 2699 nere,
233 2625 297 2683 sive
319 2625 421 2703 potius
444 2623 601 2684 declarare
623 2623 808 2704 depositum.

150 2738 154 2747 ·
210 2707 285 2786 Gap.
319 2710 367 2769 13.
401 2706 491 2782 Quod
520 2707 552 2765 in
581 2707 792 2768 ecclesiastica
811 2707 982 2769 hierarchia
1004 2728 1051 2769 ro-

125 2808 235 2851 manus
258 2789 381 2849 Praeaul
403 2790 441 2848 sit
463 2808 599 2848 summus
621 2789 798 2868 hisraraba,
828 2790 964 2873 iudext)¹
984 2793 1052 2852 aina

125 2873 342 2954 appellatione,
366 2880 473 2932 contra
495 2873 702 2932 adversarium
725 2874 844 2951 iterum,
866 2874 919 2953 qui
932 2872 1052 2954 aPapa

125 2956 164 3016 ad
186 2955 319 3015 saturum
343 2956 507 3014 concilium
529 2954 707 3034 appellavit,
730 2964 762 3014 ut
783 2955 899 3017 dictum
921 2963 977 3017 cal.

180 3285 214 3352 ιι)
236 3284 406 3353 Obstupcace
425 3286 547 3348 coelum,
567 3286 697 3339 horresco
721 3290 804 3354 terra,
823 3283 846 3336 0
866 3285 1050 3349 Christiani1)

124 3356 215 3410 videta
239 3357 303 3424 quid
327 3360 363 3408 ait
389 3359 487 3410 Roma.
531 3360 562 3422 o)
586 3357 727 3410 Cathollce
753 3364 780 3411 et
801 3362 902 3409 sancta.
939 3357 975 3424 p)
994 3358 1051 3411 Neo

121 3429 241 3485 felicius,
262 3446 313 3482 nec
330 3430 435 3494 sanius,
455 3445 537 3498 quam
556 3430 624 3482 haee
643 3431 747 3497 scripta
765 3435 837 3480 aunt.
875 3429 908 3496 q)
930 3429 975 3481 Sic
993 3429 1052 3481 dili·

122 3503 166 3569 git
186 3488 282 3568 pasto‘r
300 3515 376 3554 ovea.
413 3501 442 3567 r)
463 3501 494 3553 ld
513 3507 563 3566 cat,
583 3503 747 3554 somniatur.
788 3499 817 3567 a)
848 3499 958 3554 Scilicet
976 3500 1051 3554 Chri·

120 3576 184 3625 atus
202 3574 285 3625 etiam
306 3573 507 3641 sterquilinium
523 3574 672 3639 impietatis
685 3573 830 3635 inhabitat,
841 3587 915 3625 nora
927 3573 1052 3641 benigni·

120 3650 188 3698 tata.
226 3645 251 3707 t)
271 3645 345 3696 Nihil
365 3644 399 3696 ad
420 3645 577 3711 lutherum,
596 3644 725 3696 adulator
742 3643 910 3697 foedissima.

176 3716 203 3776 l)
222 3715 304 3769 lota:
324 3715 347 3768 Ο
366 3732 436 3784 grex
456 3715 558 3770 Christi
570 3717 707 3784 sanguina
721 3715 872 3784 redempta,
901 3714 965 3769 vida
982 3715 1050 3784 quid

121 3789 159 3841 ait
177 3788 276 3840 Roma.
951 3828 955 3836 .
