2356 4200
122 287 186 357 360
282 287 398 346 Postilla
415 286 453 343 D.‘
468 288 503 343 li.
522 288 603 344 Luth.
621 302 683 358 sup.
702 254 789 342 breue
804 298 900 358 praee.

122 458 293 537 redimunt,
327 476 458 538 esseque
489 455 695 539 indulgentias
722 456 806 519 aliud
828 457 907 519 nihil
919 464 932 538 ,'
980 479 1046 521 uam

123 543 331 607 relaxationes
363 541 515 602 bonorum
550 557 694 620 operum,
731 530 842 620 quibus
882 540 940 602 iuti
989 543 1046 605 ctio

122 626 275 707 impletur,
297 644 372 686 mox
392 622 455 683 vidi
477 622 606 704 proclivi
628 622 765 703 sequela,
786 642 841 684 eas
862 640 962 707 possa
980 643 1047 687 con-

124 710 234 786 temni,
253 709 319 769 imo
348 702 580 767 saluberrimum
603 725 673 767 esse
695 704 892 785 consiliuui,''
906 714 942 768 ut
961 708 1048 768 reliu-

125 798 256 871 quantur
277 797 308 851 et
328 790 405 850 viles
428 788 605 852 habeantur.

208 896 304 959 Porro
327 899 545 973 contemnere,
568 894 750 974 relinquere,
771 894 847 955 vilia
868 893 987 957 ducere
1007 914 1049 957 sa

125 987 304 1053 mosancta,
337 977 573 1058 pretiosissima,
606 975 908 1058 inaestimabilisque
943 977 1049 1041 merita

125 1062 238 1127 Christi
269 1059 317 1144 (id
345 1067 410 1139 est,
440 1057 667 1140 indulgentias)
696 1059 886 1121 horrendum
910 1060 1049 1139 sonabat,

125 1164 163 1219 ac
189 1164 252 1207 non
281 1151 341 1206 tum
365 1142 486 1204 consilii
509 1161 598 1222 quam
620 1142 748 1203 furentis
763 1143 936 1224 impietatis
958 1143 1048 1211 verba

125 1227 347 1289 indicabantur.
389 1224 438 1287 Ad
460 1225 539 1287 haec
559 1224 758 1306 perurgebat,
777 1225 865 1306 quod
888 1224 1046 1309 indulgen·

125 1312 187 1371 tiac
216 1311 283 1371 sine
310 1309 433 1370 nomine
463 1309 639 1369 meritorum
668 1307 780 1369 Christi
808 1309 985 1373 vilissimae
1007 1329 1047 1373 cs

126 1401 209 1471 sent,
236 1392 366 1470 soloque
388 1390 476 1451 titulo
505 1392 683 1452 meritorum
709 1390 821 1452 Christi
848 1411 956 1453 rerum
990 1411 1047 1455 om-

125 1477 209 1537 nium
221 1475 463 1554 pretiosissimae
476 1471 595 1550 flerent,
618 1491 655 1533 ac
666 1475 711 1535 sic
724 1480 928 1537 sacrosancta
952 1468 1046 1558 (hen)

124 1556 380 1636 incomparabilia
410 1557 520 1617 merita
551 1555 664 1617 Christi
692 1555 731 1615 ad
753 1557 969 1637 turpissimam
989 1558 1046 1623 loc·

126 1638 346 1718 dissimamque
383 1639 560 1700 servitutem
598 1645 743 1718 quaestus
780 1636 1046 1720 praetexebantur.

126 1721 201 1798 Quis
231 1723 312 1782 euim
334 1721 590 1798 Christianorum,
617 1722 645 1802 'si
674 1718 778 1782 audiat
806 1723 857 1782 vel
887 1724 1046 1802 nominari,

126 1804 238 1866 uadum
266 1804 403 1865 exhiberi
434 1804 579 1882 vulnera,
609 1805 804 1884 sauguinem,
835 1803 967 1871 labores
989 1804 1046 1869 dul·

125 1888 238 1949 cissimi
268 1887 435 1948 Salvatoris
463 1887 525 1964 sui,
558 1906 621 1947 uon
643 1888 737 1947 vitam
760 1905 907 1969 quoque,
926 1888 1047 1953 ¹nedum

126 1971 287 2052 pecrurias,
314 1969 506 2050 prodigeret,
533 1968 627 2049 idque
650 1989 718 2047 qum
739 1968 879 2050 gaudio?
923 1971 969 2035 Aa
991 1990 1046 2055 quo

124 2073 242 2119 rursum
266 2052 375 2114 dolore
396 2050 594 2131 cruciaberis,
629 2053 656 2113 si
677 2053 882 2117 haecomnia
906 2074 972 2117 uou
993 2054 1046 2117 uisi

124 2139 155 2196 in
177 2136 364 2197 teterrimum
388 2141 548 2215 quaestum
570 2136 685 2197 servire
706 2134 828 2210 videris,
849 2155 891 2197 ac
907 2157 975 2199 nou
990 2156 1045 2199 uns

124 2217 217 2297 Iuda,
237 2237 296 2278 uec
317 2217 431 2296 semel,
459 2215 514 2278 sed
537 2217 703 2279 innumeris
724 2216 823 2296 ludis,
857 2219 1047 2301 singulisque

125 2302 288 2362 momentis
308 2299 400 2361 vendi
421 2298 609 2379 revendique
631 2299 795 2362 Christum.

116 2480 122 2487 η
206 2406 299 2486 Igitur
328 2424 391 2466 non
425 2409 455 2465 te
476 2404 563 2466 fallat
582 2424 697 2466 nomeu
722 2405 851 2482 Christi,
885 2407 1047 2469 recordare

126 2488 316 2568 praedictum
339 2486 465 2566 esse*),
487 2488 601 2549 multos
622 2495 771 2549 venturos
793 2488 1047 2559 Pseudochristos

126 2572 158 2632 in
181 2572 307 2632 nomine
329 2570 455 2648 Christi,
484 2576 630 2649 tantaque
663 2570 804 2651 prodigia
833 2577 865 2632 et
887 2573 985 2654 signa
1003 2573 1047 2634 de

125 2662 227 2731 turos,
256 2660 289 2714 ut
309 2656 340 2713 iu
364 2672 497 2714 errorem
521 2652 635 2713 ducant
658 2654 696 2728 (si
719 2651 784 2714 ficri
801 2660 930 2733 'potestl
959 2658 1046 2717 etiam

126 2738 252 2798 electos.
312 2735 357 2797 Sit
393 2755 463 2796 mea
496 2737 669 2815 propositio
709 2735 804 2814 falsa,
846 2737 910 2798 siut
944 2740 1047 2801 maria

126 2815 239 2882 Christi
262 2818 422 2879 thesaurus
444 2817 720 2898 indulgentiarum,
743 2818 797 2878 sed
820 2820 945 2900 cogita,
969 2819 1046 2902 quod

124 2901 197 2960 hinc
219 2902 306 2978 sequi
327 2902 534 2962 necessarium
560 2906 633 2978 ast„
657 2907 689 2961 et
721 2899 824 2962 dicere
856 2908 887 2962 te
910 2909 1046 2984 oportet:

124 2983 232 3042 Merita
255 2983 366 3044 Christi
389 2982 606 3061 relinquenda,
642 2989 673 3043 et
700 2983 776 3043 vilia
804 2983 952 3047 ducenda
974 3004 1046 3061 esse,

125 3065 279 3126 feliciores
302 3085 371 3126 esse
393 3084 458 3143 eos,
481 3066 532 3144 qui
555 3066 663 3126 merita
677 3064 788 3126 Christi
809 3067 1046 3144 nonrsdtmum,

124 3166 213 3228 quam
238 3167 302 3222 eos,
327 3150 378 3227 qui
394 3147 595 3208 devotissime
611 3146 720 3208 eadem
741 3156 903 3227 quaerunt,
927 3158 962 3212 ct
983 3170 1046 3212 cum

123 3233 232 3292 merita
253 3230 363 3291 Christi
388 3250 479 3309 quam
499 3232 634 3290 maxime
659 3233 785 3300 (natura
807 3237 880 3297 sual
906 3233 950 3294 ad
969 3235 1046 3296 bom

121 3332 218 3392 opera
238 3313 408 3392 impellant,
430 3314 462 3371 iu
482 3311 679 3393 indulgentiis
692 3320 794 3374 tamen
814 3312 870 3375 sibi
885 3316 964 3396 ipsis
978 3336 1045 3398 pug-

126 3395 247 3471 nantia,
275 3395 359 3457 bona
388 3414 483 3475 opera
512 3395 668 3472 relaxant,
702 3402 732 3456 et
753 3394 836 3475 quod
860 3404 974 3460 natura
996 3417 1046 3461 sua

120 3477 342 3557 voluntateque
372 3478 428 3538 Dei
458 3477 591 3556 iaciunt,
622 3476 654 3536 id
681 3477 842 3540 voluntate
863 3499 970 3560 popae
992 3481 1044 3542 sol·

119 3645 539 3660 mm

175 3765 203 3831 ⁸)
222 3764 316 3818 Matth.
337 3765 381 3820 24.
