2356 4200
284 307 313 356 et
331 301 614 358 voluutaisnominis
632 304 693 357 eine
703 305 809 373 gratie
958 300 1023 369 241

96 474 241 531 tenentm
263 472 387 553 captivi,
408 473 448 534 ad
460 473 556 554 ipsius
577 466 787 552 voluntatem
809 473 865 536 sed
878 474 1022 537 volunuu
1051 534 1055 543 s

96 552 215 614 diaboli
236 560 303 634 est,
326 561 361 617 ut
380 555 496 617 malum
515 555 614 618 velint
634 564 667 616 et
686 555 810 640 facient.

249 670 429 734 Secunda
461 691 549 755 pers
583 673 863 735 conclusionis.

179 775 273 853 Quod
300 797 365 841 nou
395 779 436 840 sit
464 777 561 842 libera
581 780 613 839 in
635 780 813 858 contrariis,
839 778 939 860 probo
966 799 1023 860 per

96 858 174 920 illud
196 859 311 923 Genes.
334 860 431 927 vui:
465 861 581 925 Sensus
601 868 633 923 et
653 870 764 924 cuneta
786 863 933 958 cogitatio
956 880 1022 925 eor·
1130 861 1132 867 ’

96 941 143 1003 dis
176 942 305 1007 humaui
336 963 437 1025 prona
465 951 513 1006 est
544 945 583 1007 ud
615 944 730 1006 malum
757 952 1020 1025 omnitempore:

95 1026 123 1087 si
144 1027 231 1088 omni
244 1033 384 1108 tempore
397 1046 496 1109 prona
513 1026 553 1089 ud
564 1027 689 1105 melum,
711 1047 786 1109 ergo
808 1046 964 1107 nunquam
981 1026 1021 1091 ad

39 1140 53 1163 κ
94 1107 213 1171 bonum
243 1110 430 1173 eontrarium
458 1110 552 1172 mala.
594 1109 686 1186 Quod
702 1117 815 1172 autem
842 1110 904 1172 hoe
922 1109 1021 1173 iibere

94 1191 136 1251 sit
155 1191 248 1253 simul
271 1199 303 1269 et
323 1195 510 1272 necessario,
532 1194 631 1275 probo
655 1194 710 1273 sie,
733 1193 816 1273 quod
833 1212 897 1256 non
917 1193 1019 1255 minua

94 1279 143 1335 eet
163 1275 297 1337 naturali
320 1275 471 1338 voluntati
491 1296 579 1337 suum
600 1276 681 1338 velle
713 1283 768 1337 eut
794 1275 894 1354 nolle,
928 1294 1020 1356 quam

94 1357 260 1437 unimsique
281 1365 408 1420 naturae
430 1378 487 1420 sua
499 1360 660 1439 seperatim
682 1377 740 1422 nee
761 1361 860 1440 magis
882 1360 1019 1440 privatur

93 1440 164 1520 ipsa
183 1459 242 1503 suo
264 1450 344 1520 antu,
367 1461 459 1522 quem
481 1460 682 1584 quaeeunque
703 1462 752 1503 res
774 1442 846 1513 alia.
883 1440 944 1503 Sed
964 1443 1018 1505 ime

93 1522 244 1602 possibile
265 1531 322 1604 est,
345 1524 428 1604 quod
450 1543 489 1585 ve
502 1523 531 1586 le
552 1525 592 1585 sit
613 1525 788 1587 coactivum
809 1532 924 1597 etnon
945 1522 1019 1604 libef

91 1624 177 1683 rum,
211 1625 287 1687 erga
322 1607 500 1669 necessaria
533 1613 581 1670 est
618 1608 747 1669 liberum
777 1612 809 1668 et
841 1608 1017 1670 necessario

92 1686 191 1750 libere
212 1691 286 1754 vult
321 1689 372 1752 Sic
393 1691 486 1772 igitur
507 1697 669 1770 utrumque
690 1710 794 1752 verum
819 1696 880 1751 est:
903 1690 1014 1767 homo,

91 1824 195 1880 edm
228 1790 613 1932 {zsseeisi·¹¹3a2;·.f¹“⁰i
649 1826 699 1880 m
736 1791 1001 1920 tenerier.

92 1948 141 2013 Ite
161 1950 305 2013 voluntas
327 1956 415 2011 extra
440 1951 571 2031 gratiam
599 1949 651 2011 vel
676 1950 708 2011 in
737 1949 877 2012 cadendo
907 1951 1018 2012 eonsti-

93 2039 160 2095 unu
191 2052 257 2095 non
285 2039 390 2114 potest
416 2052 479 2095 non
505 2032 617 2095 eadere
644 2039 676 2094 et
704 2032 786 2094 velle
817 2032 932 2094 melum
954 2034 1017 2093 suis

91 2116 226 2194 viribus,
253 2122 359 2197 petest
387 2122 490 2177 autem
509 2135 566 2196 per
587 2117 718 2196 gratiam
739 2115 797 2176 Dei
819 2134 883 2178 nan
906 2113 1018 2177 eadere

92 2204 146 2260 aut
167 2218 292 2260 emsare
312 2218 332 2259 e
359 2198 515 2278 cedenda,
548 2200 593 2260 sie
613 2199 699 2260 illam
720 2197 856 2261 breviter
875 2197 1016 2278 relinque

92 2282 327 2344 eonelusionem
347 2282 521 2363 probatam.
1014 2322 1016 2326 ι

293 2399 552 2461 Corollarium
575 2400 696 2461 elicio
719 2399 813 2460 tale:

176 2504 253 2567 Cum
276 2507 401 2567 nonsit
427 2507 524 2566 iustus
546 2505 578 2566 in
600 2512 697 2580 terra,
736 2506 787 2585 qui
816 2503 1016 2565 benefaciens

90 2608 155 2650 non
188 2594 313 2672 peccet,
352 2588 448 2651 multo
485 2589 583 2670 magis
618 2589 748 2651 iniustus
781 2593 907 2669 peceat,
942 2586 1015 2647 dum

90 2672 209 2735 bonum
230 2670 312 2734 feeit.
767 2670 769 2674 ‘

282 2776 475 2839 Probatur
507 2776 841 2850 auetoritatibus„

175 2881 329 2963 Priueipia
363 2902 420 2964 per
452 2882 529 2943 illud
561 2882 674 2944 Esaiae
706 2881 815 2943 LXIV:
865 2877 1015 2941 Immundi

90 2983 220 3044 omues,
246 2983 305 3026 nos
327 2971 360 3026 et
380 2964 542 3026 universae
564 2966 699 3026 iustitiae
721 2971 846 3025 nostrae
867 2969 1014 3041 tanquam

88 3065 214 3128 pannus
243 3053 469 3126 menstruatam
501 3049 527 3108 si
560 3049 694 3108 iustitiae
725 3053 797 3109 sunt
827 3044 1014 3122 immundae,

90 3129 166 3210 qnid
187 3137 277 3192 erunt
296 3132 478 3210 iniustitiae,
506 3136 538 3192 et
557 3131 737 3192 Ecclesiam.
760 3129 830 3190 Vll:
873 3127 944 3189 Non
967 3135 1015 3188 est

88 3216 189 3275 iustus
216 3214 247 3275 in
273 3220 370 3293 terre,
398 3215 449 3293 qui
477 3214 570 3275 faeiat
597 3214 676 3275 bene
702 3221 733 3275 et
753 3232 816 3273 non
838 3216 962 3292 peeeet3
984 3219 1015 3270 et

89 3294 203 3359 Jaeob.
229 3296 289 3358 IV:
337 3297 372 3359 In
404 3297 507 3358 multis
539 3295 723 3358 offendimus
758 3313 882 3372 omnes,
915 3300 947 3354 et
974 3292 1014 3353 nd

90 3379 182 3443 Rom.
205 3379 279 3440 VH:
301 3379 510 3441 condelector
530 3380 600 3461 lege
621 3380 679 3441 Dei
701 3378 869 3440 seeundum
890 3377 1014 3438 interio-

89 3480 157 3523 rem
180 3462 353 3542 hominem,
379 3462 471 3524 video
500 3469 602 3523 autem
631 3464 723 3522 aliam
745 3463 847 3542 legem
868 3460 899 3521 iu
920 3477 1014 3520 mem·

89 3545 154 3607 bris
175 3547 254 3606 meis
274 3553 497 3627 repugnantem
521 3547 582 3627 legi
604 3546 715 3606 mentis
737 3562 836 3623 meae,
856 3543 1013 3622 captiven-

89 3637 154 3689 tem
187 3649 238 3689 me
269 3630 300 3689 in
329 3629 429 3710 legem
460 3630 590 3710 peceati.
633 3629 745 3689 Beatus
778 3628 841 3705 vir,
876 3626 924 3685 eui
951 3643 1013 3685 non

89 3712 222 3792 imputat
242 3712 392 3773 Dominus
415 3719 590 3793 peceatum,
626 3716 751 3772 sanetus
774 3709 856 3770 enim
878 3713 942 3785 est,
965 3707 1014 3767 eui
1137 3707 1140 3713 '

89 3796 239 3856 remissae
260 3802 331 3856 sunt
348 3796 536 3875 iniquitates,
559 3802 591 3856 et
605 3800 729 3855 sanetus
750 3798 818 3854 eret
834 3809 890 3874 per
910 3789 1012 3850 dimis-

116 3892 208 3940 anaor}
220 3910 269 3947 opp.
288 3901 310 3940 V.
327 3901 356 3939 Δ.
370 3900 401 3939 ad
411 3900 452 3940 ret.
465 3900 517 3942 Met.
530 3901 546 3942 1.
559 3913 583 3954 p.
599 3903 649 3946 Vol.
663 3902 680 3944 1.
766 3904 807 3973 1ss
