2356 4200
376 282 530 343 ‹re·uauu
546 282 810 359 unigenam-³
983 282 1070 353 m·
1165 325 1167 328 >

124 454 316 602 pedimersa
339 450 499 521 calumniis
521 466 575 521 aut
594 458 1058 542 sarteargutisquaessionrbus·

138 554 285 602 ardorum.
437 589 440 593 .
532 582 536 587 -
630 560 647 607 ·,·
880 550 897 587 ῑ·
989 552 992 557 ·
1043 562 1059 583 -·

186 648 189 657 ·
208 623 276 686 Etsi
297 626 388 686 omiai
406 626 542 687 meiime
563 626 767 707 hermotimum,
788 626 930 706 impium,
966 624 1059 709 blas:

125 707 271 788 phsmum
292 709 353 768 ianr
375 708 478 769 rnoldo
494 706 602 769 diebus
614 708 757 787 olarireut,
779 707 861 788 quod
881 702 1058 771 oooiusiaus'I

126 789 239 851 Christi
260 794 293 851 at
323 792 488 872 seripturas
504 794 633 852 sanotds
665 809 728 853 uon
748 798 872 852 teneam
893 791 1057 852 natholiae

126 892 230 951 seusu,
253 891 313 955 ego
335 882 438 936 tomen
459 874 555 935 fretus
575 875 763 936 oonsoientis
787 892 856 936 maa
877 873 1058 936 nodosos

126 955 210 1054 fallis
226 974 276 1017 me
297 976 371 1054 ymo
392 956 521 1039 adigere
535 957 703 1056 ¹espissiam
717 954 829 1054 Christi
852 963 884 1018 et
904 957 1060 1083 deomena¹

126 1058 203 1183 tit
225 1037 305 1183 „td
318 1039 662 1185 uiissiitmitidmii’
675 1039 849 1213 uss‘imiiii
878 1038 1049 1204 ξὲἱέιῑὲῖῗέἔ

126 1221 236 1268 omues
259 1207 363 1286 ooegit
384 1225 433 1267 me
449 1206 578 1287 ponere,
600 1204 683 1286 qnod
705 1204 840 1269 viderem
864 1205 943 1267 alios
964 1205 1048 1267 falsis

126 1287 326 1375 opinionibus
360 1287 459 1368 infioi,
502 1288 581 1361 aiios
618 1288 845 1371 portabamus
874 1288 984 1369 ridere,
1018 1293 1050 1349 et

126 1370 266 1455 sanatum
297 1370 502 1455 sacerdotium
531 1370 683 1457 eoolosiae
718 1372 896 1457 manifesto¹
914 1364 1057 1451 ludibrio,

126 1452 264 1533 habeie,'
285 1455 451 1535 oooasione
479 1461 541 1517 tam
571 1450 687 1517 effusae
707 1453 849 1531 lieentiae
870 1452 1058 1537 praedieaus

127 1524 241 1599 dorum
268 1537 436 1621 veniarum,
478 1534 548 1607 Non
578 1543 644 1613 orat
669 1534 780 1619 vulgus
807 1536 954 1617 laieorum
988 1554 1059 1623 arn-j

127 1606 227 1701 plioie
248 1618 415 1682 oe'ossione
441 1618 474 1682 in'
505 1616 578 1685 odia
614 1616 808 1701 sacerdotum
839 1618 1050 1705 ‚annitendum

127 1701 294 1783 quodiam
316 1722 336 1765 a
357 1703 459 1765 multis
480 1703 569 1764 annis
590 1708 718 1784 propter
747 1696 916 1764 avaritiam
929 1712 961 1765 et
982 1702 1049 1785 pes·

127 1788 224 1849 simos
246 1804 347 1851 mores
369 1785 461 1849 nobis
483 1784 634 1871 odeusum
658 1787 737 1862 (heu
759 1785 826 1869 solo
845 1787 955 1848 timore
976 1806 1050 1868 poe·

127 1867 207 1953 nae)
232 1869 366 1932 honorat
387 1867 604 1931 sacerdotium.

380 1968 800 2097 cone-rusioaxxIItI
847 1990 868 2029 .-
1057 2066 1061 2083 =
1116 2070 1150 2137 4

337 2124 350 2151 β
890 2138 893 2143 .

210 2156 273 2224 Onr
307 2146 389 2242 popa
408 2166 486 2223 'non
520 2166 651 2243 evaouat
683 2156 893 2247 purgatorium
923 2142 1062 2251 praeite}

127 2245 352 2308 sanatissimam
376 2246 533 2306 ueritatem
562 2250 593 2305 et
624 2262 773 2304 summam
802 2244 970 2305 animarum
1000 2264 1050 2306 ne·

130 2330 307 2391 cessitatem
328 2335 363 2389 nt
383 2346 508 2389 eausam
530 2328 665 2389 omnium
677 2327 885 2405 iustissimam,
907 2327 934 2387 si
954 2326 1052 2389 infini-

127 2421 176 2474 tas
198 2413 315 2472 animos
338 2410 460 2472 redimit
481 2416 607 2491 propter
627 2410 790 2490 pecuniam
812 2411 1051 2472 funestissimam

128 2495 168 2557 ad
191 2501 371 2556 struaturam
393 2493 539 2557 basilisse
559 2501 595 2554 ut
614 2493 745 2553 oausam·
760 2492 968 2555 levissimam?

211 2578 299 2639 Hono
318 2577 530 2657 quaestionem
560 2595 623 2637 non
653 2594 749 2656 pape,
764 2608 768 2613 ·
783 2575 838 2637 sed
871 2583 1062 2655 quaestores·

128 2662 276 2739 exuitant,
298 2661 380 2741 quia,
400 2667 434 2721 nt
455 2658 633 2741 supradixi,
654 2677 805 2738 nusquam
818 2659 1050 2739 legitursummi

128 2743 283 2826 pontificis
305 2763 397 2823 super
421 2743 480 2802 hoo
499 2762 532 2802 re
567 2741 661 2801 ullum
696 2740 868 2820 decretum,
900 2740 972 2804 ideo
1006 2762 1052 2803 re·

128 2826 305 2907 spondeant
326 2826 378 2886 itii.
391 2825 431 2886 ad
453 2845 539 2902 eam,
569 2825 621 2904 qui
644 2825 878 2888 susoitaverunt.
971 2844 989 2885 o
1011 2825 1050 2885 ad

128 2928 238 2971 omnes
265 2911 341 2970 istas
368 2909 566 2988 quaestiones
604 2926 666 2968 uno
701 2907 796 2968 verbo
829 2926 942 2987 respon
965 2910 1061 2987 erim,-¹

128 2999 275 3074 quantum
298 3011 353 3073 pro
375 2990 555 3072 pontitioum
577 2988 696 3051 honore
723 2989 788 3051 fleri
818 2997 942 3070 potest,·
970 2991 1052 3053 vids·

128 3078 203 3138 lieet
223 3074 305 3156 quod
327 3093 419 3136 nemo
444 3092 500 3134 eos
523 3072 667 3133 informat
685 3073 729 3133 rei
749 3073 921 3159 veritatem,
943 3080 975 3134 et
994 3074 1052 3135 fre·

128 3165 258 3240 quantor
278 3158 321 3237 fir„
344 3165 378 3217 ut
396 3157 478 3217 male
499 3153 692 3216 narrantibus
714 3155 797 3216 mala
819 3155 1021 3218 oouoedant.·

365 3321 591 3384 Gonolusio
611 3319 813 3384 LXXXIII.

214 3447 274 3509 Gur
294 3453 476 3528 permanent
501 3449 668 3530 exsequiae
701 3456 733 3510 et
759 3448 969 3515 anniversaria
1001 3444 1051 3517 da·

128 3533 321 3610 functorum,
343 3538 375 3594 et
395 3550 458 3593 uon
479 3531 580 3594 reddit
600 3536 654 3593 out
675 3533 769 3613 reoipi
791 3532 940 3612 permittit
960 3533 1052 3596 bene·
1156 3548 1160 3554 ’

129 3614 201 3676 fioia
222 3633 278 3695 pro
299 3611 359 3675 illis
381 3616 534 3693 instituta,
564 3634 633 3676 oum
657 3615 777 3677 sitiam
798 3616 908 3676 iniuria
928 3635 984 3696 pro
1007 3618 1062 3678 re·'

131 3697 264 3778 demptis
287 3697 398 3758 orare?

213 3779 326 3842 Multos
359 3781 425 3843 saio
445 3782 505 3841 ista
539 3780 721 3860 quaestione
748 3781 894 3862 fatigatos
923 3800 1053 3862 meeum

157 3899 248 3941 Lumen
262 3910 313 3950 opp.
328 3899 355 3942 V.
370 3899 396 3940 Δ.
410 3898 439 3938 ad
452 3898 492 3938 rof.
505 3898 556 3938 ndat.
570 3899 585 3939 t
609 3908 631 3948 p·
646 3898 696 3940 Vol.
710 3899 740 3939 u.
843 3901 887 3967 m·
