2356 4200
454 318 484 370 a'
502 310 683 371 ttttlhabni.
983 313 1046 381 149

131 485 194 548 lutis
223 485 255 545 in
285 483 418 547 Christo.
470 485 548 546 Huio
576 492 677 548 autern
700 485 817 569 gratiae
838 507 932 549 nemo
956 491 1047 570 perti·

129 570 228 630 naaius
257 570 391 648 resistit,
426 588 517 648 quam
540 571 591 649 qui
612 570 752 630 inlitora
773 569 851 650 legis
872 572 943 632 insti
966 580 1045 636 sunt.

126 653 160 714 Hi
180 653 263 713 enim
278 653 562 733 interpretationem
576 653 653 733 legis
668 671 730 714 nou
749 655 927 734 suscipiunt,
949 656 1045 717 multo

127 737 221 796 minus
243 755 280 796 ae
301 742 482 816 peooatores
505 743 720 816 agnoscerent,
743 731 852 816 p'utant
873 739 954 799 enim
977 757 1047 799 sese

126 819 223 900 legem
252 819 397 898 implere,
427 838 517 897 quam
545 819 736 899 impossibile
764 825 811 879 eat
836 820 964 900 implere
992 841 1048 902 per

126 922 264 981 earnem,
291 903 382 963 Rom.
411 903 441 966 8.
491 901 564 963 ldao
596 902 733 963 Christus
761 921 843 962 nuno
871 902 947 966 dicit
966 905 1046 966 iuter

126 992 228 1048 uetera
257 985 421 1061 miraoula,
454 985 536 1064 quod
565 984 748 1065 pauperibus
771 985 928 1045 nuntiatur
948 988 1047 1067 gratia

126 1075 155 1130 et
173 1088 249 1148 pax,
272 1069 346 1148 quia
368 1067 511 1129 divitibus
533 1074 565 1128 et
586 1066 725 1148 superbis
748 1085 785 1126 aa
806 1069 868 1128 iam
881 1069 968 1129 iustis
982 1088 1045 1131 non

124 1157 229 1232 potest
247 1151 392 1229 nuntiari,
414 1170 453 1213 eo
477 1150 558 1230 quod
571 1151 855 1230 interpretationem
876 1151 963 1232 legis,
976 1152 995 1215 i.
1008 1172 1046 1232 a,

126 1234 391 1297 annuntiationem
420 1235 631 1314 poenitentiae
661 1239 691 1292 et
720 1233 863 1311 baptismi
892 1233 1043 1295 iohannis

124 1336 184 1379 non
216 1317 408 1396 suscipiunt,
440 1316 512 1378 ideo
539 1316 584 1376 ira
605 1317 708 1397 potius
730 1315 789 1376 illis
812 1317 969 1377 annuatur
989 1336 1045 1397 pro

123 1419 208 1482 paee.
253 1399 371 1461 Nolunt
390 1399 450 1460 diei
473 1399 573 1478 stulti,
601 1406 801 1478 peoeatores,
822 1398 951 1479 infirmi,
974 1401 1047 1479 quia

123 1503 184 1547 non
206 1482 385 1562 intelligunt
406 1482 507 1563 legem
530 1483 560 1542 in
579 1482 726 1562 spirituali
743 1482 956 1563 intelligentia.
990 1483 1047 1543 ltlst
1108 1542 1112 1546 .

125 1568 214 1629 etiem
238 1565 419 1644 notandum,
436 1565 519 1645 quod
534 1565 698 1646 spiritualis
720 1564 925 1646 intelligentia
937 1585 959 1626 a
972 1566 1046 1626 mul·

124 1651 160 1711 tis
181 1648 334 1729 aooipitur
354 1649 460 1710 neseio
473 1648 641 1727 quomodo,
663 1647 782 1709 scilieet
794 1667 853 1727 pro
868 1648 1048 1730 allegoriae,

124 1731 336 1812 tropologiae,
366 1733 548 1812 anagogica.
603 1731 715 1791 Verum
738 1730 874 1809 ‘quidem
900 1731 961 1792 hoe
991 1738 1047 1810 eat,

124 1815 176 1876 aad
200 1813 329 1875 adverte
358 1816 485 1892 rectius:
517 1814 689 1894 Spiritualis
712 1813 765 1874 lex
792 1833 848 1874 seu
875 1813 1046 1895 intelligen-

124 1899 165 1959 tia
185 1904 234 1958 est
257 1917 305 1974 ea,
329 1917 408 1977 quae
430 1896 586 1978 signifieat
607 1897 746 1976 spiritum
768 1915 823 1956 seu
844 1898 991 1976 gratiam,
1012 1903 1046 1957 ut

125 1980 259 2058 seilicet,
290 1981 342 2060 qui
363 1980 457 2042 habet
478 1981 616 2060 spiritum
639 1985 671 2040 et
692 1980 839 2060 gratiam,
871 1980 923 2039 hio
942 1978 1046 2058 habet,

125 2062 207 2143 quod
228 2063 282 2123 lex
301 2062 396 2125 iubet.
438 2063 475 2124 Ε.
505 2083 549 2144 gr.
598 2062 669 2123 Non
690 2063 781 2122 irasci
812 2068 860 2121 est
879 2061 1047 2142 spiritualis

124 2147 184 2223 lex,
206 2146 298 2206 huius
320 2145 419 2224 litera,
440 2146 510 2206 Non
534 2144 676 2224 occides,
697 2146 764 2204 sine
785 2150 888 2204 autern
910 2146 956 2204 ira
978 2164 1046 2206 esse

125 2249 186 2291 non
208 2235 311 2309 potes,
332 2231 390 2288 nisi
414 2231 456 2289 ais
479 2231 559 2289 mitis
583 2229 674 2289 etiam
696 2229 728 2287 in
742 2227 897 2305 adversis,
918 2234 950 2288 at
966 2226 1047 2287 hano

126 2313 288 2376 mititatem
310 2312 394 2372 nulla
418 2312 507 2371 litera
527 2311 630 2389 habet,
653 2311 708 2370 sed
730 2310 799 2369 sola
820 2311 919 2390 gratia
941 2309 1045 2373 donat.

125 2395 198 2456 ldeo
221 2399 351 2455 vooatur
372 2395 424 2454 lex
446 2395 619 2474 spiritualis,
642 2395 714 2472 quia
736 2394 873 2472 spiritum
887 2394 1046 2474 praecipit,

125 2477 215 2539 litera
242 2483 344 2536 autem
371 2478 505 2555 requirit.
549 2476 634 2536 Haeo
664 2477 757 2536 etiarn
790 2483 838 2535 est
859 2475 1046 2557 tropologia,

125 2562 150 2621 si
176 2578 242 2620 non
270 2559 310 2618 ad
341 2565 466 2619 externa
496 2579 591 2639 opera
618 2560 781 2638 respicias,
818 2577 897 2637 quae
926 2577 1047 2638 semper

127 2649 197 2702 sunt
218 2642 315 2719 litera,
339 2642 394 2702 sed
417 2642 456 2701 ad
470 2661 524 2703 oor
547 2649 578 2703 et
599 2643 752 2722 spiritum,
774 2643 872 2705 etiam.
888 2640 1046 2721 allegoria,

126 2727 150 2785 si
163 2724 338 2802 eeclesiam,
352 2732 385 2785 ut
401 2731 449 2785 est
464 2727 495 2784 in
508 2727 613 2803 spiritu
635 2726 652 2787 i.
677 2743 704 2784 e.
726 2724 900 2784 voluntaria
923 2725 954 2782 in
977 2724 1047 2805 lege

125 2809 194 2885 Dei,
216 2809 402 2886 suspexeris.
466 2860 471 2869 .

209 2890 330 2950 Deinde
351 2891 510 2951 iohannes
533 2890 700 2969 discipulos
723 2889 762 2948 ad
780 2889 933 2950 Christum
946 2890 1046 2967 mittit,

126 2976 145 3033 i.
168 2993 195 3033 e.
219 2974 413 3053 evangelium
435 2974 535 3054 legem
549 2975 754 3052 interpretans
767 2973 851 3052 cogit
865 2971 904 3031 ad
917 2974 1046 3051 gratiam

126 3058 180 3119 ire.
232 3055 293 3115 Sed
321 3055 458 3116 Christus
486 3056 621 3117 iohanni
646 3075 708 3116 nou
730 3072 785 3135 per
806 3054 900 3115 verba
920 3067 1046 3135 respon·

128 3139 189 3214 det,
213 3137 268 3197 sed
289 3157 345 3217 per
368 3158 472 3217 opera,
496 3140 582 3218 quia,
604 3137 655 3198 ubi
678 3139 800 3217 spiritus
823 3146 855 3197 et
876 3138 973 3217 gratia
996 3157 1047 3197 ve·

128 3223 225 3299 norit,
257 3222 317 3280 iam
348 3222 597 3301 experimentalis
627 3222 754 3281 seientia
782 3221 859 3300 legis
888 3221 969 3279 faeta
991 3227 1046 3282 est.

128 3304 179 3365 sic
201 3305 284 3363 enim
305 3305 408 3362 unctio
426 3310 504 3364 tuno
527 3303 635 3381 docet,
666 3309 699 3363 ut
723 3303 817 3363 homo
846 3322 885 3362 ex
907 3303 969 3363 vita
993 3323 1049 3362 sua

128 3388 228 3467 magis
252 3386 358 3464 diseat,
381 3387 453 3464 quid
477 3387 578 3465 faeiat,
601 3387 672 3466 quia
692 3387 753 3447 iam
776 3386 877 3446 lexin
900 3405 964 3446 rem
989 3388 1047 3467 sig·

130 3467 283 3529 nitioatam
308 3471 440 3546 transiit,
462 3477 493 3529 et
514 3469 549 3529 tit
563 3469 653 3547 ,quod
675 3470 743 3548 ipsa
763 3469 930 3547 praeoepit.
973 3468 1047 3528 Ideo

130 3559 255 3613 seaeant
276 3551 383 3630 verba,
414 3572 481 3612 oum
510 3553 653 3611 venerint
683 3571 779 3631 opera
810 3552 828 3610 i.
852 3570 879 3611 e.
901 3552 965 3611 iam
985 3566 1047 3612 non

131 3642 177 3695 est
200 3634 262 3711 lex,
285 3633 336 3693 ubi
360 3641 407 3694 eat
427 3635 566 3714 impletio
591 3635 678 3715 legis,
722 3633 772 3694 Sic
789 3640 913 3713 oportet
934 3634 1049 3697 lohan-

131 3737 199 3776 nem
225 3718 333 3792 minui,
357 3717 507 3776 Christum
531 3724 632 3777 autern
653 3736 807 3795 erescere,
831 3718 903 3797 quia
924 3717 975 3778 lex
996 3717 1049 3776 im·

123 3801 275 3875 plexione
292 3801 343 3855 sui
357 3816 469 3857 manus
488 3818 614 3881 semper
634 3801 721 3882 ligat.
