2356 4200
385 289 421 345 de
435 291 540 355 ‚virtuts
559 288 802 358 indulgentiarum.
991 282 1057 351 itt-9

134 457 260 530 dictum.
307 459 396 520 Dicat
417 479 491 540 ergo
515 461 564 538 qui
587 465 699 539 potest,
722 459 878 537 quomodo
899 455 1058 536 indulgen-

134 540 417 622 tiaesuffragantur
437 543 507 621 illis,
529 543 559 603 id
585 549 654 622 est,
677 543 872 603 remissiones
888 559 1057 618 :canonum

132 623 192 699 nisi
219 642 282 684 non
305 632 423 685 tantum
445 626 650 706 indulgentias
671 626 826 705 largiatur,
848 625 911 684 imo
933 623 1057 685 illisve

131 706 177 775 lut
198 711 229 769 in
252 707 550 787 superabundantem
563 708 805 772 cautelamdatls
822 706 891 782 [vel
913 706 983 787 ult)
1008 724 1056 765 so·

133 788 200 853 lent
223 791 313 850 etiam
338 792 449 852 mortui
471 791 590 853 absolui
612 793 642 853 in
665 792 743 851 lacis
765 791 946 867 ecelesiae),
967 786 1058 850 simul

133 871 273 936 involvat
296 873 375 935 ultra
395 873 601 954 indulgentias
624 875 864 955 applicationem
880 873 1057 934 meritorum

135 955 295 1016 ecclesiae.
332 956 372 1016 Et
401 964 472 1017 tuno
495 961 577 1020 carte
600 957 631 1030 ²)
663 956 875 1037 indulgentiae
896 975 958 1016 non
974 953 1060 1014 liunt

133 1037 320 1118 suffragium,
343 1040 398 1100 sed
419 1059 487 1100 oum
505 1039 661 1120 suffragio,
686 1029 830 1119 tanquar'n
842 1039 939 1099 altero
962 1038 1056 1116 done,

133 1121 245 1269 dpntur
266 1123 441 1202 animabus,
465 1123 495 1183 id
519 1129 582 1201 est,
615 1121 808 1183 deplanantur
829 1121 910 1201 dari,
933 1121 983 1181 vel
1005 1139 1056 1200 ap-

129 1205 295 1285 picantur.

492 1336 569 1396 Dico
594 1335 696 1396 tertio:

220 1449 264 1511 De
286 1451 430 1516 thesauro
454 1453 629 1514 meritorum
643 1451 754 1515 Christi
777 1458 807 1513 et
829 1457 1003 1514 sanctorum
1018 1448 1070 1511 ad¹

133 1532 346 1593 remissionem
370 1555 539 1615 poenarum
556 1536 711 1617 applicato
727 1535 825 1599 dicam
849 1535 928 1596 infra
948 1535 980 1593 in
1002 1551 1058 1601 aua

133 1615 335 1678 conclusione
357 1619 405 1682 58.
430 1618 524 1679 Vides
540 1637 613 1700 ergo
630 1638 720 1698 quam
743 1619 803 1678 sint
825 1619 929 1679 omnia
951 1616 1057 1678 obscu-

133 1697 256 1758 rissima
285 1707 315 1759 et
347 1700 583 1781 dubiosissima,
615 1701 686 1763 ideo
716 1701 977 1782 periculosissima
1004 1697 1058 1767 b

135 1798 206 1840 oen.
333 1839 336 1846 .

219 1862 252 1922 ld
275 1885 367 1930 unum
391 1867 459 1927 dico
483 1875 515 1929 et
526 1867 628 1947 video,
673 1845 733 1929 uod
757 1886 839 1951 papa
864 1866 914 1933 lln
931 1862 995 1927 dle.
1018 1862 1056 1929 de

132 1965 206 2027 poe.
229 1954 260 2007 et
280 1969 322 2017 re.
346 1968 371 2010 o.
395 1949 620 2028 Abusionibus)
653 1887 801 2031 damnare
828 1948 948 2010 videtur
974 1947 1058 2009 hanc

134 2031 321 2090 sententiam
344 2031 382 2091 de
404 2032 589 2100 redimendis
626 2032 787 2101 animabus
816 2052 871 2112 per
898 2029 1057 2109 indulgen·

135 2111 204 2188 tias,
228 2110 297 2173 dnm
322 2114 408 2177 dicit:
432 2114 558 2177 Animas
583 2115 620 2183 de
641 2137 699 2197 pur
720 2115 831 2195 atocio,
854 2120 886 2177 ut
908 2117 1057 2183 asserunt,

135 2194 325 2257 mendaciter
371 2199 550 2277 extrahunt,
590 2199 642 2267 ubi
682 2137 790 2281 glossa
823 2217 914 2277 super
953 2192 1057 2274 verbe,

135 2277 341 2356 mendaciter,
364 2282 453 2360 quia,
476 2283 587 2361 inquit,
615 2291 686 2343 sunt
706 2281 820 2347 iudicio
842 2279 900 2343 Dei
922 2297 1058 2347 reserva-

136 2369 195 2420 tae.
238 2361 277 2421 Et
298 2362 413 2459 allegat
434 2365 472 2426 ad
497 2365 557 2426 hoc
580 2363 649 2425 dist.
671 2363 766 2427 XXV.
792 2363 826 2426 d.
861 2361 976 2441 Qualis.
1018 2358 1060 2427 Et

136 2449 220 2515 certe
237 2444 316 2517 ,mihi
339 2447 457 2514 videtur
480 2455 562 2509 recte
585 2450 706 2511 sentire.
729 2447 808 2521 Nam
830 2447 932 2529 siper
954 2440 1058 2509 suffre-

135 2524 220 2607 gium
244 2528 453 2607 redimantur,
488 2549 550 2591 non
576 2533 690 2610 utique,
718 2531 853 2610 sequitur
881 2548 933 2591 eas
956 2528 1056 2595 satim

136 2607 285 2688 evolare,
319 2631 380 2672 non
415 2622 461 2673 est
482 2613 563 2674 idem
586 2614 743 2696 suffragari
771 2621 802 2675 et
831 2611 981 2675 redimere
1003 2629 1059 2671 seu

136 2690 275 2754 liberare.
319 2693 424 2774 ltaque
453 2716 511 2776 ego
543 2697 700 2778 hucusque
723 2698 827 2777 sapio,
861 2694 944 2837 Ἵιιοά
966 2692 1057 2753 video

135 2773 396 2855 indulgentias'et
418 2778 594 2860 suffragium
617 2782 791 2842 meritorum
816 2798 870 2840 ece
884 2778 967 2843 asiae
989 2794 1058 2838 esse

136 2855 213 2916 duas
236 2878 284 2919 res
308 2852 549 2941 diversissimas,
572 2864 699 2930 alteram
724 2864 790 2924 sine
811 2862 967 2929 alternet
989 2877 1058 2927 eum

136 2939 235 2999 altera
256 2941 320 3001 dari
341 2950 509 3022 potentem.
531 2945 731 3026 indulgentiis
755 2943 867 3005 sufficit
881 2943 952 3011 sola
973 2947 1058 3023 pole·

136 3028 200 3083 stas
223 3023 375 3106 clavium,
410 3029 476 3087 sine
499 3028 603 3091 addito
626 3028 679 3088 illo
703 3029 860 3106 thesauro,
883 3027 933 3105 qni
956 3033 1058 3087 tamen

136 3111 242 3185 potest
261 3107 342 3185 addi,
365 3107 415 3168 vel
437 3111 521 3171 solus
544 3110 616 3171 dari.
652 3111 742 3172 Solus
765 3110 853 3170 datus
876 3109 947 3171 laeit
968 3110 1059 3188 parti·

136 3189 236 3267 cipem
260 3189 420 3272 bonorum,
445 3201 476 3252 nt
498 3195 572 3254 satis
596 3213 688 3275 supra
710 3202 756 3255 est
778 3194 903 3255 dietum.

222 3268 306 3334 Haec
328 3275 353 3333 si
376 3284 479 3337 essent
500 3285 583 3337 certa
606 3284 636 3337 et
659 3298 748 3357 vera,
765 3285 953 3358 sequeretur,
976 3274 1057 3353 quod

136 3353 361 3434 indulgentiae,
387 3359 416 3418 in
441 3366 586 3438 quantum
610 3360 701 3440 tales,
725 3380 850 3441 prorsus
875 3359 950 3420 nihil
969 3357 1059 3440 prod·

137 3446 241 3497 essent
264 3440 439 3519 animabus,
470 3443 527 3502 nisi
561 3445 642 3521 quod
677 3463 779 3504 coram
803 3443 936 3503 ecelesia
959 3440 1058 3506 absol·

136 3528 281 3580 verentur
306 3521 352 3595 (id
377 3531 432 3603 est,
456 3525 691 3587 denunciaretur
713 3546 765 3586 eas
790 3546 859 3587 esse
871 3525 1059 3603 absolutas),

137 3608 190 3662 aut
213 3605 238 3662 si
260 3603 452 3686 prodessent,
475 3626 537 3668 non
559 3608 589 3668 id
608 3607 817 3670 fleretrlrtute
838 3610 982 3688 ipsarum,
1005 3607 1059 3668 sed

193 3795 223 3864 1)
241 3770 273 3848 ln
292 3795 333 3849 ed.
352 3796 432 3850 den:
452 3796 534 3850 velut.
577 3796 604 3864 2)
625 3798 654 3849 In
674 3797 716 3851 ed.
736 3799 839 3866 prinu:
859 3803 958 3854 certae.
