<?xml version="1.0" encoding="UTF-8"?>
<!DOCTYPE html PUBLIC "-//W3C//DTD XHTML 1.0 Transitional//EN"
    "http://www.w3.org/TR/xhtml1/DTD/xhtml1-transitional.dtd">
<html xmlns="http://www.w3.org/1999/xhtml" xml:lang="en" lang="en">
 <head>
  <title>
</title>
<meta http-equiv="Content-Type" content="text/html;charset=utf-8" />
  <meta name='ocr-system' content='tesseract 3.04.00' />
  <meta name='ocr-capabilities' content='ocr_page ocr_carea ocr_par ocr_line ocrx_word'/>
</head>
<body>
  <div class='ocr_page' id='page_1' title='image "./dmartinilutheri01luthgoog_0851.png"; bbox 0 0 2356 4200; ppageno 0'>
   <div class='ocr_carea' id='block_1_1' title="bbox 105 281 816 368">
    <p class='ocr_par' dir='ltr' id='par_1_1' title="bbox 105 281 816 368">
     <span class='ocr_line' id='line_1_1' title="bbox 105 281 816 368; baseline 0.001 -30"><span class='ocrx_word' id='word_1_1' title='bbox 105 283 184 368; x_wconf 35' lang='grc'>’388</span> <span class='ocrx_word' id='word_1_2' title='bbox 348 281 416 339; x_wconf 72' lang='lat' dir='ltr'>Acta</span> <span class='ocrx_word' id='word_1_3' title='bbox 433 285 463 338; x_wconf 84' lang='grc' dir='ltr'>ί).</span> <span class='ocrx_word' id='word_1_4' title='bbox 482 284 558 339; x_wconf 81' lang='lat' dir='ltr'>hiart.</span> <span class='ocrx_word' id='word_1_5' title='bbox 578 284 655 338; x_wconf 85' lang='lat' dir='ltr'>Luth.</span> <span class='ocrx_word' id='word_1_6' title='bbox 674 288 816 354; x_wconf 76' lang='lat' dir='ltr'>Augustsc</span> 
     </span>
    </p>
   </div>
   <div class='ocr_carea' id='block_1_2' title="bbox 104 455 1051 3608">
    <p class='ocr_par' dir='ltr' id='par_1_2' title="bbox 121 455 1051 1039">
     <span class='ocr_line' id='line_1_2' title="bbox 121 455 1049 540; baseline -0.003 -20"><span class='ocrx_word' id='word_1_7' title='bbox 121 476 204 540; x_wconf 84' lang='lat' dir='ltr'>papa</span> <span class='ocrx_word' id='word_1_8' title='bbox 225 464 312 519; x_wconf 87' lang='lat' dir='ltr'>tanta</span> <span class='ocrx_word' id='word_1_9' title='bbox 333 471 411 518; x_wconf 85' lang='lat' dir='ltr'>voce</span> <span class='ocrx_word' id='word_1_10' title='bbox 424 455 546 535; x_wconf 76' lang='lat' dir='ltr'>clamet,</span> <span class='ocrx_word' id='word_1_11' title='bbox 569 474 631 518; x_wconf 95' lang='lat' dir='ltr'>non</span> <span class='ocrx_word' id='word_1_12' title='bbox 648 455 806 538; x_wconf 75' lang='lat' dir='ltr'>synodicis</span> <span class='ocrx_word' id='word_1_13' title='bbox 828 456 973 536; x_wconf 51' lang='lat' dir='ltr'>decretis</span> <span class='ocrx_word' id='word_1_14' title='bbox 997 456 1049 517; x_wconf 86' lang='lat' dir='ltr'>sed</span> 
     </span>
     <span class='ocr_line' id='line_1_3' title="bbox 124 538 1051 622; baseline 0.001 -23"><span class='ocrx_word' id='word_1_15' title='bbox 124 540 306 622; x_wconf 78' lang='lat' dir='ltr'>evangelica</span> <span class='ocrx_word' id='word_1_16' title='bbox 328 558 407 601; x_wconf 86' lang='lat' dir='ltr'>voce</span> <span class='ocrx_word' id='word_1_17' title='bbox 430 539 528 618; x_wconf 83' lang='lat' dir='ltr'>(bene</span> <span class='ocrx_word' id='word_1_18' title='bbox 550 559 652 618; x_wconf 85' lang='lat' dir='ltr'>voce,</span> <span class='ocrx_word' id='word_1_19' title='bbox 684 539 739 601; x_wconf 88' lang='lat' dir='ltr'>sed</span> <span class='ocrx_word' id='word_1_20' title='bbox 762 558 826 600; x_wconf 93' lang='lat' dir='ltr'>non</span> <span class='ocrx_word' id='word_1_21' title='bbox 849 559 945 601; x_wconf 87' lang='lat' dir='ltr'>sensu</span> <span class='ocrx_word' id='word_1_22' title='bbox 988 538 1051 601; x_wconf 81' lang='lat' dir='ltr'>Ro·</span> 
     </span>
     <span class='ocr_line' id='line_1_4' title="bbox 123 620 1050 704; baseline 0 -21"><span class='ocrx_word' id='word_1_23' title='bbox 123 641 247 686; x_wconf 80' lang='lat' dir='ltr'>manum</span> <span class='ocrx_word' id='word_1_24' title='bbox 265 623 430 684; x_wconf 88' lang='lat' dir='ltr'>ecclesiam</span> <span class='ocrx_word' id='word_1_25' title='bbox 461 641 530 686; x_wconf 90' lang='lat' dir='ltr'>esse</span> <span class='ocrx_word' id='word_1_26' title='bbox 564 625 675 684; x_wconf 88' lang='lat' dir='ltr'>ceteris</span> <span class='ocrx_word' id='word_1_27' title='bbox 697 620 837 684; x_wconf 88' lang='lat' dir='ltr'>ecclesiis</span> <span class='ocrx_word' id='word_1_28' title='bbox 864 634 943 704; x_wconf 72' lang='lat' dir='ltr'>prae</span> <span class='ocrx_word' id='word_1_29' title='bbox 956 628 1050 701; x_wconf 72' lang='lat' dir='ltr'>amm,</span> 
     </span>
     <span class='ocr_line' id='line_1_5' title="bbox 124 703 1051 786; baseline 0 -20"><span class='ocrx_word' id='word_1_30' title='bbox 124 704 215 768; x_wconf 84' lang='lat' dir='ltr'>etad</span> <span class='ocrx_word' id='word_1_31' title='bbox 237 705 269 767; x_wconf 91' lang='lat' dir='ltr'>id</span> <span class='ocrx_word' id='word_1_32' title='bbox 291 705 417 767; x_wconf 88' lang='lat' dir='ltr'>inducat</span> <span class='ocrx_word' id='word_1_33' title='bbox 438 704 520 766; x_wconf 92' lang='lat' dir='ltr'>hunc</span> <span class='ocrx_word' id='word_1_34' title='bbox 531 705 677 767; x_wconf 82' lang='lat' dir='ltr'>Matthaei</span> <span class='ocrx_word' id='word_1_35' title='bbox 692 703 827 786; x_wconf 90' lang='lat' dir='ltr'>apostoli</span> <span class='ocrx_word' id='word_1_36' title='bbox 849 705 967 785; x_wconf 86' lang='lat' dir='ltr'>locum,</span> <span class='ocrx_word' id='word_1_37' title='bbox 990 724 1051 766; x_wconf 88' lang='lat' dir='ltr'>cre·</span> 
     </span>
     <span class='ocr_line' id='line_1_6' title="bbox 124 787 1050 870; baseline 0 -21"><span class='ocrx_word' id='word_1_38' title='bbox 124 787 212 851; x_wconf 77' lang='lat' dir='ltr'>diane</span> <span class='ocrx_word' id='word_1_39' title='bbox 234 807 284 850; x_wconf 85' lang='lat' dir='ltr'>me</span> <span class='ocrx_word' id='word_1_40' title='bbox 304 788 480 850; x_wconf 84' lang='lat' dir='ltr'>relicturum</span> <span class='ocrx_word' id='word_1_41' title='bbox 511 789 724 870; x_wconf 85' lang='lat' dir='ltr'>evangelicum</span> <span class='ocrx_word' id='word_1_42' title='bbox 747 808 893 868; x_wconf 85' lang='lat' dir='ltr'>sensum,</span> <span class='ocrx_word' id='word_1_43' title='bbox 926 795 959 850; x_wconf 88' lang='lat' dir='ltr'>et</span> <span class='ocrx_word' id='word_1_44' title='bbox 989 806 1050 852; x_wconf 90' lang='lat' dir='ltr'>non</span> 
     </span>
     <span class='ocr_line' id='line_1_7' title="bbox 124 870 1049 970; baseline 0 -38"><span class='ocrx_word' id='word_1_45' title='bbox 124 870 183 933; x_wconf 82' lang='lat' dir='ltr'>nisi</span> <span class='ocrx_word' id='word_1_46' title='bbox 200 871 317 954; x_wconf 80' lang='lat' dir='ltr'>Pelagii</span> <span class='ocrx_word' id='word_1_47' title='bbox 341 890 465 933; x_wconf 88' lang='lat' dir='ltr'>sensum</span> <span class='ocrx_word' id='word_1_48' title='bbox 487 871 719 970; x_wconf 81' lang='lat' dir='ltr'>amplexurum,</span> <span class='ocrx_word' id='word_1_49' title='bbox 749 873 799 952; x_wconf 88' lang='lat' dir='ltr'>qui</span> <span class='ocrx_word' id='word_1_50' title='bbox 821 890 953 949; x_wconf 87' lang='lat' dir='ltr'>vocem,</span> <span class='ocrx_word' id='word_1_51' title='bbox 988 889 1049 935; x_wconf 88' lang='lat' dir='ltr'>non</span> 
     </span>
     <span class='ocr_line' id='line_1_8' title="bbox 125 954 762 1039; baseline -0.002 -24"><span class='ocrx_word' id='word_1_52' title='bbox 125 958 248 1016; x_wconf 76' lang='lat' dir='ltr'>sancum</span> <span class='ocrx_word' id='word_1_53' title='bbox 272 955 427 1039; x_wconf 86' lang='lat' dir='ltr'>evangelii</span> <span class='ocrx_word' id='word_1_54' title='bbox 446 973 516 1016; x_wconf 85' lang='lat' dir='ltr'>sese</span> <span class='ocrx_word' id='word_1_55' title='bbox 536 962 632 1015; x_wconf 77' lang='lat' dir='ltr'>iactat</span> <span class='ocrx_word' id='word_1_56' title='bbox 653 954 762 1034; x_wconf 83' lang='lat' dir='ltr'>sequi?</span> 
     </span>
    </p>

    <p class='ocr_par' dir='ltr' id='par_1_3' title="bbox 107 1036 1050 1783">
     <span class='ocr_line' id='line_1_9' title="bbox 206 1036 1050 1118; baseline 0.002 -20"><span class='ocrx_word' id='word_1_57' title='bbox 206 1036 277 1099; x_wconf 89' lang='lat' dir='ltr'>Non</span> <span class='ocrx_word' id='word_1_58' title='bbox 300 1037 383 1118; x_wconf 87' lang='lat' dir='ltr'>quod</span> <span class='ocrx_word' id='word_1_59' title='bbox 405 1055 518 1098; x_wconf 90' lang='lat' dir='ltr'>novam</span> <span class='ocrx_word' id='word_1_60' title='bbox 542 1036 751 1099; x_wconf 73' lang='lat' dir='ltr'><strong>monarchiam</strong></span> <span class='ocrx_word' id='word_1_61' title='bbox 767 1039 864 1099; x_wconf 86' lang='lat' dir='ltr'>nostri</span> <span class='ocrx_word' id='word_1_62' title='bbox 881 1038 982 1098; x_wconf 82' lang='lat' dir='ltr'>seculi</span> <span class='ocrx_word' id='word_1_63' title='bbox 992 1038 1050 1100; x_wconf 79' lang='lat' dir='ltr'>uo-</span> 
     </span>
     <span class='ocr_line' id='line_1_10' title="bbox 125 1119 1050 1202; baseline -0.001 -20"><span class='ocrx_word' id='word_1_64' title='bbox 125 1139 284 1184; x_wconf 83' lang='lat' dir='ltr'>manorum</span> <span class='ocrx_word' id='word_1_65' title='bbox 307 1121 448 1181; x_wconf 90' lang='lat' dir='ltr'>damnem</span> <span class='ocrx_word' id='word_1_66' title='bbox 470 1127 524 1181; x_wconf 89' lang='lat' dir='ltr'>aut</span> <span class='ocrx_word' id='word_1_67' title='bbox 544 1140 666 1202; x_wconf 84' lang='lat' dir='ltr'>negem,</span> <span class='ocrx_word' id='word_1_68' title='bbox 688 1121 742 1182; x_wconf 93' lang='lat' dir='ltr'>sed</span> <span class='ocrx_word' id='word_1_69' title='bbox 766 1119 849 1201; x_wconf 90' lang='lat' dir='ltr'>quod</span> <span class='ocrx_word' id='word_1_70' title='bbox 872 1122 937 1183; x_wconf 83' lang='lat' dir='ltr'>vim</span> <span class='ocrx_word' id='word_1_71' title='bbox 960 1122 1050 1202; x_wconf 83' lang='lat' dir='ltr'>scrip·</span> 
     </span>
     <span class='ocr_line' id='line_1_11' title="bbox 107 1202 1048 1284; baseline 0 -19"><span class='ocrx_word' id='word_1_72' title='bbox 107 1212 210 1265; x_wconf 80' lang='lat' dir='ltr'>&#39;mrae</span> <span class='ocrx_word' id='word_1_73' title='bbox 230 1203 330 1265; x_wconf 86' lang='lat' dir='ltr'>verbis</span> <span class='ocrx_word' id='word_1_74' title='bbox 352 1202 416 1264; x_wconf 88' lang='lat' dir='ltr'>fleri</span> <span class='ocrx_word' id='word_1_75' title='bbox 439 1203 546 1283; x_wconf 89' lang='lat' dir='ltr'>nolim,</span> <span class='ocrx_word' id='word_1_76' title='bbox 568 1211 599 1265; x_wconf 87' lang='lat' dir='ltr'>et</span> <span class='ocrx_word' id='word_1_77' title='bbox 619 1205 893 1265; x_wconf 84' lang='lat' dir='ltr'>insulsissimorum</span> <span class='ocrx_word' id='word_1_78' title='bbox 918 1222 1048 1284; x_wconf 88' lang='lat' dir='ltr'>quorun·</span> 
     </span>
     <span class='ocr_line' id='line_1_12' title="bbox 123 1285 1048 1368; baseline -0.001 -20"><span class='ocrx_word' id='word_1_79' title='bbox 123 1286 195 1367; x_wconf 67' lang='lat' dir='ltr'>pam</span> <span class='ocrx_word' id='word_1_80' title='bbox 218 1285 556 1360; x_wconf 86' lang='lat' dir='ltr'>hominumstultitiam</span> <span class='ocrx_word' id='word_1_81' title='bbox 569 1286 741 1368; x_wconf 81' lang='lat' dir='ltr'><strong>reprobem,</strong></span> <span class='ocrx_word' id='word_1_82' title='bbox 764 1288 815 1367; x_wconf 88' lang='lat' dir='ltr'>qui</span> <span class='ocrx_word' id='word_1_83' title='bbox 836 1286 929 1348; x_wconf 84' lang='lat' dir='ltr'>nobis</span> <span class='ocrx_word' id='word_1_84' title='bbox 955 1286 1048 1349; x_wconf 85' lang='lat' dir='ltr'>eccle-</span> 
     </span>
     <span class='ocr_line' id='line_1_13' title="bbox 125 1367 1047 1453; baseline 0.002 -23"><span class='ocrx_word' id='word_1_85' title='bbox 125 1370 200 1431; x_wconf 81' lang='lat' dir='ltr'>siam</span> <span class='ocrx_word' id='word_1_86' title='bbox 223 1367 334 1431; x_wconf 80' lang='lat' dir='ltr'>Christi</span> <span class='ocrx_word' id='word_1_87' title='bbox 356 1371 490 1453; x_wconf 80' lang='lat' dir='ltr'>tempori</span> <span class='ocrx_word' id='word_1_88' title='bbox 512 1378 542 1430; x_wconf 86' lang='lat' dir='ltr'>et</span> <span class='ocrx_word' id='word_1_89' title='bbox 563 1369 635 1431; x_wconf 89' lang='lat' dir='ltr'>loco</span> <span class='ocrx_word' id='word_1_90' title='bbox 659 1369 823 1431; x_wconf 83' lang='lat' dir='ltr'>affixerunt</span> <span class='ocrx_word' id='word_1_91' title='bbox 852 1377 966 1432; x_wconf 84' lang='lat' dir='ltr'>contra</span> <span class='ocrx_word' id='word_1_92' title='bbox 987 1388 1047 1432; x_wconf 79' lang='lat' dir='ltr'>ver·</span> 
     </span>
     <span class='ocr_line' id='line_1_14' title="bbox 124 1450 1047 1535; baseline 0 -21"><span class='ocrx_word' id='word_1_93' title='bbox 124 1450 197 1514; x_wconf 81' lang='lat' dir='ltr'>hum</span> <span class='ocrx_word' id='word_1_94' title='bbox 218 1450 331 1513; x_wconf 83' lang='lat' dir='ltr'>Christi</span> <span class='ocrx_word' id='word_1_95' title='bbox 356 1451 486 1513; x_wconf 87' lang='lat' dir='ltr'>dicentis</span> <span class='ocrx_word' id='word_1_96' title='bbox 509 1452 566 1529; x_wconf 11' lang='lat' dir='ltr'>*):y</span> <span class='ocrx_word' id='word_1_97' title='bbox 606 1451 676 1515; x_wconf 88' lang='lat' dir='ltr'>Non</span> <span class='ocrx_word' id='word_1_98' title='bbox 705 1454 809 1514; x_wconf 86' lang='lat' dir='ltr'>veniet</span> <span class='ocrx_word' id='word_1_99' title='bbox 837 1472 970 1535; x_wconf 83' lang='lat' dir='ltr'>regnum</span> <span class='ocrx_word' id='word_1_100' title='bbox 994 1452 1047 1515; x_wconf 86' lang='lat' dir='ltr'>Dei</span> 
     </span>
     <span class='ocr_line' id='line_1_15' title="bbox 124 1534 1044 1617; baseline -0.001 -20"><span class='ocrx_word' id='word_1_101' title='bbox 124 1546 193 1597; x_wconf 82' lang='lat' dir='ltr'>cum</span> <span class='ocrx_word' id='word_1_102' title='bbox 214 1534 452 1616; x_wconf 87' lang='lat' dir='ltr'>observatione,</span> <span class='ocrx_word' id='word_1_103' title='bbox 479 1542 511 1596; x_wconf 91' lang='lat' dir='ltr'>et</span> <span class='ocrx_word' id='word_1_104' title='bbox 532 1534 736 1598; x_wconf 90' lang='lat' dir='ltr'>Christianum</span> <span class='ocrx_word' id='word_1_105' title='bbox 771 1554 840 1598; x_wconf 89' lang='lat' dir='ltr'>esse</span> <span class='ocrx_word' id='word_1_106' title='bbox 869 1556 968 1617; x_wconf 83' lang='lat' dir='ltr'>posse</span> <span class='ocrx_word' id='word_1_107' title='bbox 997 1554 1044 1597; x_wconf 84' lang='lat' dir='ltr'>uu·</span> 
     </span>
     <span class='ocr_line' id='line_1_16' title="bbox 125 1617 1047 1700; baseline 0.002 -21"><span class='ocrx_word' id='word_1_108' title='bbox 125 1617 199 1679; x_wconf 86' lang='lat' dir='ltr'>dent</span> <span class='ocrx_word' id='word_1_109' title='bbox 220 1636 343 1699; x_wconf 84' lang='lat' dir='ltr'>negare,</span> <span class='ocrx_word' id='word_1_110' title='bbox 366 1621 501 1699; x_wconf 90' lang='lat' dir='ltr'>quinon</span> <span class='ocrx_word' id='word_1_111' title='bbox 523 1617 581 1679; x_wconf 87' lang='lat' dir='ltr'>sub</span> <span class='ocrx_word' id='word_1_112' title='bbox 606 1619 749 1682; x_wconf 87' lang='lat' dir='ltr'>Romano</span> <span class='ocrx_word' id='word_1_113' title='bbox 772 1618 922 1700; x_wconf 84' lang='lat' dir='ltr'>pontifice</span> <span class='ocrx_word' id='word_1_114' title='bbox 946 1619 1047 1681; x_wconf 86' lang='lat' dir='ltr'>decre·</span> 
     </span>
     <span class='ocr_line' id='line_1_17' title="bbox 124 1701 625 1783; baseline 0.008 -23"><span class='ocrx_word' id='word_1_115' title='bbox 124 1701 226 1782; x_wconf 74' lang='lat' dir='ltr'>uisque</span> <span class='ocrx_word' id='word_1_116' title='bbox 249 1702 315 1761; x_wconf 89' lang='lat' dir='ltr'>eius</span> <span class='ocrx_word' id='word_1_117' title='bbox 339 1720 505 1783; x_wconf 90' lang='lat' dir='ltr'>oppressus</span> <span class='ocrx_word' id='word_1_118' title='bbox 526 1702 625 1764; x_wconf 81' lang='lat' dir='ltr'>fuerit.</span> 
     </span>
    </p>

    <p class='ocr_par' dir='ltr' id='par_1_4' title="bbox 123 1782 1048 3029">
     <span class='ocr_line' id='line_1_18' title="bbox 216 1782 1047 1867; baseline 0 -21"><span class='ocrx_word' id='word_1_119' title='bbox 216 1782 266 1846; x_wconf 88' lang='lat' dir='ltr'>Ac</span> <span class='ocrx_word' id='word_1_120' title='bbox 293 1786 337 1845; x_wconf 93' lang='lat' dir='ltr'>sic</span> <span class='ocrx_word' id='word_1_121' title='bbox 379 1784 449 1867; x_wconf 92' lang='lat' dir='ltr'>plus</span> <span class='ocrx_word' id='word_1_122' title='bbox 485 1804 577 1867; x_wconf 89' lang='lat' dir='ltr'>quarn</span> <span class='ocrx_word' id='word_1_123' title='bbox 613 1787 860 1866; x_wconf 86' lang='lat' dir='ltr'>octingentorum</span> <span class='ocrx_word' id='word_1_124' title='bbox 896 1804 1047 1848; x_wconf 88' lang='lat' dir='ltr'>annorum</span> 
     </span>
     <span class='ocr_line' id='line_1_19' title="bbox 125 1865 1046 1930; baseline 0.003 -3"><span class='ocrx_word' id='word_1_125' title='bbox 125 1865 315 1928; x_wconf 85' lang='lat' dir='ltr'>Christianos</span> <span class='ocrx_word' id='word_1_126' title='bbox 339 1869 432 1928; x_wconf 85' lang='lat' dir='ltr'>totius</span> <span class='ocrx_word' id='word_1_127' title='bbox 456 1867 588 1929; x_wconf 86' lang='lat' dir='ltr'>Orientis</span> <span class='ocrx_word' id='word_1_128' title='bbox 601 1875 632 1928; x_wconf 91' lang='lat' dir='ltr'>et</span> <span class='ocrx_word' id='word_1_129' title='bbox 642 1867 767 1930; x_wconf 83' lang='lat' dir='ltr'>Africae</span> <span class='ocrx_word' id='word_1_130' title='bbox 785 1867 877 1929; x_wconf 91' lang='lat' dir='ltr'>nobis</span> <span class='ocrx_word' id='word_1_131' title='bbox 899 1887 941 1929; x_wconf 89' lang='lat' dir='ltr'>ex</span> <span class='ocrx_word' id='word_1_132' title='bbox 954 1867 1046 1930; x_wconf 86' lang='lat' dir='ltr'>eccle-</span> 
     </span>
     <span class='ocr_line' id='line_1_20' title="bbox 125 1948 1046 2035; baseline 0.002 -25"><span class='ocrx_word' id='word_1_133' title='bbox 125 1949 171 2011; x_wconf 82' lang='lat' dir='ltr'>sia</span> <span class='ocrx_word' id='word_1_134' title='bbox 191 1948 303 2012; x_wconf 76' lang='lat' dir='ltr'>Christi</span> <span class='ocrx_word' id='word_1_135' title='bbox 325 1951 459 2031; x_wconf 64' lang='lat' dir='ltr'>efficiunt,</span> <span class='ocrx_word' id='word_1_136' title='bbox 481 1953 532 2031; x_wconf 91' lang='lat' dir='ltr'>qui</span> <span class='ocrx_word' id='word_1_137' title='bbox 554 1969 708 2030; x_wconf 87' lang='lat' dir='ltr'>nunquam</span> <span class='ocrx_word' id='word_1_138' title='bbox 727 1949 783 2012; x_wconf 91' lang='lat' dir='ltr'>sub</span> <span class='ocrx_word' id='word_1_139' title='bbox 804 1950 953 2014; x_wconf 86' lang='lat' dir='ltr'>Romano</span> <span class='ocrx_word' id='word_1_140' title='bbox 974 1971 1046 2035; x_wconf 84' lang='lat' dir='ltr'>pon·</span> 
     </span>
     <span class='ocr_line' id='line_1_21' title="bbox 123 2030 1046 2131; baseline 0.001 -36"><span class='ocrx_word' id='word_1_141' title='bbox 123 2030 207 2096; x_wconf 77' lang='lat' dir='ltr'>nuce</span> <span class='ocrx_word' id='word_1_142' title='bbox 227 2033 358 2113; x_wconf 86' lang='lat' dir='ltr'>fuerunt,</span> <span class='ocrx_word' id='word_1_143' title='bbox 382 2053 440 2094; x_wconf 91' lang='lat' dir='ltr'>nec</span> <span class='ocrx_word' id='word_1_144' title='bbox 461 2033 654 2131; x_wconf 73' lang='lat' dir='ltr'>evangelium</span> <span class='ocrx_word' id='word_1_145' title='bbox 676 2052 810 2112; x_wconf 89' lang='lat' dir='ltr'>unquam</span> <span class='ocrx_word' id='word_1_146' title='bbox 825 2034 870 2094; x_wconf 89' lang='lat' dir='ltr'>sic</span> <span class='ocrx_word' id='word_1_147' title='bbox 887 2034 1046 2096; x_wconf 80' lang='lat' dir='ltr'>intellexe-</span> 
     </span>
     <span class='ocr_line' id='line_1_22' title="bbox 124 2115 1047 2200; baseline 0.001 -23"><span class='ocrx_word' id='word_1_148' title='bbox 124 2124 208 2195; x_wconf 83' lang='lat' dir='ltr'>runt:</span> <span class='ocrx_word' id='word_1_149' title='bbox 231 2136 301 2177; x_wconf 87' lang='lat' dir='ltr'>nam</span> <span class='ocrx_word' id='word_1_150' title='bbox 324 2116 425 2177; x_wconf 86' lang='lat' dir='ltr'>adhuc</span> <span class='ocrx_word' id='word_1_151' title='bbox 447 2115 476 2178; x_wconf 73' lang='lat' dir='ltr'>S.</span> <span class='ocrx_word' id='word_1_152' title='bbox 486 2115 627 2196; x_wconf 82' lang='lat' dir='ltr'>Gregorii</span> <span class='ocrx_word' id='word_1_153' title='bbox 640 2123 779 2197; x_wconf 89' lang='lat' dir='ltr'>tempore</span> <span class='ocrx_word' id='word_1_154' title='bbox 799 2116 963 2179; x_wconf 83' lang='lat' dir='ltr'>Romanus</span> <span class='ocrx_word' id='word_1_155' title='bbox 976 2136 1047 2200; x_wconf 90' lang='lat' dir='ltr'>pou·</span> 
     </span>
     <span class='ocr_line' id='line_1_23' title="bbox 124 2198 1048 2282; baseline 0.001 -22"><span class='ocrx_word' id='word_1_156' title='bbox 124 2198 199 2260; x_wconf 78' lang='lat' dir='ltr'>tifex</span> <span class='ocrx_word' id='word_1_157' title='bbox 219 2199 400 2260; x_wconf 87' lang='lat' dir='ltr'>universalis</span> <span class='ocrx_word' id='word_1_158' title='bbox 422 2199 584 2280; x_wconf 88' lang='lat' dir='ltr'>episcopus</span> <span class='ocrx_word' id='word_1_159' title='bbox 607 2218 670 2260; x_wconf 93' lang='lat' dir='ltr'>non</span> <span class='ocrx_word' id='word_1_160' title='bbox 694 2199 897 2279; x_wconf 81' lang='lat' dir='ltr'>salutabatur,</span> <span class='ocrx_word' id='word_1_161' title='bbox 921 2202 987 2264; x_wconf 90' lang='lat' dir='ltr'>imo</span> <span class='ocrx_word' id='word_1_162' title='bbox 1008 2202 1048 2282; x_wconf 92' lang='lat' dir='ltr'>ip-</span> 
     </span>
     <span class='ocr_line' id='line_1_24' title="bbox 125 2281 1048 2365; baseline 0.004 -24"><span class='ocrx_word' id='word_1_163' title='bbox 125 2289 223 2343; x_wconf 89' lang='lat' dir='ltr'>semet</span> <span class='ocrx_word' id='word_1_164' title='bbox 243 2281 336 2363; x_wconf 83' lang='lat' dir='ltr'>Creg.</span> <span class='ocrx_word' id='word_1_165' title='bbox 358 2281 431 2342; x_wconf 88' lang='lat' dir='ltr'>licet</span> <span class='ocrx_word' id='word_1_166' title='bbox 441 2281 599 2343; x_wconf 88' lang='lat' dir='ltr'>Romanus</span> <span class='ocrx_word' id='word_1_167' title='bbox 622 2283 787 2364; x_wconf 87' lang='lat' dir='ltr'>episcopus</span> <span class='ocrx_word' id='word_1_168' title='bbox 810 2284 970 2344; x_wconf 73' lang='lat' dir='ltr'>acerrime</span> <span class='ocrx_word' id='word_1_169' title='bbox 983 2303 1048 2365; x_wconf 89' lang='lat' dir='ltr'>per·</span> 
     </span>
     <span class='ocr_line' id='line_1_25' title="bbox 124 2365 1046 2447; baseline 0.004 -23"><span class='ocrx_word' id='word_1_170' title='bbox 124 2367 258 2446; x_wconf 84' lang='lat' dir='ltr'>sequitur</span> <span class='ocrx_word' id='word_1_171' title='bbox 279 2383 391 2425; x_wconf 89' lang='lat' dir='ltr'>nomen</span> <span class='ocrx_word' id='word_1_172' title='bbox 416 2365 595 2426; x_wconf 82' lang='lat' dir='ltr'>uniuersalis</span> <span class='ocrx_word' id='word_1_173' title='bbox 616 2368 754 2447; x_wconf 79' lang='lat' dir='ltr'>episcopi</span> <span class='ocrx_word' id='word_1_174' title='bbox 776 2374 808 2429; x_wconf 89' lang='lat' dir='ltr'>et</span> <span class='ocrx_word' id='word_1_175' title='bbox 830 2367 928 2427; x_wconf 89' lang='lat' dir='ltr'>totius</span> <span class='ocrx_word' id='word_1_176' title='bbox 952 2366 1046 2429; x_wconf 87' lang='lat' dir='ltr'>eccle·</span> 
     </span>
     <span class='ocr_line' id='line_1_26' title="bbox 124 2447 1048 2530; baseline 0.002 -22"><span class='ocrx_word' id='word_1_177' title='bbox 124 2448 187 2509; x_wconf 85' lang='lat' dir='ltr'>siae</span> <span class='ocrx_word' id='word_1_178' title='bbox 210 2447 387 2530; x_wconf 85' lang='lat' dir='ltr'>pontificem</span> <span class='ocrx_word' id='word_1_179' title='bbox 410 2447 477 2528; x_wconf 88' lang='lat' dir='ltr'>pius</span> <span class='ocrx_word' id='word_1_180' title='bbox 499 2448 562 2509; x_wconf 85' lang='lat' dir='ltr'>fere</span> <span class='ocrx_word' id='word_1_181' title='bbox 585 2468 639 2509; x_wconf 88' lang='lat' dir='ltr'>sex</span> <span class='ocrx_word' id='word_1_182' title='bbox 662 2450 821 2530; x_wconf 69' lang='lat' dir='ltr'>epistolis,</span> <span class='ocrx_word' id='word_1_183' title='bbox 852 2458 974 2512; x_wconf 90' lang='lat' dir='ltr'>utnon</span> <span class='ocrx_word' id='word_1_184' title='bbox 999 2449 1048 2510; x_wconf 90' lang='lat' dir='ltr'>du·</span> 
     </span>
     <span class='ocr_line' id='line_1_27' title="bbox 124 2530 1048 2614; baseline 0.002 -22"><span class='ocrx_word' id='word_1_185' title='bbox 124 2531 199 2593; x_wconf 80' lang='lat' dir='ltr'>citet</span> <span class='ocrx_word' id='word_1_186' title='bbox 220 2530 402 2593; x_wconf 88' lang='lat' dir='ltr'>vocabulum</span> <span class='ocrx_word' id='word_1_187' title='bbox 426 2531 575 2591; x_wconf 88' lang='lat' dir='ltr'>eiusmodi</span> <span class='ocrx_word' id='word_1_188' title='bbox 589 2532 748 2612; x_wconf 86' lang='lat' dir='ltr'>profanum</span> <span class='ocrx_word' id='word_1_189' title='bbox 772 2532 944 2613; x_wconf 89' lang='lat' dir='ltr'>appellare,</span> <span class='ocrx_word' id='word_1_190' title='bbox 968 2533 1048 2614; x_wconf 87' lang='lat' dir='ltr'>quod</span> 
     </span>
     <span class='ocr_line' id='line_1_28' title="bbox 124 2613 1048 2695; baseline 0.002 -20"><span class='ocrx_word' id='word_1_191' title='bbox 124 2621 230 2676; x_wconf 86' lang='lat' dir='ltr'>nostro</span> <span class='ocrx_word' id='word_1_192' title='bbox 242 2616 350 2676; x_wconf 75' lang='lat' dir='ltr'>seculo</span> <span class='ocrx_word' id='word_1_193' title='bbox 363 2620 394 2675; x_wconf 90' lang='lat' dir='ltr'>et</span> <span class='ocrx_word' id='word_1_194' title='bbox 412 2613 512 2675; x_wconf 93' lang='lat' dir='ltr'>solum</span> <span class='ocrx_word' id='word_1_195' title='bbox 529 2616 703 2695; x_wconf 87' lang='lat' dir='ltr'>appellatur</span> <span class='ocrx_word' id='word_1_196' title='bbox 724 2616 965 2677; x_wconf 89' lang='lat' dir='ltr'>sanctissimum.</span> <span class='ocrx_word' id='word_1_197' title='bbox 988 2615 1048 2678; x_wconf 79' lang='lat' dir='ltr'>sic-</span> 
     </span>
     <span class='ocr_line' id='line_1_29' title="bbox 125 2697 1048 2778; baseline 0.001 -20"><span class='ocrx_word' id='word_1_198' title='bbox 125 2706 158 2759; x_wconf 90' lang='lat' dir='ltr'>ut</span> <span class='ocrx_word' id='word_1_199' title='bbox 189 2698 270 2758; x_wconf 91' lang='lat' dir='ltr'>enim</span> <span class='ocrx_word' id='word_1_200' title='bbox 293 2697 398 2759; x_wconf 87' lang='lat' dir='ltr'>Petrus</span> <span class='ocrx_word' id='word_1_201' title='bbox 431 2707 550 2757; x_wconf 88' lang='lat' dir='ltr'>ceteros</span> <span class='ocrx_word' id='word_1_202' title='bbox 573 2698 733 2778; x_wconf 88' lang='lat' dir='ltr'>apostolos</span> <span class='ocrx_word' id='word_1_203' title='bbox 756 2718 818 2760; x_wconf 91' lang='lat' dir='ltr'>non</span> <span class='ocrx_word' id='word_1_204' title='bbox 841 2701 963 2760; x_wconf 82' lang='lat' dir='ltr'>creavit</span> <span class='ocrx_word' id='word_1_205' title='bbox 988 2701 1048 2776; x_wconf 85' lang='lat' dir='ltr'>(sic</span> 
     </span>
     <span class='ocr_line' id='line_1_30' title="bbox 125 2780 1048 2862; baseline 0.003 -22"><span class='ocrx_word' id='word_1_206' title='bbox 125 2782 205 2840; x_wconf 87' lang='lat' dir='ltr'>enim</span> <span class='ocrx_word' id='word_1_207' title='bbox 217 2780 310 2842; x_wconf 89' lang='lat' dir='ltr'>hodie</span> <span class='ocrx_word' id='word_1_208' title='bbox 321 2786 451 2842; x_wconf 88' lang='lat' dir='ltr'>vocatur</span> <span class='ocrx_word' id='word_1_209' title='bbox 464 2781 629 2862; x_wconf 89' lang='lat' dir='ltr'>episcopos</span> <span class='ocrx_word' id='word_1_210' title='bbox 641 2781 670 2857; x_wconf 91' lang='lat'>¹)</span> <span class='ocrx_word' id='word_1_211' title='bbox 691 2782 919 2862; x_wconf 78' lang='lat' dir='ltr'>ordinare),ita</span> <span class='ocrx_word' id='word_1_212' title='bbox 930 2802 1048 2843; x_wconf 82' lang='lat' dir='ltr'>succes-</span> 
     </span>
     <span class='ocr_line' id='line_1_31' title="bbox 125 2862 1048 2945; baseline 0 -22"><span class='ocrx_word' id='word_1_213' title='bbox 125 2881 177 2923; x_wconf 87' lang='lat' dir='ltr'>sor</span> <span class='ocrx_word' id='word_1_214' title='bbox 196 2862 279 2923; x_wconf 85' lang='lat' dir='ltr'>Petri</span> <span class='ocrx_word' id='word_1_215' title='bbox 301 2863 417 2924; x_wconf 88' lang='lat' dir='ltr'>nullum</span> <span class='ocrx_word' id='word_1_216' title='bbox 447 2882 659 2924; x_wconf 79' lang='lat' dir='ltr'>successorem</span> <span class='ocrx_word' id='word_1_217' title='bbox 682 2864 811 2926; x_wconf 88' lang='lat' dir='ltr'>aliorum</span> <span class='ocrx_word' id='word_1_218' title='bbox 832 2865 1048 2945; x_wconf 84' lang='lat' dir='ltr'>apostolorum</span> 
     </span>
     <span class='ocr_line' id='line_1_32' title="bbox 125 2946 1047 3029; baseline 0.003 -24"><span class='ocrx_word' id='word_1_219' title='bbox 125 2947 254 3024; x_wconf 82' lang='lat' dir='ltr'>creavit,</span> <span class='ocrx_word' id='word_1_220' title='bbox 282 2946 414 3027; x_wconf 88' lang='lat' dir='ltr'>denique</span> <span class='ocrx_word' id='word_1_221' title='bbox 443 2966 506 3008; x_wconf 89' lang='lat' dir='ltr'>non</span> <span class='ocrx_word' id='word_1_222' title='bbox 536 2947 593 3006; x_wconf 89' lang='lat' dir='ltr'>nisi</span> <span class='ocrx_word' id='word_1_223' title='bbox 614 2947 737 3008; x_wconf 84' lang='lat' dir='ltr'>fratrem</span> <span class='ocrx_word' id='word_1_224' title='bbox 765 2955 796 3008; x_wconf 93' lang='lat' dir='ltr'>et</span> <span class='ocrx_word' id='word_1_225' title='bbox 825 2948 1047 3029; x_wconf 87' lang='lat' dir='ltr'>coepiscopum</span> 
     </span>
    </p>

    <p class='ocr_par' dir='ltr' id='par_1_5' title="bbox 106 3028 1049 3257">
     <span class='ocr_line' id='line_1_33' title="bbox 106 3028 1049 3113; baseline 0.003 -25"><span class='ocrx_word' id='word_1_226' title='bbox 106 3104 108 3110; x_wconf 15' lang='lat' dir='ltr'>y</span> <span class='ocrx_word' id='word_1_227' title='bbox 126 3035 157 3089; x_wconf 88' lang='lat' dir='ltr'>et</span> <span class='ocrx_word' id='word_1_228' title='bbox 178 3028 331 3110; x_wconf 85' lang='lat' dir='ltr'>collegam</span> <span class='ocrx_word' id='word_1_229' title='bbox 341 3036 534 3090; x_wconf 87' lang='lat' dir='ltr'>vocaverunt</span> <span class='ocrx_word' id='word_1_230' title='bbox 555 3029 727 3090; x_wconf 83' lang='lat' dir='ltr'>Romanum</span> <span class='ocrx_word' id='word_1_231' title='bbox 750 3030 934 3113; x_wconf 86' lang='lat' dir='ltr'>pontificem</span> <span class='ocrx_word' id='word_1_232' title='bbox 959 3033 1049 3095; x_wconf 88' lang='lat' dir='ltr'>ceteri</span> 
     </span>
     <span class='ocr_line' id='line_1_34' title="bbox 125 3110 1049 3196; baseline 0.002 -25"><span class='ocrx_word' id='word_1_233' title='bbox 125 3113 279 3192; x_wconf 84' lang='lat' dir='ltr'>episcopi,</span> <span class='ocrx_word' id='word_1_234' title='bbox 309 3119 341 3172; x_wconf 89' lang='lat' dir='ltr'>ut</span> <span class='ocrx_word' id='word_1_235' title='bbox 371 3111 543 3194; x_wconf 81' lang='lat' dir='ltr'>Cyprianus</span> <span class='ocrx_word' id='word_1_236' title='bbox 570 3110 766 3193; x_wconf 83' lang='lat' dir='ltr'>Cornelium,</span> <span class='ocrx_word' id='word_1_237' title='bbox 799 3121 830 3174; x_wconf 89' lang='lat' dir='ltr'>et</span> <span class='ocrx_word' id='word_1_238' title='bbox 856 3114 1049 3196; x_wconf 86' lang='lat' dir='ltr'>Augustinus</span> 
     </span>
     <span class='ocr_line' id='line_1_35' title="bbox 124 3193 477 3257; baseline 0.003 -3"><span class='ocrx_word' id='word_1_239' title='bbox 124 3193 315 3255; x_wconf 74' lang='lat' dir='ltr'>Bonifatium</span> <span class='ocrx_word' id='word_1_240' title='bbox 337 3200 368 3255; x_wconf 89' lang='lat' dir='ltr'>et</span> <span class='ocrx_word' id='word_1_241' title='bbox 389 3195 477 3257; x_wconf 91' lang='lat' dir='ltr'>alios.</span> 
     </span>
    </p>

    <p class='ocr_par' dir='ltr' id='par_1_6' title="bbox 123 3275 1050 3529">
     <span class='ocr_line' id='line_1_36' title="bbox 205 3275 1048 3358; baseline 0 -18"><span class='ocrx_word' id='word_1_242' title='bbox 205 3275 296 3340; x_wconf 84' lang='lat' dir='ltr'>Unde</span> <span class='ocrx_word' id='word_1_243' title='bbox 317 3277 347 3341; x_wconf 81' lang='lat' dir='ltr'>S.</span> <span class='ocrx_word' id='word_1_244' title='bbox 371 3287 473 3358; x_wconf 86' lang='lat' dir='ltr'>patres</span> <span class='ocrx_word' id='word_1_245' title='bbox 494 3277 569 3338; x_wconf 89' lang='lat' dir='ltr'>illud</span> <span class='ocrx_word' id='word_1_246' title='bbox 591 3278 753 3338; x_wconf 87' lang='lat' dir='ltr'>Matthaei:</span> <span class='ocrx_word' id='word_1_247' title='bbox 776 3277 845 3339; x_wconf 84' lang='lat' dir='ltr'>Tibi</span> <span class='ocrx_word' id='word_1_248' title='bbox 869 3278 965 3349; x_wconf 82' lang='lat' dir='ltr'>dabo.</span> <span class='ocrx_word' id='word_1_249' title='bbox 989 3299 1048 3342; x_wconf 93' lang='lat' dir='ltr'>nou</span> 
     </span>
     <span class='ocr_line' id='line_1_37' title="bbox 123 3360 1050 3446; baseline 0.003 -25"><span class='ocrx_word' id='word_1_250' title='bbox 123 3361 341 3423; x_wconf 81' lang='lat' dir='ltr'>intellexeruut</span> <span class='ocrx_word' id='word_1_251' title='bbox 367 3360 407 3422; x_wconf 91' lang='lat' dir='ltr'>ad</span> <span class='ocrx_word' id='word_1_252' title='bbox 441 3381 563 3424; x_wconf 89' lang='lat' dir='ltr'>sensum</span> <span class='ocrx_word' id='word_1_253' title='bbox 582 3362 661 3421; x_wconf 87' lang='lat' dir='ltr'>sacri</span> <span class='ocrx_word' id='word_1_254' title='bbox 678 3362 769 3421; x_wconf 88' lang='lat' dir='ltr'>istius</span> <span class='ocrx_word' id='word_1_255' title='bbox 792 3364 923 3422; x_wconf 90' lang='lat' dir='ltr'>canonis</span> <span class='ocrx_word' id='word_1_256' title='bbox 961 3383 1050 3446; x_wconf 84' lang='lat' dir='ltr'>super</span> 
     </span>
     <span class='ocr_line' id='line_1_38' title="bbox 124 3443 1048 3529; baseline 0.003 -25"><span class='ocrx_word' id='word_1_257' title='bbox 124 3452 244 3513; x_wconf 79' lang='lat' dir='ltr'>ceteros</span> <span class='ocrx_word' id='word_1_258' title='bbox 265 3445 458 3506; x_wconf 86' lang='lat' dir='ltr'>fuissePetro</span> <span class='ocrx_word' id='word_1_259' title='bbox 479 3444 603 3506; x_wconf 89' lang='lat' dir='ltr'>dictum.</span> <span class='ocrx_word' id='word_1_260' title='bbox 626 3443 688 3505; x_wconf 80' lang='lat' dir='ltr'>Sed</span> <span class='ocrx_word' id='word_1_261' title='bbox 711 3464 798 3523; x_wconf 86' lang='lat' dir='ltr'>unus,</span> <span class='ocrx_word' id='word_1_262' title='bbox 818 3445 973 3524; x_wconf 78' lang='lat' dir='ltr'>inquiunt,</span> <span class='ocrx_word' id='word_1_263' title='bbox 996 3458 1048 3529; x_wconf 86' lang='lat' dir='ltr'>pro</span> 
     </span>
    </p>

    <p class='ocr_par' dir='ltr' id='par_1_7' title="bbox 104 3526 1049 3608">
     <span class='ocr_line' id='line_1_39' title="bbox 104 3526 1049 3608; baseline 0.005 -22"><span class='ocrx_word' id='word_1_264' title='bbox 104 3526 284 3606; x_wconf 84' lang='lat' dir='ltr'>omnihus,</span> <span class='ocrx_word' id='word_1_265' title='bbox 315 3534 349 3587; x_wconf 91' lang='lat' dir='ltr'>ut</span> <span class='ocrx_word' id='word_1_266' title='bbox 370 3528 540 3608; x_wconf 84' lang='lat' dir='ltr'>aequalitas</span> <span class='ocrx_word' id='word_1_267' title='bbox 561 3547 623 3587; x_wconf 92' lang='lat' dir='ltr'>una</span> <span class='ocrx_word' id='word_1_268' title='bbox 646 3529 780 3589; x_wconf 90' lang='lat' dir='ltr'>omnium</span> <span class='ocrx_word' id='word_1_269' title='bbox 815 3528 1049 3608; x_wconf 74' lang='lat' dir='ltr'>exprimeretun</span> 
     </span>
    </p>
   </div>
   <div class='ocr_carea' id='block_1_3' title="bbox 337 3650 546 3661">
    <p class='ocr_par' dir='ltr' id='par_1_8' title="bbox 337 3650 546 3661">
     <span class='ocr_line' id='line_1_40' title="bbox 337 3650 546 3661; baseline 0.005 -1"><span class='ocrx_word' id='word_1_270' title='bbox 337 3650 546 3661; x_wconf 58' lang='lat' dir='ltr'>ma...-</span> 
     </span>
    </p>
   </div>
   <div class='ocr_carea' id='block_1_4' title="bbox 176 3703 750 3851">
    <p class='ocr_par' dir='ltr' id='par_1_9' title="bbox 176 3703 750 3851">
     <span class='ocr_line' id='line_1_41' title="bbox 176 3703 750 3773; baseline -0.007 -14"><span class='ocrx_word' id='word_1_271' title='bbox 176 3704 209 3770; x_wconf 89' lang='lat'>1)</span> <span class='ocrx_word' id='word_1_272' title='bbox 227 3705 259 3757; x_wconf 94' lang='lat' dir='ltr'>ln</span> <span class='ocrx_word' id='word_1_273' title='bbox 277 3704 320 3758; x_wconf 82' lang='lat' dir='ltr'>ad.</span> <span class='ocrx_word' id='word_1_274' title='bbox 339 3703 423 3758; x_wconf 75' lang='lat' dir='ltr'>Basti.</span> <span class='ocrx_word' id='word_1_275' title='bbox 445 3721 469 3758; x_wconf 87' lang='lat' dir='ltr'>a.</span> <span class='ocrx_word' id='word_1_276' title='bbox 492 3706 574 3762; x_wconf 80' lang='lat'>1520:</span> <span class='ocrx_word' id='word_1_277' title='bbox 594 3707 750 3773; x_wconf 79' lang='lat' dir='ltr'>episcopus.</span> 
     </span>
     <span class='ocr_line' id='line_1_42' title="bbox 178 3774 351 3851; baseline -0.006 -19"><span class='ocrx_word' id='word_1_278' title='bbox 178 3774 205 3851; x_wconf 72' lang='lat'>‘)</span> <span class='ocrx_word' id='word_1_279' title='bbox 224 3775 288 3834; x_wconf 81' lang='lat' dir='ltr'>hnc.</span> <span class='ocrx_word' id='word_1_280' title='bbox 307 3776 351 3834; x_wconf 72' lang='lat' dir='ltr'>ii.</span> 
     </span>
    </p>
   </div>
   <div class='ocr_carea' id='block_1_5' title="bbox 0 0 1184 4200">
    <p class='ocr_par' dir='ltr' id='par_1_10' title="bbox 0 0 1184 4200">
     <span class='ocr_line' id='line_1_43' title="bbox 0 0 1184 4200; baseline 0 0"><span class='ocrx_word' id='word_1_281' title='bbox 0 0 1184 4200; x_wconf 95' lang='lat' dir='ltr'> </span> 
     </span>
    </p>
   </div>
  </div>
 </body>
</html>
