<?xml version="1.0" encoding="UTF-8"?>
<!DOCTYPE html PUBLIC "-//W3C//DTD XHTML 1.0 Transitional//EN"
    "http://www.w3.org/TR/xhtml1/DTD/xhtml1-transitional.dtd">
<html xmlns="http://www.w3.org/1999/xhtml" xml:lang="en" lang="en">
 <head>
  <title>
</title>
<meta http-equiv="Content-Type" content="text/html;charset=utf-8" />
  <meta name='ocr-system' content='tesseract 3.04.00' />
  <meta name='ocr-capabilities' content='ocr_page ocr_carea ocr_par ocr_line ocrx_word'/>
</head>
<body>
  <div class='ocr_page' id='page_1' title='image "./dmartinilutheri01luthgoog_0047.png"; bbox 0 0 2356 4200; ppageno 0'>
   <div class='ocr_carea' id='block_1_1' title="bbox 122 267 727 336">
    <p class='ocr_par' dir='ltr' id='par_1_1' title="bbox 122 267 727 336">
     <span class='ocr_line' id='line_1_1' title="bbox 122 267 727 336; baseline 0 -8"><span class='ocrx_word' id='word_1_1' title='bbox 122 267 166 336; x_wconf 75' lang='grc'>42</span> <span class='ocrx_word' id='word_1_2' title='bbox 447 270 727 329; x_wconf 72' lang='lat' dir='ltr'>Sermoneslutheri</span> 
     </span>
    </p>
   </div>
   <div class='ocr_carea' id='block_1_2' title="bbox 60 430 1083 2022">
    <p class='ocr_par' dir='ltr' id='par_1_2' title="bbox 122 430 1083 1191">
     <span class='ocr_line' id='line_1_2' title="bbox 123 430 1083 523; baseline 0.001 -23"><span class='ocrx_word' id='word_1_3' title='bbox 123 445 270 520; x_wconf 84' lang='lat' dir='ltr'>respsotu</span> <span class='ocrx_word' id='word_1_4' title='bbox 291 439 386 503; x_wconf 86' lang='lat' dir='ltr'>fuisse</span> <span class='ocrx_word' id='word_1_5' title='bbox 405 447 511 522; x_wconf 86' lang='lat' dir='ltr'>potest</span> <span class='ocrx_word' id='word_1_6' title='bbox 535 442 680 523; x_wconf 74' lang='lat' dir='ltr'>intelligi,</span> <span class='ocrx_word' id='word_1_7' title='bbox 707 460 821 522; x_wconf 78' lang='lat' dir='ltr'>sempe</span> <span class='ocrx_word' id='word_1_8' title='bbox 840 442 871 505; x_wconf 90' lang='lat' dir='ltr'>in</span> <span class='ocrx_word' id='word_1_9' title='bbox 893 439 1046 521; x_wconf 76' lang='lat' dir='ltr'>piinoipio</span> <span class='ocrx_word' id='word_1_10' title='bbox 1075 430 1083 440; x_wconf 69' lang='grc'><strong>’</strong></span> 
     </span>
     <span class='ocr_line' id='line_1_3' title="bbox 124 525 1046 606; baseline -0.001 -21"><span class='ocrx_word' id='word_1_11' title='bbox 124 531 210 602; x_wconf 82' lang='lat' dir='ltr'>erat,</span> <span class='ocrx_word' id='word_1_12' title='bbox 233 526 321 604; x_wconf 80' lang='lat' dir='ltr'>quasi</span> <span class='ocrx_word' id='word_1_13' title='bbox 345 525 478 604; x_wconf 81' lang='lat' dir='ltr'>diceret,</span> <span class='ocrx_word' id='word_1_14' title='bbox 507 527 608 606; x_wconf 89' lang='lat' dir='ltr'>ipsum</span> <span class='ocrx_word' id='word_1_15' title='bbox 630 528 724 589; x_wconf 86' lang='lat' dir='ltr'>totius</span> <span class='ocrx_word' id='word_1_16' title='bbox 747 525 851 586; x_wconf 91' lang='lat' dir='ltr'>mundi</span> <span class='ocrx_word' id='word_1_17' title='bbox 871 526 991 587; x_wconf 86' lang='lat' dir='ltr'>initium</span> <span class='ocrx_word' id='word_1_18' title='bbox 1013 528 1046 585; x_wconf 85' lang='lat' dir='ltr'>et</span> 
     </span>
     <span class='ocr_line' id='line_1_4' title="bbox 124 608 1046 689; baseline -0.002 -20"><span class='ocrx_word' id='word_1_19' title='bbox 124 608 217 669; x_wconf 80' lang='lat' dir='ltr'>totius</span> <span class='ocrx_word' id='word_1_20' title='bbox 242 611 391 689; x_wconf 84' lang='lat' dir='ltr'>temporis</span> <span class='ocrx_word' id='word_1_21' title='bbox 413 609 528 671; x_wconf 85' lang='lat' dir='ltr'>habers</span> <span class='ocrx_word' id='word_1_22' title='bbox 554 629 588 670; x_wconf 90' lang='lat' dir='ltr'>se</span> <span class='ocrx_word' id='word_1_23' title='bbox 616 609 701 671; x_wconf 86' lang='lat' dir='ltr'>velut</span> <span class='ocrx_word' id='word_1_24' title='bbox 729 608 884 689; x_wconf 77' lang='lat' dir='ltr'>quoddam</span> <span class='ocrx_word' id='word_1_25' title='bbox 911 609 1046 669; x_wconf 86' lang='lat' dir='ltr'>futurum</span> 
     </span>
     <span class='ocr_line' id='line_1_5' title="bbox 124 690 1046 773; baseline 0.008 -23"><span class='ocrx_word' id='word_1_26' title='bbox 124 690 162 750; x_wconf 85' lang='lat' dir='ltr'>ad</span> <span class='ocrx_word' id='word_1_27' title='bbox 186 691 301 770; x_wconf 90' lang='lat' dir='ltr'>Deum,</span> <span class='ocrx_word' id='word_1_28' title='bbox 322 694 354 752; x_wconf 90' lang='lat' dir='ltr'>in</span> <span class='ocrx_word' id='word_1_29' title='bbox 378 712 439 772; x_wconf 87' lang='lat' dir='ltr'>quo</span> <span class='ocrx_word' id='word_1_30' title='bbox 461 712 519 753; x_wconf 87' lang='lat' dir='ltr'>neo</span> <span class='ocrx_word' id='word_1_31' title='bbox 541 694 739 773; x_wconf 83' lang='lat' dir='ltr'>praeteritum</span> <span class='ocrx_word' id='word_1_32' title='bbox 761 711 820 755; x_wconf 85' lang='lat' dir='ltr'>neo</span> <span class='ocrx_word' id='word_1_33' title='bbox 832 693 963 754; x_wconf 83' lang='lat' dir='ltr'>futurum</span> <span class='ocrx_word' id='word_1_34' title='bbox 987 695 1046 756; x_wconf 75' lang='lat' dir='ltr'>eat.</span> 
     </span>
     <span class='ocr_line' id='line_1_6' title="bbox 122 773 1046 856; baseline 0.004 -23"><span class='ocrx_word' id='word_1_35' title='bbox 122 774 307 853; x_wconf 85' lang='lat' dir='ltr'>Pn&#39;noipium</span> <span class='ocrx_word' id='word_1_36' title='bbox 330 796 430 837; x_wconf 82' lang='lat' dir='ltr'>uerum</span> <span class='ocrx_word' id='word_1_37' title='bbox 444 778 581 837; x_wconf 88' lang='lat' dir='ltr'>omnium</span> <span class='ocrx_word' id='word_1_38' title='bbox 599 778 703 856; x_wconf 90' lang='lat' dir='ltr'>itaque</span> <span class='ocrx_word' id='word_1_39' title='bbox 715 796 777 838; x_wconf 88' lang='lat' dir='ltr'>non</span> <span class='ocrx_word' id='word_1_40' title='bbox 800 783 865 838; x_wconf 85' lang='lat' dir='ltr'>erat</span> <span class='ocrx_word' id='word_1_41' title='bbox 885 777 918 836; x_wconf 92' lang='lat' dir='ltr'>in</span> <span class='ocrx_word' id='word_1_42' title='bbox 936 773 1046 851; x_wconf 79' lang='lat' dir='ltr'>verbo,</span> 
     </span>
     <span class='ocr_line' id='line_1_7' title="bbox 123 857 1046 940; baseline -0.001 -21"><span class='ocrx_word' id='word_1_43' title='bbox 123 857 179 919; x_wconf 85' lang='lat' dir='ltr'>sod</span> <span class='ocrx_word' id='word_1_44' title='bbox 202 864 275 919; x_wconf 99' lang='grc' dir='ltr'>ωηο</span> <span class='ocrx_word' id='word_1_45' title='bbox 296 861 400 940; x_wconf 83' lang='lat' dir='ltr'>coepit</span> <span class='ocrx_word' id='word_1_46' title='bbox 420 861 452 920; x_wconf 91' lang='lat' dir='ltr'>in</span> <span class='ocrx_word' id='word_1_47' title='bbox 474 861 614 940; x_wconf 86' lang='lat' dir='ltr'>seipso,</span> <span class='ocrx_word' id='word_1_48' title='bbox 649 860 704 923; x_wconf 86' lang='lat' dir='ltr'>sod</span> <span class='ocrx_word' id='word_1_49' title='bbox 738 860 866 922; x_wconf 79' lang='lat' dir='ltr'>verbum</span> <span class='ocrx_word' id='word_1_50' title='bbox 889 866 964 921; x_wconf 88' lang='grc' dir='ltr'>ωηο</span> <span class='ocrx_word' id='word_1_51' title='bbox 982 858 1046 918; x_wconf 82' lang='lat' dir='ltr'>ism</span> 
     </span>
     <span class='ocr_line' id='line_1_8' title="bbox 125 942 1047 1024; baseline 0.007 -24"><span class='ocrx_word' id='word_1_52' title='bbox 125 947 200 1019; x_wconf 86' lang='lat' dir='ltr'>erat,</span> <span class='ocrx_word' id='word_1_53' title='bbox 223 942 346 1021; x_wconf 85' lang='lat' dir='ltr'>quando</span> <span class='ocrx_word' id='word_1_54' title='bbox 363 944 549 1024; x_wconf 76' lang='lat' dir='ltr'>principium</span> <span class='ocrx_word' id='word_1_55' title='bbox 560 942 736 1023; x_wconf 86' lang='lat' dir='ltr'>inoipiobat.</span> <span class='ocrx_word' id='word_1_56' title='bbox 779 942 882 1019; x_wconf 78' lang='lat' dir='ltr'>Quare</span> <span class='ocrx_word' id='word_1_57' title='bbox 895 961 957 1004; x_wconf 90' lang='lat' dir='ltr'>non</span> <span class='ocrx_word' id='word_1_58' title='bbox 977 942 1047 1021; x_wconf 73' lang='lat' dir='ltr'>ipso</span> 
     </span>
     <span class='ocr_line' id='line_1_9' title="bbox 123 1024 1047 1105; baseline 0.002 -21"><span class='ocrx_word' id='word_1_59' title='bbox 123 1025 322 1105; x_wconf 77' lang='lat' dir='ltr'>principiatus</span> <span class='ocrx_word' id='word_1_60' title='bbox 364 1033 418 1087; x_wconf 87' lang='lat' dir='ltr'>aut</span> <span class='ocrx_word' id='word_1_61' title='bbox 438 1027 552 1104; x_wconf 84' lang='lat' dir='ltr'>faetus,</span> <span class='ocrx_word' id='word_1_62' title='bbox 580 1033 640 1086; x_wconf 88' lang='lat' dir='ltr'>aut·</span> <span class='ocrx_word' id='word_1_63' title='bbox 667 1033 786 1087; x_wconf 87' lang='lat' dir='ltr'>oreatus</span> <span class='ocrx_word' id='word_1_64' title='bbox 809 1031 871 1105; x_wconf 90' lang='lat' dir='ltr'>est,</span> <span class='ocrx_word' id='word_1_65' title='bbox 901 1024 956 1086; x_wconf 89' lang='lat' dir='ltr'>sed</span> <span class='ocrx_word' id='word_1_66' title='bbox 980 1030 1047 1086; x_wconf 80' lang='lat' dir='ltr'>erat</span> 
     </span>
     <span class='ocr_line' id='line_1_10' title="bbox 125 1108 588 1191; baseline 0.009 -24"><span class='ocrx_word' id='word_1_67' title='bbox 125 1108 337 1171; x_wconf 88' lang='lat' dir='ltr'>tantummodo</span> <span class='ocrx_word' id='word_1_68' title='bbox 360 1111 391 1169; x_wconf 92' lang='lat' dir='ltr'>in</span> <span class='ocrx_word' id='word_1_69' title='bbox 414 1111 588 1191; x_wconf 54' lang='lat' dir='ltr'>principio?</span> 
     </span>
    </p>

    <p class='ocr_par' dir='ltr' id='par_1_3' title="bbox 60 1188 1057 2022">
     <span class='ocr_line' id='line_1_11' title="bbox 206 1188 1057 1273; baseline -0.001 -23"><span class='ocrx_word' id='word_1_70' title='bbox 206 1192 326 1252; x_wconf 85' lang='lat' dir='ltr'>Deinde</span> <span class='ocrx_word' id='word_1_71' title='bbox 359 1199 391 1253; x_wconf 87' lang='lat' dir='ltr'>et</span> <span class='ocrx_word' id='word_1_72' title='bbox 419 1193 547 1254; x_wconf 87' lang='lat' dir='ltr'>verbum</span> <span class='ocrx_word' id='word_1_73' title='bbox 577 1198 643 1253; x_wconf 86' lang='lat' dir='ltr'>erat</span> <span class='ocrx_word' id='word_1_74' title='bbox 671 1191 751 1273; x_wconf 87' lang='lat' dir='ltr'>apud</span> <span class='ocrx_word' id='word_1_75' title='bbox 773 1193 890 1253; x_wconf 88' lang='lat' dir='ltr'>Deum:</span> <span class='ocrx_word' id='word_1_76' title='bbox 923 1190 975 1251; x_wconf 92' lang='lat' dir='ltr'>hio</span> <span class='ocrx_word' id='word_1_77' title='bbox 1002 1188 1057 1268; x_wconf 76' lang='lat' dir='ltr'>di·¹</span> 
     </span>
     <span class='ocr_line' id='line_1_12' title="bbox 124 1271 1045 1356; baseline -0.002 -22"><span class='ocrx_word' id='word_1_78' title='bbox 124 1276 282 1355; x_wconf 85' lang='lat' dir='ltr'>stinguunt</span> <span class='ocrx_word' id='word_1_79' title='bbox 297 1276 405 1336; x_wconf 85' lang='lat' dir='ltr'>Filium</span> <span class='ocrx_word' id='word_1_80' title='bbox 428 1296 447 1336; x_wconf 91' lang='lat' dir='ltr'>a</span> <span class='ocrx_word' id='word_1_81' title='bbox 469 1277 574 1356; x_wconf 82' lang='lat' dir='ltr'>Patre,</span> <span class='ocrx_word' id='word_1_82' title='bbox 602 1275 686 1356; x_wconf 83' lang='lat' dir='ltr'>quia,</span> <span class='ocrx_word' id='word_1_83' title='bbox 717 1275 839 1354; x_wconf 85' lang='lat' dir='ltr'>quando</span> <span class='ocrx_word' id='word_1_84' title='bbox 868 1275 973 1334; x_wconf 89' lang='lat' dir='ltr'>omnia</span> <span class='ocrx_word' id='word_1_85' title='bbox 993 1271 1045 1333; x_wconf 84' lang='lat' dir='ltr'>fie-</span> 
     </span>
     <span class='ocr_line' id='line_1_13' title="bbox 124 1356 1049 1440; baseline -0.003 -21"><span class='ocrx_word' id='word_1_86' title='bbox 124 1358 199 1421; x_wconf 87' lang='lat' dir='ltr'>bant</span> <span class='ocrx_word' id='word_1_87' title='bbox 209 1365 240 1419; x_wconf 84' lang='lat' dir='ltr'>et</span> <span class='ocrx_word' id='word_1_88' title='bbox 250 1379 313 1420; x_wconf 90' lang='lat' dir='ltr'>non</span> <span class='ocrx_word' id='word_1_89' title='bbox 324 1366 419 1438; x_wconf 72' lang='lat' dir='ltr'>etant,</span> <span class='ocrx_word' id='word_1_90' title='bbox 430 1360 559 1428; x_wconf 84' lang='lat' dir='ltr'>illeerat</span> <span class='ocrx_word' id='word_1_91' title='bbox 568 1359 650 1440; x_wconf 90' lang='lat' dir='ltr'>apud</span> <span class='ocrx_word' id='word_1_92' title='bbox 659 1360 773 1438; x_wconf 70' lang='lat' dir='ltr'>Deum,</span> <span class='ocrx_word' id='word_1_93' title='bbox 787 1358 948 1425; x_wconf 82' lang='lat' dir='ltr'>manifeste</span> <span class='ocrx_word' id='word_1_94' title='bbox 956 1356 1049 1416; x_wconf 85' lang='lat' dir='ltr'>datur</span> 
     </span>
     <span class='ocr_line' id='line_1_14' title="bbox 124 1440 1046 1524; baseline -0.002 -21"><span class='ocrx_word' id='word_1_95' title='bbox 124 1441 271 1523; x_wconf 83' lang='lat' dir='ltr'>intelligi,</span> <span class='ocrx_word' id='word_1_96' title='bbox 300 1442 384 1522; x_wconf 89' lang='lat' dir='ltr'>quod</span> <span class='ocrx_word' id='word_1_97' title='bbox 405 1443 482 1505; x_wconf 85' lang='lat' dir='ltr'>alius</span> <span class='ocrx_word' id='word_1_98' title='bbox 504 1445 572 1523; x_wconf 88' lang='lat' dir='ltr'>ipse</span> <span class='ocrx_word' id='word_1_99' title='bbox 594 1442 635 1503; x_wconf 87' lang='lat' dir='ltr'>sit</span> <span class='ocrx_word' id='word_1_100' title='bbox 651 1441 690 1505; x_wconf 84' lang='lat' dir='ltr'>ab</span> <span class='ocrx_word' id='word_1_101' title='bbox 714 1462 751 1504; x_wconf 84' lang='lat' dir='ltr'>eo</span> <span class='ocrx_word' id='word_1_102' title='bbox 774 1441 958 1524; x_wconf 79' lang='lat' dir='ltr'>apudquom</span> <span class='ocrx_word' id='word_1_103' title='bbox 980 1440 1046 1519; x_wconf 85' lang='lat' dir='ltr'>fuit,</span> 
     </span>
     <span class='ocr_line' id='line_1_15' title="bbox 124 1523 1047 1607; baseline -0.005 -19"><span class='ocrx_word' id='word_1_104' title='bbox 124 1531 157 1588; x_wconf 81' lang='lat' dir='ltr'>at</span> <span class='ocrx_word' id='word_1_105' title='bbox 178 1531 282 1586; x_wconf 87' lang='lat' dir='ltr'>tamen</span> <span class='ocrx_word' id='word_1_106' title='bbox 305 1546 374 1597; x_wconf 85' lang='lat' dir='ltr'>oum</span> <span class='ocrx_word' id='word_1_107' title='bbox 395 1532 468 1589; x_wconf 90' lang='grc' dir='ltr'>ωηο</span> <span class='ocrx_word' id='word_1_108' title='bbox 489 1526 565 1586; x_wconf 93' lang='lat' dir='ltr'>nihil</span> <span class='ocrx_word' id='word_1_109' title='bbox 576 1532 701 1607; x_wconf 82' lang='lat' dir='ltr'>praeter</span> <span class='ocrx_word' id='word_1_110' title='bbox 711 1526 810 1586; x_wconf 87' lang='lat' dir='ltr'>Deum</span> <span class='ocrx_word' id='word_1_111' title='bbox 826 1524 933 1588; x_wconf 77' lang='lat' dir='ltr'>‘solum</span> <span class='ocrx_word' id='word_1_112' title='bbox 946 1523 1047 1602; x_wconf 82' lang='lat' dir='ltr'>fuerit,</span> 
     </span>
     <span class='ocr_line' id='line_1_16' title="bbox 60 1609 1047 1690; baseline -0.003 -20"><span class='ocrx_word' id='word_1_113' title='bbox 60 1624 63 1630; x_wconf 77' lang='grc'><strong>’</strong></span> <span class='ocrx_word' id='word_1_114' title='bbox 124 1627 255 1671; x_wconf 83' lang='lat' dir='ltr'>neeesse</span> <span class='ocrx_word' id='word_1_115' title='bbox 275 1617 336 1686; x_wconf 88' lang='lat' dir='ltr'>est,</span> <span class='ocrx_word' id='word_1_116' title='bbox 370 1609 453 1689; x_wconf 91' lang='lat' dir='ltr'>quod</span> <span class='ocrx_word' id='word_1_117' title='bbox 476 1610 544 1690; x_wconf 87' lang='lat' dir='ltr'>ipse</span> <span class='ocrx_word' id='word_1_118' title='bbox 566 1610 658 1670; x_wconf 89' lang='lat' dir='ltr'>etiam</span> <span class='ocrx_word' id='word_1_119' title='bbox 679 1609 781 1670; x_wconf 82' lang='lat' dir='ltr'>Deus</span> <span class='ocrx_word' id='word_1_120' title='bbox 803 1609 909 1686; x_wconf 68' lang='lat' dir='ltr'>fiderit,</span> <span class='ocrx_word' id='word_1_121' title='bbox 939 1611 973 1667; x_wconf 88' lang='lat' dir='ltr'>ut</span> <span class='ocrx_word' id='word_1_122' title='bbox 1000 1625 1047 1670; x_wconf 71' lang='lat' dir='ltr'>se·</span> 
     </span>
     <span class='ocr_line' id='line_1_17' title="bbox 125 1689 1047 1776; baseline -0.009 -20"><span class='ocrx_word' id='word_1_123' title='bbox 125 1692 294 1776; x_wconf 77' lang='lat' dir='ltr'>quitur‚.et</span> <span class='ocrx_word' id='word_1_124' title='bbox 315 1693 416 1761; x_wconf 87' lang='lat' dir='ltr'>Deus</span> <span class='ocrx_word' id='word_1_125' title='bbox 440 1700 506 1755; x_wconf 77' lang='lat' dir='ltr'>erat</span> <span class='ocrx_word' id='word_1_126' title='bbox 521 1691 659 1754; x_wconf 88' lang='lat' dir='ltr'>verbum.</span> <span class='ocrx_word' id='word_1_127' title='bbox 701 1691 800 1767; x_wconf 73' lang='lat' dir='ltr'>Quasi</span> <span class='ocrx_word' id='word_1_128' title='bbox 822 1691 952 1753; x_wconf 83' lang='lat' dir='ltr'>diceret:</span> <span class='ocrx_word' id='word_1_129' title='bbox 975 1689 1047 1749; x_wconf 88' lang='lat' dir='ltr'>Dixi</span> 
     </span>
     <span class='ocr_line' id='line_1_18' title="bbox 125 1771 1046 1857; baseline -0.004 -22"><span class='ocrx_word' id='word_1_130' title='bbox 125 1773 209 1856; x_wconf 88' lang='lat' dir='ltr'>quod</span> <span class='ocrx_word' id='word_1_131' title='bbox 231 1781 314 1837; x_wconf 86' lang='lat' dir='ltr'>esset</span> <span class='ocrx_word' id='word_1_132' title='bbox 335 1776 417 1857; x_wconf 90' lang='lat' dir='ltr'>apud</span> <span class='ocrx_word' id='word_1_133' title='bbox 437 1776 555 1853; x_wconf 87' lang='lat' dir='ltr'>Deum,</span> <span class='ocrx_word' id='word_1_134' title='bbox 578 1795 647 1836; x_wconf 90' lang='lat' dir='ltr'>oum</span> <span class='ocrx_word' id='word_1_135' title='bbox 668 1783 771 1836; x_wconf 87' lang='lat' dir='ltr'>autem</span> <span class='ocrx_word' id='word_1_136' title='bbox 795 1780 872 1839; x_wconf 91' lang='lat' dir='ltr'>tuno.</span> <span class='ocrx_word' id='word_1_137' title='bbox 890 1771 966 1843; x_wconf 87' lang='lat' dir='ltr'>nihil</span> <span class='ocrx_word' id='word_1_138' title='bbox 987 1771 1046 1839; x_wconf 83' lang='lat' dir='ltr'>nisi</span> 
     </span>
     <span class='ocr_line' id='line_1_19' title="bbox 124 1856 1045 1940; baseline -0.003 -22"><span class='ocrx_word' id='word_1_139' title='bbox 124 1859 208 1920; x_wconf 88' lang='lat' dir='ltr'>Deus</span> <span class='ocrx_word' id='word_1_140' title='bbox 231 1859 315 1919; x_wconf 88' lang='lat' dir='ltr'>solus</span> <span class='ocrx_word' id='word_1_141' title='bbox 338 1865 435 1940; x_wconf 81' lang='lat' dir='ltr'>esset,</span> <span class='ocrx_word' id='word_1_142' title='bbox 464 1859 626 1922; x_wconf 79' lang='lat' dir='ltr'>manifeste</span> <span class='ocrx_word' id='word_1_143' title='bbox 654 1858 827 1939; x_wconf 82' lang='lat' dir='ltr'>intelliges,</span> <span class='ocrx_word' id='word_1_144' title='bbox 868 1856 1045 1919; x_wconf 82' lang='lat' dir='ltr'>neeessario</span> 
     </span>
     <span class='ocr_line' id='line_1_20' title="bbox 124 1937 1046 2022; baseline 0 -21"><span class='ocrx_word' id='word_1_145' title='bbox 124 1941 215 2004; x_wconf 86' lang='lat' dir='ltr'>fuerit</span> <span class='ocrx_word' id='word_1_146' title='bbox 225 1941 286 2002; x_wconf 92' lang='lat' dir='ltr'>hoo</span> <span class='ocrx_word' id='word_1_147' title='bbox 296 1942 434 2013; x_wconf 85' lang='lat' dir='ltr'>verbum.</span> <span class='ocrx_word' id='word_1_148' title='bbox 474 1942 554 2003; x_wconf 81' lang='lat' dir='ltr'>Nam</span> <span class='ocrx_word' id='word_1_149' title='bbox 567 1961 639 2003; x_wconf 91' lang='lat' dir='ltr'>oum</span> <span class='ocrx_word' id='word_1_150' title='bbox 652 1941 728 2003; x_wconf 89' lang='lat' dir='ltr'>nihil</span> <span class='ocrx_word' id='word_1_151' title='bbox 739 1942 841 2022; x_wconf 86' lang='lat' dir='ltr'>possis</span> <span class='ocrx_word' id='word_1_152' title='bbox 856 1941 930 2001; x_wconf 86' lang='lat' dir='ltr'>dare</span> <span class='ocrx_word' id='word_1_153' title='bbox 952 1937 1046 2015; x_wconf 83' lang='lat' dir='ltr'>alind,</span> 
     </span>
    </p>
   </div>
   <div class='ocr_carea' id='block_1_3' title="bbox 7 2020 1070 2108">
    <p class='ocr_par' dir='ltr' id='par_1_4' title="bbox 7 2020 1070 2108">
     <span class='ocr_line' id='line_1_21' title="bbox 7 2020 1070 2108; baseline -0.001 -24"><span class='ocrx_word' id='word_1_154' title='bbox 7 2042 10 2047; x_wconf 90' lang='lat'>·</span> <span class='ocrx_word' id='word_1_155' title='bbox 125 2023 209 2105; x_wconf 90' lang='lat' dir='ltr'>quod</span> <span class='ocrx_word' id='word_1_156' title='bbox 230 2025 334 2104; x_wconf 84' lang='lat' dir='ltr'>fuerit,</span> <span class='ocrx_word' id='word_1_157' title='bbox 356 2026 414 2091; x_wconf 87' lang='lat' dir='ltr'>nisi</span> <span class='ocrx_word' id='word_1_158' title='bbox 437 2025 552 2104; x_wconf 89' lang='lat' dir='ltr'>Deum,</span> <span class='ocrx_word' id='word_1_159' title='bbox 583 2032 614 2086; x_wconf 88' lang='lat' dir='ltr'>et</span> <span class='ocrx_word' id='word_1_160' title='bbox 634 2024 761 2087; x_wconf 85' lang='lat' dir='ltr'>verbum</span> <span class='ocrx_word' id='word_1_161' title='bbox 784 2023 928 2099; x_wconf 79' lang='lat' dir='ltr'>dixerim,</span> <span class='ocrx_word' id='word_1_162' title='bbox 963 2020 1070 2108; x_wconf 27' lang='lat' dir='ltr'>quod.</span> 
     </span>
    </p>
   </div>
   <div class='ocr_carea' id='block_1_4' title="bbox 124 2104 1088 3683">
    <p class='ocr_par' dir='ltr' id='par_1_5' title="bbox 124 2104 1049 2772">
     <span class='ocr_line' id='line_1_22' title="bbox 125 2104 1049 2188; baseline 0.002 -19"><span class='ocrx_word' id='word_1_163' title='bbox 125 2106 208 2188; x_wconf 87' lang='lat' dir='ltr'>apud</span> <span class='ocrx_word' id='word_1_164' title='bbox 220 2108 320 2169; x_wconf 91' lang='lat' dir='ltr'>Deum</span> <span class='ocrx_word' id='word_1_165' title='bbox 345 2109 451 2187; x_wconf 83' lang='lat' dir='ltr'>fuerit,</span> <span class='ocrx_word' id='word_1_166' title='bbox 474 2128 549 2188; x_wconf 79' lang='lat' dir='ltr'>ergo</span> <span class='ocrx_word' id='word_1_167' title='bbox 572 2108 648 2169; x_wconf 89' lang='lat' dir='ltr'>nihil</span> <span class='ocrx_word' id='word_1_168' title='bbox 670 2107 752 2168; x_wconf 86' lang='lat' dir='ltr'>aliud</span> <span class='ocrx_word' id='word_1_169' title='bbox 775 2107 891 2187; x_wconf 88' lang='lat' dir='ltr'>aDso,</span> <span class='ocrx_word' id='word_1_170' title='bbox 913 2104 968 2166; x_wconf 88' lang='lat' dir='ltr'>sed</span> <span class='ocrx_word' id='word_1_171' title='bbox 980 2106 1049 2184; x_wconf 79' lang='lat' dir='ltr'>ipse</span> 
     </span>
     <span class='ocr_line' id='line_1_23' title="bbox 124 2187 1049 2275; baseline 0 -24"><span class='ocrx_word' id='word_1_172' title='bbox 124 2191 224 2269; x_wconf 81' lang='lat' dir='ltr'>Dens,</span> <span class='ocrx_word' id='word_1_173' title='bbox 247 2193 425 2257; x_wconf 80' lang='lat' dir='ltr'>necessario</span> <span class='ocrx_word' id='word_1_174' title='bbox 439 2193 575 2275; x_wconf 81' lang='lat' dir='ltr'>sequitur</span> <span class='ocrx_word' id='word_1_175' title='bbox 589 2191 683 2252; x_wconf 80' lang='lat' dir='ltr'>fuisse</span> <span class='ocrx_word' id='word_1_176' title='bbox 695 2190 756 2255; x_wconf 88' lang='lat' dir='ltr'>hoo</span> <span class='ocrx_word' id='word_1_177' title='bbox 777 2189 915 2251; x_wconf 86' lang='lat' dir='ltr'>verbum.</span> <span class='ocrx_word' id='word_1_178' title='bbox 957 2187 1049 2251; x_wconf 80' lang='lat' dir='ltr'>Unde</span> 
     </span>
     <span class='ocr_line' id='line_1_24' title="bbox 125 2271 1047 2355; baseline -0.003 -21"><span class='ocrx_word' id='word_1_179' title='bbox 125 2293 187 2335; x_wconf 90' lang='lat' dir='ltr'>non</span> <span class='ocrx_word' id='word_1_180' title='bbox 212 2281 260 2337; x_wconf 88' lang='lat' dir='ltr'>est</span> <span class='ocrx_word' id='word_1_181' title='bbox 280 2294 424 2354; x_wconf 82' lang='lat' dir='ltr'>neeesse,</span> <span class='ocrx_word' id='word_1_182' title='bbox 454 2274 538 2355; x_wconf 90' lang='lat' dir='ltr'>quod</span> <span class='ocrx_word' id='word_1_183' title='bbox 559 2277 621 2337; x_wconf 85' lang='lat' dir='ltr'>ista</span> <span class='ocrx_word' id='word_1_184' title='bbox 643 2275 770 2335; x_wconf 90' lang='lat' dir='ltr'>omnino</span> <span class='ocrx_word' id='word_1_185' title='bbox 798 2293 854 2354; x_wconf 79' lang='lat' dir='ltr'>per</span> <span class='ocrx_word' id='word_1_186' title='bbox 881 2271 1047 2352; x_wconf 86' lang='lat' dir='ltr'>transposi-</span> 
     </span>
     <span class='ocr_line' id='line_1_25' title="bbox 126 2356 1049 2436; baseline -0.005 -18"><span class='ocrx_word' id='word_1_187' title='bbox 126 2359 243 2423; x_wconf 79' lang='lat' dir='ltr'>tionem</span> <span class='ocrx_word' id='word_1_188' title='bbox 270 2359 315 2419; x_wconf 91' lang='lat' dir='ltr'>sio</span> <span class='ocrx_word' id='word_1_189' title='bbox 342 2357 541 2436; x_wconf 71' lang='lat' dir='ltr'>ordinentur,</span> <span class='ocrx_word' id='word_1_190' title='bbox 577 2363 608 2420; x_wconf 89' lang='lat' dir='ltr'>et</span> <span class='ocrx_word' id='word_1_191' title='bbox 636 2356 765 2425; x_wconf 84' lang='lat' dir='ltr'>verbum</span> <span class='ocrx_word' id='word_1_192' title='bbox 795 2362 862 2419; x_wconf 84' lang='lat' dir='ltr'>erat</span> <span class='ocrx_word' id='word_1_193' title='bbox 880 2356 979 2434; x_wconf 85' lang='lat' dir='ltr'>Deus,</span> <span class='ocrx_word' id='word_1_194' title='bbox 1015 2359 1049 2414; x_wconf 83' lang='lat' dir='ltr'>ut</span> 
     </span>
     <span class='ocr_line' id='line_1_26' title="bbox 127 2440 1048 2523; baseline -0.005 -20"><span class='ocrx_word' id='word_1_195' title='bbox 127 2440 354 2518; x_wconf 80' lang='lat' dir='ltr'>multivolum,</span> <span class='ocrx_word' id='word_1_196' title='bbox 379 2442 442 2504; x_wconf 89' lang='lat' dir='ltr'>imo</span> <span class='ocrx_word' id='word_1_197' title='bbox 465 2442 586 2523; x_wconf 79' lang='lat' dir='ltr'>aptius,</span> <span class='ocrx_word' id='word_1_198' title='bbox 616 2446 650 2500; x_wconf 87' lang='lat' dir='ltr'>ut</span> <span class='ocrx_word' id='word_1_199' title='bbox 670 2440 830 2505; x_wconf 79' lang='lat' dir='ltr'>dohannes</span> <span class='ocrx_word' id='word_1_200' title='bbox 846 2440 972 2520; x_wconf 78' lang='lat' dir='ltr'>posuit,</span> <span class='ocrx_word' id='word_1_201' title='bbox 1002 2456 1048 2501; x_wconf 82' lang='lat' dir='ltr'>or·</span> 
     </span>
     <span class='ocr_line' id='line_1_27' title="bbox 126 2522 1049 2604; baseline -0.003 -20"><span class='ocrx_word' id='word_1_202' title='bbox 126 2522 262 2603; x_wconf 86' lang='lat' dir='ltr'>dinatur,</span> <span class='ocrx_word' id='word_1_203' title='bbox 284 2529 318 2584; x_wconf 93' lang='lat' dir='ltr'>ut</span> <span class='ocrx_word' id='word_1_204' title='bbox 338 2524 384 2591; x_wconf 81' lang='lat' dir='ltr'>sit</span> <span class='ocrx_word' id='word_1_205' title='bbox 398 2545 523 2604; x_wconf 79' lang='lat' dir='ltr'>sensus,</span> <span class='ocrx_word' id='word_1_206' title='bbox 546 2524 629 2587; x_wconf 85' lang='lat' dir='ltr'>Deus</span> <span class='ocrx_word' id='word_1_207' title='bbox 652 2528 719 2593; x_wconf 80' lang='lat' dir='ltr'>erat</span> <span class='ocrx_word' id='word_1_208' title='bbox 739 2523 886 2596; x_wconf 86' lang='lat' dir='ltr'>verbum,</span> <span class='ocrx_word' id='word_1_209' title='bbox 908 2522 969 2584; x_wconf 88' lang='lat' dir='ltr'>hoo</span> <span class='ocrx_word' id='word_1_210' title='bbox 991 2526 1049 2598; x_wconf 84' lang='lat' dir='ltr'>est,</span> 
     </span>
     <span class='ocr_line' id='line_1_28' title="bbox 125 2605 1048 2689; baseline -0.001 -23"><span class='ocrx_word' id='word_1_211' title='bbox 125 2607 195 2687; x_wconf 83' lang='lat' dir='ltr'>ipsa</span> <span class='ocrx_word' id='word_1_212' title='bbox 216 2607 369 2688; x_wconf 85' lang='lat' dir='ltr'>divinitas,</span> <span class='ocrx_word' id='word_1_213' title='bbox 392 2610 568 2689; x_wconf 81' lang='lat' dir='ltr'>ipsummet,</span> <span class='ocrx_word' id='word_1_214' title='bbox 588 2607 723 2686; x_wconf 84' lang='lat' dir='ltr'>inquam,</span> <span class='ocrx_word' id='word_1_215' title='bbox 735 2612 807 2668; x_wconf 84' lang='lat' dir='ltr'>erat</span> <span class='ocrx_word' id='word_1_216' title='bbox 820 2605 962 2680; x_wconf 86' lang='lat' dir='ltr'>verbum,</span> <span class='ocrx_word' id='word_1_217' title='bbox 984 2622 1048 2665; x_wconf 87' lang='lat' dir='ltr'>non</span> 
     </span>
     <span class='ocr_line' id='line_1_29' title="bbox 126 2688 1049 2772; baseline -0.011 -16"><span class='ocrx_word' id='word_1_218' title='bbox 126 2689 254 2769; x_wconf 76' lang='lat' dir='ltr'>aliquid,</span> <span class='ocrx_word' id='word_1_219' title='bbox 263 2689 346 2769; x_wconf 88' lang='lat' dir='ltr'>quod</span> <span class='ocrx_word' id='word_1_220' title='bbox 358 2692 439 2772; x_wconf 85' lang='lat' dir='ltr'>apud</span> <span class='ocrx_word' id='word_1_221' title='bbox 448 2691 548 2761; x_wconf 84' lang='lat' dir='ltr'>Deum</span> <span class='ocrx_word' id='word_1_222' title='bbox 559 2695 590 2750; x_wconf 91' lang='lat' dir='ltr'>et</span> <span class='ocrx_word' id='word_1_223' title='bbox 604 2710 667 2753; x_wconf 85' lang='lat' dir='ltr'>non</span> <span class='ocrx_word' id='word_1_224' title='bbox 677 2697 780 2751; x_wconf 87' lang='lat' dir='ltr'>tamen</span> <span class='ocrx_word' id='word_1_225' title='bbox 790 2690 873 2753; x_wconf 79' lang='lat' dir='ltr'>Deus</span> <span class='ocrx_word' id='word_1_226' title='bbox 883 2688 1049 2767; x_wconf 81' lang='lat' dir='ltr'>essetipse.</span> 
     </span>
    </p>

    <p class='ocr_par' dir='ltr' id='par_1_6' title="bbox 127 2769 1088 3683">
     <span class='ocr_line' id='line_1_30' title="bbox 217 2769 1052 2855; baseline -0.007 -20"><span class='ocrx_word' id='word_1_227' title='bbox 217 2773 251 2835; x_wconf 93' lang='lat' dir='ltr'>In</span> <span class='ocrx_word' id='word_1_228' title='bbox 280 2773 342 2839; x_wconf 88' lang='lat' dir='ltr'>hoo</span> <span class='ocrx_word' id='word_1_229' title='bbox 375 2775 467 2855; x_wconf 79' lang='lat' dir='ltr'>igitur</span> <span class='ocrx_word' id='word_1_230' title='bbox 499 2775 606 2854; x_wconf 85' lang='lat' dir='ltr'>siguo,</span> <span class='ocrx_word' id='word_1_231' title='bbox 642 2773 728 2835; x_wconf 88' lang='lat' dir='ltr'>velut</span> <span class='ocrx_word' id='word_1_232' title='bbox 759 2773 855 2854; x_wconf 83' lang='lat' dir='ltr'>magi¹</span> <span class='ocrx_word' id='word_1_233' title='bbox 871 2769 1052 2848; x_wconf 77' lang='lat' dir='ltr'>Pharaonis,</span> 
     </span>
     <span class='ocr_line' id='line_1_31' title="bbox 127 2854 1051 2934; baseline -0.006 -16"><span class='ocrx_word' id='word_1_234' title='bbox 127 2855 306 2929; x_wconf 70' lang='lat' dir='ltr'>defecerunt</span> <span class='ocrx_word' id='word_1_235' title='bbox 328 2859 453 2926; x_wconf 72' lang='lat' dir='ltr'>maximi</span> <span class='ocrx_word' id='word_1_236' title='bbox 475 2857 624 2919; x_wconf 83' lang='lat' dir='ltr'>haeretici</span> <span class='ocrx_word' id='word_1_237' title='bbox 640 2856 765 2933; x_wconf 81' lang='lat' dir='ltr'>Ariani,</span> <span class='ocrx_word' id='word_1_238' title='bbox 785 2875 873 2923; x_wconf 76' lang='lat' dir='ltr'>uam</span> <span class='ocrx_word' id='word_1_239' title='bbox 899 2854 1051 2934; x_wconf 80' lang='lat' dir='ltr'>principia</span> 
     </span>
     <span class='ocr_line' id='line_1_32' title="bbox 128 2938 1050 3020; baseline -0.004 -20"><span class='ocrx_word' id='word_1_240' title='bbox 128 2938 190 3001; x_wconf 92' lang='lat' dir='ltr'>duo</span> <span class='ocrx_word' id='word_1_241' title='bbox 232 2939 436 3020; x_wconf 83' lang='lat' dir='ltr'>admiserunt,</span> <span class='ocrx_word' id='word_1_242' title='bbox 471 2939 639 3003; x_wconf 85' lang='lat' dir='ltr'>seeundum</span> <span class='ocrx_word' id='word_1_243' title='bbox 669 2958 748 3020; x_wconf 87' lang='lat' dir='ltr'>quae</span> <span class='ocrx_word' id='word_1_244' title='bbox 781 2945 864 3000; x_wconf 83' lang='lat' dir='ltr'>esset</span> <span class='ocrx_word' id='word_1_245' title='bbox 897 2943 1050 3015; x_wconf 76' lang='lat' dir='ltr'>aeternus,</span> 
     </span>
     <span class='ocr_line' id='line_1_33' title="bbox 128 3019 1049 3102; baseline 0 -21"><span class='ocrx_word' id='word_1_246' title='bbox 128 3023 178 3102; x_wconf 91' lang='lat' dir='ltr'>qui</span> <span class='ocrx_word' id='word_1_247' title='bbox 201 3021 283 3102; x_wconf 87' lang='lat' dir='ltr'>apud</span> <span class='ocrx_word' id='word_1_248' title='bbox 304 3023 424 3098; x_wconf 90' lang='lat' dir='ltr'>Deum,</span> <span class='ocrx_word' id='word_1_249' title='bbox 447 3030 478 3084; x_wconf 86' lang='lat' dir='ltr'>et</span> <span class='ocrx_word' id='word_1_250' title='bbox 499 3023 660 3089; x_wconf 80' lang='lat' dir='ltr'>distinctus</span> <span class='ocrx_word' id='word_1_251' title='bbox 682 3041 703 3082; x_wconf 84' lang='lat' dir='ltr'>a</span> <span class='ocrx_word' id='word_1_252' title='bbox 723 3022 801 3083; x_wconf 84' lang='lat' dir='ltr'>Deo.</span> <span class='ocrx_word' id='word_1_253' title='bbox 845 3019 906 3081; x_wconf 86' lang='lat' dir='ltr'>Sed</span> <span class='ocrx_word' id='word_1_254' title='bbox 927 3020 1049 3083; x_wconf 85' lang='lat' dir='ltr'>interim</span> 
     </span>
     <span class='ocr_line' id='line_1_34' title="bbox 127 3102 1052 3186; baseline -0.004 -20"><span class='ocrx_word' id='word_1_255' title='bbox 127 3103 298 3186; x_wconf 82' lang='lat' dir='ltr'>negabant,</span> <span class='ocrx_word' id='word_1_256' title='bbox 321 3107 493 3169; x_wconf 82' lang='lat' dir='ltr'>seeundum</span> <span class='ocrx_word' id='word_1_257' title='bbox 517 3105 604 3186; x_wconf 88' lang='lat' dir='ltr'>quod</span> <span class='ocrx_word' id='word_1_258' title='bbox 626 3109 710 3169; x_wconf 78' lang='lat' dir='ltr'>esset</span> <span class='ocrx_word' id='word_1_259' title='bbox 729 3104 829 3182; x_wconf 83' lang='lat' dir='ltr'>Deus,</span> <span class='ocrx_word' id='word_1_260' title='bbox 850 3105 912 3165; x_wconf 88' lang='lat' dir='ltr'>imo</span> <span class='ocrx_word' id='word_1_261' title='bbox 937 3110 968 3163; x_wconf 86' lang='lat' dir='ltr'>ot</span> <span class='ocrx_word' id='word_1_262' title='bbox 990 3102 1052 3163; x_wconf 89' lang='lat' dir='ltr'>hoo</span> 
     </span>
     <span class='ocr_line' id='line_1_35' title="bbox 127 3183 1050 3270; baseline -0.003 -21"><span class='ocrx_word' id='word_1_263' title='bbox 127 3189 227 3270; x_wconf 85' lang='lat' dir='ltr'>ipsum</span> <span class='ocrx_word' id='word_1_264' title='bbox 250 3187 455 3269; x_wconf 81' lang='lat' dir='ltr'>admiserunt,</span> <span class='ocrx_word' id='word_1_265' title='bbox 486 3189 541 3257; x_wconf 82' lang='lat' dir='ltr'>sed</span> <span class='ocrx_word' id='word_1_266' title='bbox 569 3187 787 3269; x_wconf 78' lang='lat' dir='ltr'>nuncupative.</span> <span class='ocrx_word' id='word_1_267' title='bbox 831 3183 933 3261; x_wconf 80' lang='lat' dir='ltr'>Quane</span> <span class='ocrx_word' id='word_1_268' title='bbox 954 3191 1050 3266; x_wconf 88' lang='lat' dir='ltr'>patet,</span> 
     </span>
     <span class='ocr_line' id='line_1_36' title="bbox 128 3268 1050 3352; baseline -0.003 -22"><span class='ocrx_word' id='word_1_269' title='bbox 128 3269 212 3352; x_wconf 93' lang='lat' dir='ltr'>quod</span> <span class='ocrx_word' id='word_1_270' title='bbox 233 3272 293 3332; x_wconf 86' lang='lat' dir='ltr'>ista</span> <span class='ocrx_word' id='word_1_271' title='bbox 315 3274 414 3337; x_wconf 86' lang='lat' dir='ltr'>oratio</span> <span class='ocrx_word' id='word_1_272' title='bbox 435 3274 460 3333; x_wconf 93' lang='lat' dir='ltr'>si</span> <span class='ocrx_word' id='word_1_273' title='bbox 488 3271 646 3333; x_wconf 87' lang='lat' dir='ltr'>dimittitur</span> <span class='ocrx_word' id='word_1_274' title='bbox 677 3270 708 3330; x_wconf 92' lang='lat' dir='ltr'>in</span> <span class='ocrx_word' id='word_1_275' title='bbox 743 3270 899 3351; x_wconf 82' lang='lat' dir='ltr'>praesenti</span> <span class='ocrx_word' id='word_1_276' title='bbox 933 3268 1050 3348; x_wconf 81' lang='lat' dir='ltr'>ordine,</span> 
     </span>
     <span class='ocr_line' id='line_1_37' title="bbox 129 3351 1050 3439; baseline -0.003 -25"><span class='ocrx_word' id='word_1_277' title='bbox 129 3373 190 3439; x_wconf 86' lang='lat' dir='ltr'>quo</span> <span class='ocrx_word' id='word_1_278' title='bbox 219 3373 288 3416; x_wconf 89' lang='lat' dir='ltr'>eam</span> <span class='ocrx_word' id='word_1_279' title='bbox 307 3355 462 3425; x_wconf 79' lang='lat' dir='ltr'>Iohannes</span> <span class='ocrx_word' id='word_1_280' title='bbox 490 3355 609 3436; x_wconf 73' lang='lat' dir='ltr'>posuit,</span> <span class='ocrx_word' id='word_1_281' title='bbox 640 3353 747 3414; x_wconf 84' lang='lat' dir='ltr'>fortius</span> <span class='ocrx_word' id='word_1_282' title='bbox 781 3360 890 3417; x_wconf 84' lang='lat' dir='ltr'>eontra</span> <span class='ocrx_word' id='word_1_283' title='bbox 917 3351 1050 3419; x_wconf 82' lang='lat' dir='ltr'>Arianos</span> 
     </span>
     <span class='ocr_line' id='line_1_38' title="bbox 128 3434 1088 3517; baseline -0.005 -19"><span class='ocrx_word' id='word_1_284' title='bbox 128 3437 218 3514; x_wconf 82' lang='lat' dir='ltr'>saoit,</span> <span class='ocrx_word' id='word_1_285' title='bbox 256 3458 346 3517; x_wconf 88' lang='lat' dir='ltr'>quam</span> <span class='ocrx_word' id='word_1_286' title='bbox 382 3439 407 3498; x_wconf 93' lang='lat' dir='ltr'>si</span> <span class='ocrx_word' id='word_1_287' title='bbox 442 3437 479 3498; x_wconf 88' lang='lat' dir='ltr'>ad</span> <span class='ocrx_word' id='word_1_288' title='bbox 512 3435 603 3498; x_wconf 91' lang='lat' dir='ltr'>alium</span> <span class='ocrx_word' id='word_1_289' title='bbox 627 3437 753 3497; x_wconf 89' lang='lat' dir='ltr'>modum</span> <span class='ocrx_word' id='word_1_290' title='bbox 776 3434 942 3496; x_wconf 84' lang='lat' dir='ltr'>ordinetur.</span> <span class='ocrx_word' id='word_1_291' title='bbox 985 3434 1050 3494; x_wconf 90' lang='lat' dir='ltr'>Imo</span> <span class='ocrx_word' id='word_1_292' title='bbox 1082 3472 1088 3477; x_wconf 90' lang='lat'><em>-</em></span> 
     </span>
     <span class='ocr_line' id='line_1_39' title="bbox 127 3519 1050 3599; baseline -0.007 -17"><span class='ocrx_word' id='word_1_293' title='bbox 127 3522 243 3582; x_wconf 79' lang='lat' dir='ltr'>iaviota</span> <span class='ocrx_word' id='word_1_294' title='bbox 264 3530 313 3583; x_wconf 84' lang='lat' dir='ltr'>est</span> <span class='ocrx_word' id='word_1_295' title='bbox 332 3528 441 3582; x_wconf 82' lang='lat' dir='ltr'>eontra</span> <span class='ocrx_word' id='word_1_296' title='bbox 471 3540 527 3581; x_wconf 87' lang='lat' dir='ltr'>eos</span> <span class='ocrx_word' id='word_1_297' title='bbox 548 3520 602 3580; x_wconf 87' lang='lat' dir='ltr'>iilo</span> <span class='ocrx_word' id='word_1_298' title='bbox 621 3520 754 3599; x_wconf 82' lang='lat' dir='ltr'>-ondine,</span> <span class='ocrx_word' id='word_1_299' title='bbox 786 3519 848 3580; x_wconf 88' lang='lat' dir='ltr'>hoo</span> <span class='ocrx_word' id='word_1_300' title='bbox 880 3523 982 3579; x_wconf 85' lang='lat' dir='ltr'>autem</span> <span class='ocrx_word' id='word_1_301' title='bbox 1007 3519 1050 3577; x_wconf 90' lang='lat' dir='ltr'>in·</span> 
     </span>
     <span class='ocr_line' id='line_1_40' title="bbox 128 3601 1051 3683; baseline -0.004 -18"><span class='ocrx_word' id='word_1_302' title='bbox 128 3604 289 3682; x_wconf 77' lang='lat' dir='ltr'>valido*).</span> <span class='ocrx_word' id='word_1_303' title='bbox 332 3605 411 3665; x_wconf 84' lang='lat' dir='ltr'>Nam</span> <span class='ocrx_word' id='word_1_304' title='bbox 425 3603 470 3664; x_wconf 92' lang='lat' dir='ltr'>illi</span> <span class='ocrx_word' id='word_1_305' title='bbox 491 3606 552 3664; x_wconf 86' lang='lat' dir='ltr'>ista</span> <span class='ocrx_word' id='word_1_306' title='bbox 565 3603 746 3683; x_wconf 85' lang='lat' dir='ltr'>admittunt,</span> <span class='ocrx_word' id='word_1_307' title='bbox 768 3608 802 3664; x_wconf 84' lang='lat' dir='ltr'>ut</span> <span class='ocrx_word' id='word_1_308' title='bbox 818 3602 901 3682; x_wconf 85' lang='lat' dir='ltr'>dixi,</span> <span class='ocrx_word' id='word_1_309' title='bbox 923 3601 1051 3663; x_wconf 82' lang='lat' dir='ltr'>verbum</span> 
     </span>
    </p>
   </div>
   <div class='ocr_carea' id='block_1_5' title="bbox 183 3775 696 3865">
    <p class='ocr_par' dir='ltr' id='par_1_7' title="bbox 183 3775 696 3865">
     <span class='ocr_line' id='line_1_41' title="bbox 183 3775 696 3865; baseline -0.002 -34"><span class='ocrx_word' id='word_1_310' title='bbox 183 3775 216 3846; x_wconf 76' lang='grc'>·)</span> <span class='ocrx_word' id='word_1_311' title='bbox 235 3777 326 3839; x_wconf 76' lang='lat' dir='ltr'>Aurea</span> <span class='ocrx_word' id='word_1_312' title='bbox 344 3777 511 3865; x_wconf 63' lang='lat' dir='ltr'>obsessstio.</span> <span class='ocrx_word' id='word_1_313' title='bbox 539 3840 542 3847; x_wconf 28' lang='lat'>¹</span> <span class='ocrx_word' id='word_1_314' title='bbox 566 3844 577 3855; x_wconf 23' lang='grc' dir='ltr'>Ι,</span> <span class='ocrx_word' id='word_1_315' title='bbox 694 3840 696 3847; x_wconf 29' lang='grc' dir='ltr'>Ι</span> 
     </span>
    </p>
   </div>
   <div class='ocr_carea' id='block_1_6' title="bbox 0 0 1188 4200">
    <p class='ocr_par' dir='ltr' id='par_1_8' title="bbox 0 0 1188 4200">
     <span class='ocr_line' id='line_1_42' title="bbox 0 0 1188 4200; baseline 0 0"><span class='ocrx_word' id='word_1_316' title='bbox 0 0 1188 4200; x_wconf 95' lang='lat' dir='ltr'> </span> 
     </span>
    </p>
   </div>
  </div>
 </body>
</html>
