2356 4200
174 279 237 354 292
463 281 621 360 Disputatio
640 281 804 346 ir.Luthe1-i
826 268 830 311 1
860 249 878 303 s

175 475 273 537 mam,
301 457 326 517 si
352 455 486 519 infinitas
499 457 531 538 1)
559 461 677 521 animas
706 457 829 520 redimit
855 463 981 539 propter
1001 476 1093 538 pecu·

175 541 257 601 niam
286 539 567 622 iimestissimam²)
597 542 636 603 ad
666 548 848 603 structuram
869 540 1032 620 basilicae,
1061 545 1095 600 nt

176 640 301 684 cansam
322 622 576 703 levissimam³)?

257 706 316 782 83)
339 706 427 785 Item,
450 726 503 768 cnr
523 713 708 789 permanent
730 708 897 787 exsequiae
909 711 940 766 et
951 706 1093 767 anniver-

176 789 257 849 saria
284 787 509 870 defunctorum,
539 798 570 852 et
598 809 661 852 non
689 790 806 870 reddit,
835 795 888 851 aut
908 789 1003 868 recipi
1024 807 1092 869 per-

176 872 267 931 mittit
292 870 443 934 beneficia
469 893 525 953 pro
548 874 608 933 illis
629 875 783 954 instituta,
814 892 883 933 enm
903 873 965 932 iam
988 872 1028 931 sit
1048 871 1094 930 in-

175 955 252 1014 iuria
273 973 329 1034 pro
351 954 518 1036 redemptis
542 957 650 1018 orare?

258 1037 316 1112 84)
340 1037 428 1118 item,
451 1057 530 1118 quae
553 1039 608 1099 illa
627 1058 712 1099 nova
733 1040 833 1120 pietas
849 1038 907 1098 Dei
929 1042 961 1097 et
980 1054 1093 1116 papae,

177 1119 259 1199 quod
280 1121 376 1200 impio
399 1128 430 1181 et
450 1122 574 1182 inimico
596 1129 722 1202 propter
742 1122 906 1203 pecuniam
918 1117 1095 1180 concedunt

40 1234 44 1248 r
88 1271 92 1276 ,
176 1203 310 1263 animam
331 1205 415 1282 piam
445 1210 477 1264 et
499 1207 630 1266 amicam
651 1205 709 1265 Dei
730 1204 896 1282 redimere,
936 1209 968 1263 et
989 1207 1094 1262 tamen

175 1291 302 1365 propter
323 1288 538 1348 necessitatem
559 1289 721 1371 ipsiusmet
740 1289 811 1368 piae
833 1293 864 1346 et
884 1285 1017 1346 dilectae
1028 1285 1093 1344 aui·

101 1444 103 1448 ,
176 1386 246 1429 mae
267 1388 330 1429 non
352 1369 506 1430 redimunt
529 1390 597 1431 eam
618 1372 750 1452 gratuita
772 1368 919 1431 caritate?

259 1451 316 1525 85)
340 1452 433 1532 item,
462 1472 515 1513 cnr
543 1471 678 1515 canones
705 1451 943 1534 poenitentiales
968 1469 1002 1510 re
1022 1451 1093 1531 ipsa

176 1539 208 1594 et
234 1552 298 1594 nou
325 1554 380 1595 usu
407 1537 469 1596 iam
495 1535 546 1596 din
573 1538 604 1596 in
634 1542 732 1596 semet
752 1535 894 1616 abrogati
915 1542 947 1595 et
967 1534 1092 1610 mortui,

176 1615 277 1677 adhuc
299 1623 401 1678 tamen
422 1620 560 1699 pecuniis
582 1618 770 1680 redimuntur
791 1637 847 1699 per
857 1617 1092 1678 concessionem

176 1698 435 1780 indulgentiarum
457 1708 603 1782 tauquam
623 1701 832 1762 vivacissimi?

124 1802 125 1806 ’
246 1780 317 1864 ’86)
340 1784 426 1861 ltem,
448 1803 501 1844 our
521 1803 613 1866 papa,
637 1785 721 1844 cuius
737 1802 813 1864 opes
824 1781 918 1844 hodie
930 1787 1001 1843 sunt
1017 1799 1092 1862 opu-

176 1866 355 1927 lentissimis
378 1868 488 1927 crassis
511 1868 694 1944 crassiores,
722 1887 786 1927 non
808 1866 847 1926 de
868 1867 930 1926 suis
952 1865 1091 1945 pecuniis
1168 1927 1172 1936 ,

176 1949 289 2030 magia,
317 1967 408 2028 quam
429 1969 598 2030 pauperum
618 1948 771 2028 fidelium,
800 1950 888 2010 struit
908 1943 1092 2009 unam‘tan-

175 2030 335 2093 tummodo
356 2031 515 2094 basilicam
539 2032 569 2095 8.
592 2032 693 2093 Petri?

227 2154 235 2157 >
259 2115 317 2193 87)
340 2115 427 2194 Item,
449 2115 521 2195 qnid
542 2117 669 2177 remittit
690 2121 742 2176 aut
762 2114 925 2194 participat
940 2130 1023 2194 papa
1042 2113 1091 2191 iis,

177 2199 228 2277 qui
249 2217 304 2277 per
325 2199 541 2260 contritionem
562 2199 730 2281 perfectam
751 2199 797 2257 ius
809 2197 924 2259 habent
933 2196 1092 2277 plenariae

84 2275 101 2293 ’
176 2281 368 2341 remissionis
392 2288 424 2341 et
445 2280 709 2361 participationis?

258 2363 316 2436 88)
340 2362 428 2442 Item,
450 2364 522 2444 quid
544 2364 708 2425 adderetur
729 2363 880 2425 ecciesiae
901 2360 975 2424 boni
996 2361 1092 2421 maio-

175 2447 235 2522 ris,
264 2447 290 2505 si
317 2464 414 2526 papa,
444 2449 523 2508 sicut
551 2447 647 2508 semei
670 2447 758 2527 iacit,
786 2447 829 2505 ita
851 2445 966 2510 centies
987 2445 1019 2503 in
1042 2442 1093 2504 die

176 2527 303 2673 angibet
323 2528 458 2656 bdelium
488 2530 544 2591 has
566 2531 764 2591 remissiones
787 2536 818 2589 et
838 2527 1092 2610 participationes

176 2612 214 2671 tri
236 2617 335 2672 neret.

259 2695 316 2772 89)
341 2694 389 2754 Ex
418 2713 479 2774 qno
507 2714 590 2775 papa
621 2696 752 2756 salutem
778 2694 896 2774 quaerit
923 2694 1093 2754 animarum

128 2835 132 2847 ,
177 2779 360 2858 pervenias
383 2779 481 2858 magis
503 2796 594 2857 quam
617 2779 781 2859 pecunias,
803 2796 856 2836 our
878 2774 1038 2856 suspendit
1059 2774 1093 2833 li-

177 2868 258 2921 teras
282 2868 313 2920 et
332 2861 439 2921 venias
461 2861 523 2921 iam
546 2861 621 2922 olim
643 2878 818 2938 concessas,
840 2878 910 2919 cnm
923 2861 1093 2937 sintaeqne

177 2942 339 3004 efficaces?
586 3001 589 3004 ,

260 3029 317 3104 90)
339 3025 424 3086 Haec
456 3025 723 3104 scrupulosissima
743 3024 891 3085 laicorum
913 3028 1095 3104 argumenta

178 3109 246 3169 sola
266 3115 422 3190 potestate
445 3124 661 3187 compescere,
689 3126 748 3168 nea
768 3106 890 3168 reddita
910 3108 1030 3167 ratione
1051 3104 1094 3164 di-

176 3191 276 3271 luere,
316 3199 364 3251 est
390 3191 553 3252 ecclesiam
582 3196 614 3251 et
639 3210 751 3271 papam
781 3189 920 3251 hostibus
948 3187 1094 3249 ridendos

178 3293 345 3354 exponere,
368 3280 399 3334 et
419 3272 558 3334 infelices
580 3274 771 3334 Christianos
793 3273 905 3333 iacere.
996 3301 1002 3308 ·

260 3361 318 3436 91)
343 3355 375 3420 Si
396 3375 471 3438 ergo
493 3358 603 3417 veniae
624 3355 792 3417 secundnm
815 3356 952 3436 spiritum
970 3359 1001 3414 et
1011 3371 1094 3414 meu·

177 3448 239 3502 tem
261 3459 362 3522 papae
387 3438 651 3520 praedicarentur,
679 3439 769 3499 facile
791 3438 844 3499 illa
867 3438 971 3499 omnia
993 3436 1093 3497 solve·

177 3531 298 3602 rentur,
319 3524 381 3584 imo
404 3541 467 3583 non
491 3529 604 3585 esseut.

232 3732 264 3799 1)
284 3730 367 3800 Apud
380 3748 404 3783 v.
417 3730 443 3782 d.
459 3727 559 3783 Hordt:
582 3744 644 3780 cum
667 3731 761 3778 tamen
783 3726 913 3778 infinitas.
957 3723 991 3790 2)
1013 3723 1095 3778 ibid:

57 3853 60 3856 Α
177 3804 395 3858 funestissimam
405 3802 562 3871 pecuniam.
582 3796 708 3868 3)1nid.:
728 3794 1096 3872 quaeestcausalevissirua.
