2356 4200
349 263 383 325 da
402 272 502 324 virtute
520 264 766 339 indulgentiarum.
946 257 1009 331 145

88 442 138 518 sit,
160 439 285 521 flagella
296 441 354 501 Dei
376 459 438 501 non
462 445 619 521 potestate
642 438 860 517 clavium,.sed
875 438 1009 501 lacrimis

89 532 120 584 et
142 527 283 584 oratione
305 523 520 585 tantummodo
543 542 637 603 posse
659 523 742 601 tolli,
777 530 808 583 at
835 523 933 602 magis
954 540 1011 604 per

88 607 318 686 impositionem
342 607 471 667 alierum
493 625 678 687 poenarum,
709 624 800 686 quam
831 624 886 685 per
906 605 1010 666 retnis*

89 691 218 750 sionem.
263 689 348 751 Sicut
369 689 523 750 Ninivitas
543 709 600 770 per
620 690 827 770 poenitentias
856 706 926 749 snas
956 687 1009 750 hu·

89 773 200 834 militer
222 792 291 833 sese
313 773 486 853 affligentes
511 779 685 834 meruerunt
701 780 841 834 avertere
853 768 1008 852 flagellum

90 856 300 917 subversionis
331 859 375 917 eis
406 857 599 919 intentatum.
647 854 774 935 Alioqui
807 855 832 916 si
865 853 1028 916 sacerdos·

90 940 242 1000 ecclesiae
264 941 330 1000 sive
352 958 488 1000 summus
511 941 576 1000 sive
591 939 713 1000 intimus
730 937 924 1019 potesthanc
936 936 1020 1018 poc*¹

88 1041 160 1084 nam
183 1030 338 1103 potestate
360 1023 490 1084 clavium
514 1023 653 1101 solvere,
682 1023 778 1103 pellat
800 1039 874 1101 ergo
896 1027 1010 1100 pestes,

88 1106 185 1183 bella,
214 1105 400 1182 seditiones,
430 1113 670 1183 terraemotus,
697 1105 856 1179 incendia,
887 1105 1009 1183 caedes,

89 1189 259 1267 latrocinia,
282 1191 354 1250 item
375 1189 490 1250 'Furcas
509 1197 544 1249 et
565 1189 721 1267 Tartarus,
743 1189 883 1267 aliosque
903 1185 1010 1248 infide·

88 1272 149 1349 les,
183 1291 260 1352 quos
293 1292 363 1333 esse
402 1271 527 1353 flagella
553 1280 584 1333 et
612 1274 729 1352 virgam
752 1273 810 1332 Dei
836 1288 928 1330 nemo
951 1268 1009 1330 nisi
1064 1273 1075 1292 ‘

88 1373 196 1435 parum
226 1354 416 1416 Christianus
445 1358 576 1436 ignorat.
625 1356 707 1415 Dicit
737 1356 819 1415 enim
851 1353 923 1414 Esa.
954 1355 1010 1420 10:

88 1438 157 1499 Vae
178 1439 293 1516 Assur,
326 1442 412 1519 virga
436 1439 546 1499 luroris
573 1439 633 1498 mei
665 1447 697 1498 et
716 1437 844 1500 baculus
865 1438 932 1517 ipse
954 1441 1011 1498 est

88 1519 125 1582 In
148 1541 240 1582 manu
263 1524 328 1582 eius
351 1523 522 1602 indignatio
545 1540 623 1582 mea.
665 1519 752 1581 Licet
780 1520 900 1600 plurimi
927 1535 1011 1581 nunc
1097 1554 1100 1565 =

88 1611 120 1665 at
155 1606 246 1664 iidem
283 1606 385 1686 magni
416 1607 446 1665 in
475 1604 608 1665 ecclesia
635 1603 711 1663 nilnl
739 1603 821 1664 aliud
838 1679 840 1683 Ι
856 1603 1013 1664 somnient

90 1706 181 1768 quam
211 1687 292 1748 bella
318 1689 465 1749 adversus
486 1688 633 1771 Ture-am,
664 1686 780 1747 scilicet
813 1705 874 1746 non
904 1694 1012 1747 conta

88 1772 283 1851 iniquitates,
316 1770 371 1832 sed
403 1778 510 1831 contra
531 1773 647 1852 virgam
670 1771 838 1849 iniquitatis
859 1767 1012 1850 bellaturi,

91 1855 221 1934 Deoque
249 1855 463 1935 repugnaturi,
492 1855 542 1934 qui
566 1874 622 1934 per
648 1873 716 1914 eum
738 1856 854 1934 virgam
877 1871 947 1913 sese
968 1850 1013 1912 riss

90 1938 184 2000 sitara
213 1937 287 1998 dicit
308 1939 483 2018 iniquitates
512 1944 649 2016 nostras,
683 1954 721 1998 eo
751 1936 835 2015 quod
862 1955 919 1996 nos
946 1952 1010 1996 uon

91 2021 249 2093 visitamus
272 2041 333 2082 eas.

171 2103 285 2178 Quinta
307 2110 354 2164 est
375 2105 526 2165 canonica
547 2121 660 2184 poena,
682 2101 801 2163 scilicet
823 2099 861 2161 ab
879 2098 1010 2161 ecclesia

88 2189 261 2249 constituta.
291 2187 460 2248 Hancesse
482 2188 620 2266 plenario
643 2188 708 2246 iure
730 2187 761 2245 in
785 2203 876 2244 manu
898 2183 1009 2244 aurumi

86 2270 259 2347 Pontificis,
297 2290 360 2331 non
383 2278 431 2331 est
453 2270 594 2347 dubium,
631 2271 676 2328 sic
705 2277 823 2347 maren,
858 2276 892 2327 ut
913 2267 1011 2328 subsit

91 2359 142 2428 (ut
164 2355 265 2428 aiunt)
290 2355 371 2414 iusta
393 2373 486 2413 causa
506 2353 698 2413 remissionis
721 2371 838 2428 earum,
861 2348 893 2411 et
914 2349 1009 2410 clavia

88 2456 151 2497 non
175 2450 264 2498 erret.
308 2434 423 2497 Verum
447 2457 505 2517 ego
532 2447 621 2511 (mea
643 2437 834 2512 temeritate)
859 2433 944 2494 illam
967 2431 1009 2492 iu·

88 2529 166 2580 stam
195 2540 319 2580 causam
348 2540 410 2580 non
445 2523 489 2580 ita
519 2518 618 2600 rigide
647 2519 835 2599 acciperem,
863 2526 898 2577 ut
924 2512 1010 2576 multi
1096 2532 1100 2539 ’

87 2603 199 2665 solent.
243 2603 389 2664 Sul'ficere
411 2605 491 2662 enim
515 2605 635 2663 videtur
664 2604 715 2681 pia
736 2602 880 2663 voluutas
909 2597 1008 2679 ponti·

87 2685 170 2765 licis,
199 2694 291 2766 atque
313 2686 391 2747 haec
425 2688 498 2747 satis
521 2687 602 2746 iusta
623 2687 663 2745 sit
684 2703 786 2745 causa.
831 2683 895 2744 Nec
917 2681 1009 2744 video

87 2770 244 2849 quomodo
266 2772 296 2830 in
320 2769 378 2830 hac
399 2770 581 2830 remissione
605 2788 689 2829 error
711 2767 806 2828 clavis
839 2767 1010 2846 contingat,

87 2862 140 2913 aut
176 2856 202 2914 si
235 2853 403 2934 contingit,
439 2852 510 2932 quid
544 2860 669 2928 noceat,
709 2869 777 2911 cum
811 2849 1010 2909 nibilominus

88 2935 236 2996 salvasti
258 2938 377 3013 anima,
411 2935 532 2996 etiamsi
562 2953 685 3015 poenae
714 2933 865 2994 eiusmodi
888 2951 943 3012 per
964 2950 1009 2992 ar·

85 3038 187 3080 rorem
209 3038 273 3080 non
295 3021 532 3080 remitterentur.

169 3102 246 3162 lllud
271 3104 368 3182 magis
392 3099 624 3180 advertendum,
648 3098 737 3178 quods
754 3116 890 3159 summus
910 3096 1010 3178 ponti·

87 3186 139 3245 lex
170 3187 201 3245 in
240 3187 422 3247 remissione
451 3184 591 3265 plenaria
618 3202 677 3244 neo
707 3201 815 3244 omnes
845 3181 1010 3243 canonicas

86 3288 205 3349 poenas
227 3270 368 3345 remittit,
400 3269 481 3349 quod
504 3276 606 3348 patet,
641 3267 714 3346 quia
736 3285 799 3326 non
821 3266 948 3325 remittit
969 3264 1014 3323 in,

88 3354 278 3432 gressionem
301 3372 355 3412 seu
377 3353 577 3412 intrusionem
596 3349 788 3429 quorundam
811 3349 842 3408 in
859 3352 1011 3408 monaste·

86 3438 180 3511 mum,
211 3456 290 3515 quae
313 3443 415 3497 tamen
439 3455 543 3516 poena
564 3455 627 3495 non
650 3433 813 3494 incelebris
835 3438 883 3492 est
904 3432 935 3490 in
961 3448 1009 3490 ca·

88 3519 230 3598 nonibus,
254 3517 309 3579 sed
332 3538 390 3579 neo
411 3520 518 3579 civiles
540 3538 594 3578 seu
617 3521 719 3597 potius
743 3514 915 3576 criminales
939 3532 1010 3593 poe·

88 3621 144 3663 nas
173 3623 192 3662 a
218 3604 283 3663 inre
313 3603 395 3663 civili
422 3601 570 3679 inflictas,
604 3600 676 3661 licat
707 3598 740 3660 id
768 3599 863 3679 legati
896 3598 1012 3659 faciunt

87 3685 215 3765 alicubi,
245 3686 296 3746 ubi
325 3685 528 3764 personaliter
557 3691 628 3745 sunt
649 3692 838 3764 praesentes.
881 3680 1011 3741 Videtur

87 3788 162 3851 ergo
185 3770 285 3831 solum
308 3789 360 3830 eas
383 3770 554 3847 remittere,
578 3766 719 3846 quaeda
741 3765 877 3844 ieiuniis,
900 3764 1012 3825 oratio·

114 3882 206 3924 Luffiefl
220 3893 272 3934 opp.
286 3883 312 3926 V.
327 3883 354 3923 A.
369 3882 398 3922 ad
410 3882 452 3922 ret.
466 3881 516 3922 bist.
530 3883 545 3921 t.
559 3891 582 3932 p.
595 3880 646 3924 vot.
659 3880 692 3922 11.
767 3881 809 3947 ’ὢ
