2356 4200
471 265 586 327 attuit
600 265 700 324 caum
989 266 1051 337 181

133 437 191 517 ipsi
212 438 276 497 sint
296 444 487 518 peccatores,
517 439 654 502 Christus
676 439 781 501 docuit
801 446 833 500 et
852 440 974 521 Paulus,
996 442 1052 503 sci·

133 521 206 581 licet
227 522 384 600 quianon
407 522 537 604 implent
563 523 665 607 legem
686 524 811 605 spiritu,
843 525 914 603 quia
940 525 1051 597 saltem

132 601 225 665 corda
248 611 380 684 peccant
400 611 432 666 et
453 606 691 690 concupiscunt,
720 607 777 666 etsi
806 625 869 666 non
895 604 1050 687 occidunt,

132 693 236 746 tamen
259 687 446 767 irascuntur,
482 689 540 755 etsi
568 708 631 751 non
646 689 808 768 ¹iurantur,
841 696 944 750 tamen
965 691 1051 752 avari

131 775 209 847 suut,
233 771 292 830 etsi
308 790 370 831 non
388 770 599 852 moechantur,
613 778 716 834 tamen
729 773 959 853 concupiscunt,
981 791 1049 834 cum

131 853 198 912 sine
219 853 320 934 gratia
341 854 591 935 concupiscentia
611 874 674 917 uon
696 853 830 934 recedat,
852 861 886 915 ut
902 855 992 917 Rom.
1012 861 1048 921 7:

131 934 240 995 Infelix
268 955 328 1016 ego
355 937 468 1017 homo,
500 939 567 1017 quis
595 936 737 1001 liberabit
759 937 798 998 de
819 956 856 998 co
894 956 949 999 ore
970 955 1049 999 mor·

131 1019 166 1078 tis
191 1017 304 1078 huius?
345 1019 416 1081 Non
444 1020 504 1100 ait,
536 1021 657 1084 habitus
688 1026 741 1082 aut
769 1028 854 1082 actus
903 1027 1051 1100 equenter

130 1101 240 1180 iterati,
263 1101 318 1162 sed
339 1104 440 1184 gratia
459 1103 517 1165 Dei
539 1125 595 1186 per
615 1105 720 1166 Jesum
744 1104 906 1166 Christum.
946 1103 1049 1179 Quare

131 1183 325 1265 evangelium
346 1184 524 1266 magnificat
537 1193 709 1268 peccatum,
731 1187 803 1247 dum
819 1185 949 1248 latificat
965 1205 1049 1247 mau-

131 1265 245 1347 datum,
267 1269 312 1328 ita
332 1275 366 1329 ut
386 1268 487 1330 nullus
509 1273 607 1352 possit
628 1272 724 1330 iustus
745 1271 884 1347 inveniri,
911 1271 963 1349 qui
985 1288 1048 1331 non

130 1350 358 1430 praevaricetur
384 1351 503 1433 legem,
544 1373 582 1415 ac
613 1355 693 1414 sicut
724 1370 831 1413 omnes
858 1359 990 1433 peccant
1017 1358 1050 1414 et

130 1442 347 1514 peccaverunt,
370 1435 413 1494 sic
435 1443 531 1517 patet,
553 1436 709 1517 quomodo
738 1436 880 1497 omnibus
907 1453 1048 1497 necessa-

129 1517 189 1577 rius
211 1518 253 1578 sit
273 1517 443 1598 baptismus
463 1520 674 1600 poenitentiae
702 1524 774 1579 ante
795 1518 981 1599 baptismum
1003 1516 1049 1580 re‘·

131 1601 285 1660 missionis
314 1606 524 1682 peccatorum.
573 1601 648 1664 ldeo
675 1601 833 1663 lohannes
866 1620 929 1662 non
958 1601 1048 1663 abso·

129 1682 192 1743 luta
221 1681 363 1746 scribitur
388 1685 585 1765 praedicasse
612 1685 796 1766 baptismum
826 1684 1048 1765 poenitentiae,

131 1764 185 1826 scd
207 1764 331 1826 additur
350 1768 381 1827 in
404 1768 454 1829 vel
475 1767 515 1830 ad
530 1768 743 1829 remissionem
758 1772 956 1849 peccatorum
977 1767 998 1826 i.
1019 1785 1047 1828 c.

129 1847 210 1927 quod
234 1867 290 1929 per
311 1849 393 1910 bunc
412 1858 558 1932 parentur
578 1850 618 1911 ad
639 1851 778 1932 gratiam,
801 1868 861 1930 qua
881 1848 916 1910 flt
935 1850 1046 1931 remis-

127 1931 173 1992 sio
195 1937 404 2013 peccatorum,
425 1952 505 2014 quae
526 1953 589 1996 non
610 1935 819 2012 remittuntur,
850 1933 910 1993 nisi
939 1932 1047 2012 quibus
1120 1978 1128 1988 .

127 2013 306 2094 displicent,
346 2014 407 2076 boc
438 2018 520 2079 enim
551 2023 598 2078 est
629 2012 799 2099 poenitere.
842 2015 912 2076 Non
944 2021 1047 2075 autem

128 2096 296 2178 displicent
325 2099 383 2158 nisi
405 2099 452 2159 his
475 2097 585 2180 quiea
606 2105 813 2181 cognoscunt:
852 2117 915 2158 nou
943 2104 1046 2158 autem

127 2187 331 2261 cognoscunt,
351 2182 411 2242 nisi
433 2184 485 2263 qui
504 2183 606 2264 legem
617 2182 808 2262 intelligunt:
830 2180 930 2262 legem
945 2188 1045 2240 autem

126 2282 182 2343 per
202 2283 236 2325 se
258 2282 352 2325 nemo
373 2265 519 2347 intelligit
546 2266 612 2326 nisi‘
633 2266 820 2348 explicetur,
851 2264 913 2324 hoc
944 2269 1047 2323 autem

127 2346 201 2406 facit
220 2347 426 2428 evangelium.
470 2349 521 2411 Sic
543 2350 625 2410 enim
646 2368 701 2430 per
723 2350 823 2427 legem
851 2346 886 2406 flt
907 2347 1045 2428 cognitio

125 2431 262 2509 peccati,
299 2432 366 2491 sine
393 2449 455 2509 qua
481 2438 643 2513 peccatum
675 2440 827 2492 mortuum
863 2436 941 2490 erat:
977 2447 1046 2490 cnm

125 2518 229 2572 autem
252 2514 389 2574 venisset
410 2515 471 2592 lex,
494 2521 656 2596 peccatum
677 2514 804 2591 revixit,
838 2532 909 2574 nam
932 2530 1043 2573 concu-

125 2596 310 2674 piscentiam
330 2599 460 2658 nescivit
481 2603 642 2678 peccatum
666 2616 745 2675 esse,
771 2596 829 2656 nisi
859 2594 929 2674 lex,
964 2595 1043 2655 scili·

125 2685 176 2739 cet
197 2679 395 2759 spiritualiter
415 2681 582 2758 intellecta,
606 2680 732 2757 diceret,
754 2698 818 2740 non
833 2679 1044 2759 concupisces.

124 2760 200 2822 Ideo
226 2761 279 2822 lex
305 2764 421 2842 optima
442 2783 491 2824 res
525 2770 591 2842 est,
625 2762 697 2823 dum
731 2763 812 2823 mala
844 2768 995 2822 monstrat
1016 2769 1047 2821 et
1165 2780 1168 2785 ·

125 2844 336 2906 infelicitatem
366 2848 523 2927 propriam
551 2864 723 2925 agnoscere
754 2844 842 2924 facit,
875 2848 967 2922 atque
1003 2844 1047 2903 sic

125 2927 165 2986 ad
187 2926 303 2988 bouum
326 2928 532 3006 quaerendum
557 2935 669 3009 movet,
693 2965 730 2974 -
753 2947 825 2988 nam
853 2927 972 2986 initium
1000 2945 1045 2986 sa-

125 3009 197 3070 lutis
231 3018 281 3071 est
308 3028 401 3072 nosse
428 3012 582 3090 morbum,
616 3018 647 3072 et
674 3013 844 3093 principum
874 3009 1046 3089 sapientise

124 3093 218 3153 timor
240 3093 373 3154 Domini.
396 3094 501 3156 Atlex
522 3096 631 3155 incutit
649 3096 801 3171 timorem,
823 3098 856 3152 ut
875 3092 970 3152 homo
992 3092 1045 3153 hu-

124 3176 267 3256 milietur,
289 3176 359 3236 dum
383 3177 477 3258 videt,
498 3198 531 3238 se
552 3197 615 3238 nou
638 3197 760 3238 servare
789 3176 907 3257 legem,
936 3193 973 3234 ac
1001 3175 1046 3234 sic

122 3258 269 3330 iudicium
292 3260 348 3320 Dei
381 3263 552 3340 incurrere,
574 3262 673 3342 gratia
694 3268 795 3322 autem
818 3257 1045 3320 infunditamo·

123 3361 198 3422 rem,
224 3360 286 3422 quo
308 3342 342 3403 iit
365 3342 517 3424 fidentior,
540 3344 612 3404 dum
636 3344 719 3404 videt
747 3362 781 3402 se
813 3341 895 3402 velle
923 3359 1045 3402 servare

124 3425 237 3506 legem,
260 3432 292 3486 et
312 3427 457 3507 quicquid
479 3447 542 3488 non
565 3434 669 3507 potest
691 3445 813 3487 servare
835 3421 917 3502 quod
934 3423 1044 3484 Christi

123 3507 283 3588 plenitudo
305 3528 362 3590 pro
385 3530 423 3570 eo
446 3511 619 3590 suscipitur,
642 3510 743 3571 donec
765 3516 796 3568 et
817 3509 884 3587 ipse
905 3505 1044 3586 perficia-

123 3598 180 3653 tur.
225 3591 275 3652 Sic
300 3592 369 3653 Deo
402 3595 534 3674 gratias,
574 3594 624 3672 qui
655 3593 740 3653 dedit
767 3590 857 3652 uobis
885 3590 1045 3650 victoriam

124 3694 180 3754 per
200 3674 307 3735 «lesum
329 3675 493 3740 Christum.

153 3862 246 3904 humeri
260 3873 314 3914 opp.
329 3865 355 3906 V.
368 3865 395 3904 A.
409 3865 438 3904 ad
450 3865 490 3904 ret
504 3864 554 3905 blm.
568 3866 583 3906 l.
595 3876 619 3917 p.
636 3865 683 3909 Vol.
698 3865 717 3907 Ι.
757 3898 761 3915 ,
795 3865 837 3933 ss
