2356 4200
122 269 186 338 432
520 273 654 329 crassos

125 461 199 503 snae
221 440 397 522 parochiae,
420 442 499 502 sicut
519 441 553 502 fit
572 443 603 502 in
626 442 676 502 die
694 444 874 519 animarum,
893 439 1049 503 in'diebus

125 523 351 601 communibus,
381 530 412 584 et
441 526 472 584 in
496 524 790 604 depositionibus.¹)
834 525 875 586 Et
896 544 959 585 non
983 531 1051 585 erat

124 606 247 688 quidem
269 614 376 668 votum
399 626 519 686 meum,
552 614 584 667 ut
613 609 672 668 isto
696 607 810 686 verbo,
840 614 996 688 potestas,
1018 607 1050 667 in

123 691 182 752 hae
201 692 356 772 positione
380 709 448 749 mea
469 689 513 749 illi
535 689 727 770 luderentur,
755 691 858 770 placet
879 698 983 751 tamen
1006 691 1050 749 ita

124 776 290 855 contigisse
312 773 481 833 temerariis
498 771 658 851 iudicibus,
681 778 713 833 ut
736 792 769 834 se
782 774 867 853 ipsos
890 773 1047 850 irriserint,

124 864 157 917 ut
178 856 298 917 discant
318 855 465 934 deinceps
488 874 555 915 cum
580 857 689 916 timore
719 876 757 917 ac
789 856 856 917 sine
882 853 1047 936 supercilio

123 938 225 1000 aliena
246 945 387 1016 tractare,
406 944 438 998 et
464 937 584 999 discere
604 946 767 1018 antequam
786 938 909 1014 docere,
931 937 1048 1017 audire,

123 1030 287 1101 antequam
309 1021 455 1082 iudicent.

428 1184 492 1247 XlL
520 1158 734 1268 Obeliscus.*)

205 1349 258 1410 Ec.
282 1350 456 1431 Propositio
479 1351 539 1410 ista
549 1349 670 1411 videtur
688 1349 854 1428 declarare,
875 1355 1046 1429 ponentem

124 1451 187 1493 non
209 1430 392 1512 intelligere,
415 1433 488 1512 quid
509 1435 539 1492 in
564 1431 655 1494 bullis
677 1433 856 1512 apostolicis
880 1431 955 1493 velit
969 1431 1048 1492 haec

125 1513 274 1594 particula
298 1524 371 1595 (per
392 1515 517 1576 modurn
540 1513 711 1598 suffragii),
739 1534 807 1575 cunr
836 1515 890 1575 illa
916 1533 982 1576 non
1005 1514 1047 1575 di·

124 1598 242 1657 minuat
264 1595 315 1678 (ut
338 1598 402 1658 vult
423 1600 572 1678 positor),
594 1599 649 1658 sed
670 1598 773 1677 potius
795 1596 905 1675 addat,
929 1603 961 1658 et
982 1616 1046 1658 rno-

125 1678 195 1739 dum
219 1680 464 1741 communicandi
495 1681 654 1761 explanet,
683 1687 715 1740 ut
743 1680 822 1741 haec
844 1679 973 1761 pulchre
995 1679 1046 1741 de·

126 1761 242 1825 clarari-
255 1770 402 1843 possunt,
426 1771 457 1824 et
478 1763 541 1824 dati
562 1762 727 1842 apostolici
749 1764 931 1844 interpretes
951 1781 1045 1842 expo·

124 1851 257 1909 suerunt.
816 1880 821 1885 ι

206 1927 292 1988 Luth.
313 1929 426 1989 Fateor
445 1929 596 2008 ingenue,
623 1948 673 1988 me
703 1948 766 1990 non
786 1929 959 2009 intelligere
980 1947 1044 1990 mo·

125 2010 196 2071 dum
219 2010 303 2071 illurn
327 2010 481 2090 suffragii,
504 2010 637 2090 ideoque
660 2010 828 2090 disputavi,
852 2019 885 2072 ut
905 2011 1044 2074 docerer.

124 2091 227 2154 Verba
247 2093 301 2153 illa
323 2100 355 2154 et
376 2112 434 2174 ego
457 2095 586 2154 recitare
607 2095 697 2172 novi,
732 2112 810 2173 quae
830 2093 942 2155 Eccius
969 2097 1044 2155 reci·

124 2183 185 2253 tat,
217 2176 350 2255 scilicet,
380 2176 450 2237 Non
472 2175 628 2255 diminuit,
651 2175 706 2237 sed
727 2176 828 2256 addit,
856 2196 918 2238 non
941 2186 1044 2239 autern

124 2258 221 2320 intelli
245 2277 274 2321 o.

208 2278 296 2415 quod
308 2361 380 2401 vero
390 2342 539 2402 dicitesse
551 2341 706 2401 declarata
712 2341 750 2404 ab
762 2342 942 2422 apostolicis
953 2344 1043 2405 inter·

125 2422 275 2504 pratibus,
306 2443 364 2504 ego
394 2431 514 2504 praeter
543 2423 720 2485 Gabrielem
743 2425 811 2485 Biel
833 2424 949 2486 nullum
972 2425 1044 2506 legi,

126 2512 157 2566 et
184 2519 274 2566 nunc'
295 2506 386 2566 audio
415 2507 495 2567 bunc
521 2506 647 2566 Eccium
670 2507 778 2568 eadem
800 2526 894 2588 posse
916 2508 1044 2588 pulchre

126 2588 302 2650 declarare?
345 2589 406 2650 Sed
437 2588 518 2668 quod
552 2588 710 2649 amborum
740 2590 982 2652 declarationem
1005 2611 1045 2652 ne

125 2671 216 2732 flocci
239 2672 361 2752 quidem
384 2672 474 2749 facio,
497 2678 586 2732 antor
607 2671 681 2731 mihi
704 2682 751 2734 est
771 2675 839 2753 ipse
849 2671 971 2753 Recine,
994 2675 1045 2754 qui

125 2774 217 2835 snpra
237 2756 267 2814 in
290 2754 424 2833 quodam
444 2754 581 2816 obelisco
601 2752 687 2834 dixit,
709 2756 851 2817 frivolum
863 2774 942 2836 esse,
963 2756 1046 2827 facta

126 2838 290 2917 superioris
314 2837 462 2897 declarari
485 2844 516 2897 et
537 2836 700 2916 approbari
722 2837 760 2900 ab
779 2839 933 2900 inferiore.
968 2839 1045 2901 Cum

126 2928 226 2980 autern
256 2919 380 2982 Gabriel
409 2927 440 2980 et
467 2920 578 2979 Eccius
605 2920 667 2979 sint
698 2922 857 2982 inferiores
885 2941 984 3002 papa,
1013 2928 1046 2983 nt

125 3002 251 3064 frivolos
280 3003 485 3063 declaratores
523 3008 644 3082 oportet
683 3003 882 3083 vilipendere.
940 3003 1044 3082 Addo,

126 3085 208 3163 quod
229 3087 354 3146 iuristae
375 3105 483 3146 omnes
505 3083 619 3163 dicunt,
641 3086 778 3147 eiusdem
791 3106 859 3165 esse
876 3086 1045 3166 declarare,

126 3170 211 3228 cuius
233 3168 289 3228 fuit
310 3168 452 3229 condere.
485 3155 545 3230 Sed
569 3177 715 3247 exspecto
737 3169 863 3230 Eccium
884 3170 1044 3251 pulchrum

127 3249 367 3329 declaratorem,
390 3252 439 3330 qui
463 3251 568 3311 ornnia
586 3250 746 3332 intelligit,
768 3252 847 3313 forte
868 3251 995 3316 docebit
1015 3261 1047 3317 et

126 3352 176 3394 me
197 3334 370 3414 intelligere
392 3333 517 3394 modurn
539 3332 684 3413 suffragii,
708 3333 802 3396 modo
825 3353 888 3397 non
899 3336 1044 3417 loquatur

126 3415 199 3476 mihi
221 3417 414 3478 scholastice.
437 3416 497 3478 Sed
521 3416 610 3496 plura
630 3417 660 3475 in
684 3417 926 3496 probationibus.

180 3708 211 3775 1)
229 3707 312 3764 lbid.‘:
336 3712 365 3763 in
383 3711 631 3779 parentationibua

177 3778 212 3863 f)
232 3778 373 3834 Adversus
392 3781 436 3838 26.
455 3781 582 3838 Conclus.
602 3781 722 3837 Lutheri.
