<?xml version="1.0" encoding="UTF-8"?>
<!DOCTYPE html PUBLIC "-//W3C//DTD XHTML 1.0 Transitional//EN"
    "http://www.w3.org/TR/xhtml1/DTD/xhtml1-transitional.dtd">
<html xmlns="http://www.w3.org/1999/xhtml" xml:lang="en" lang="en">
 <head>
  <title>
</title>
<meta http-equiv="Content-Type" content="text/html;charset=utf-8" />
  <meta name='ocr-system' content='tesseract 3.04.00' />
  <meta name='ocr-capabilities' content='ocr_page ocr_carea ocr_par ocr_line ocrx_word'/>
</head>
<body>
  <div class='ocr_page' id='page_1' title='image "./dmartinilutheri01luthgoog_0857.png"; bbox 0 0 2356 4200; ppageno 0'>
   <div class='ocr_carea' id='block_1_1' title="bbox 125 270 879 369">
    <p class='ocr_par' dir='ltr' id='par_1_1' title="bbox 125 270 879 369">
     <span class='ocr_line' id='line_1_1' title="bbox 125 270 879 369; baseline 0 -34"><span class='ocrx_word' id='word_1_1' title='bbox 125 279 188 346; x_wconf 69' lang='grc'><strong>394</strong></span> <span class='ocrx_word' id='word_1_2' title='bbox 349 270 421 336; x_wconf 77' lang='lat' dir='ltr'><strong>Acte</strong></span> <span class='ocrx_word' id='word_1_3' title='bbox 440 282 470 335; x_wconf 82' lang='lat' dir='ltr'><strong>n.</strong></span> <span class='ocrx_word' id='word_1_4' title='bbox 490 283 567 336; x_wconf 75' lang='lat' dir='ltr'><strong>liert</strong></span> <span class='ocrx_word' id='word_1_5' title='bbox 586 282 667 337; x_wconf 80' lang='lat' dir='ltr'><strong>nnn.</strong></span> <span class='ocrx_word' id='word_1_6' title='bbox 688 284 834 369; x_wconf 69' lang='lat' dir='ltr'><strong>Angustqe</strong></span> <span class='ocrx_word' id='word_1_7' title='bbox 874 340 879 351; x_wconf 40' lang='lat'>¹</span> 
     </span>
    </p>
   </div>
   <div class='ocr_carea' id='block_1_2' title="bbox 124 451 1053 1863">
    <p class='ocr_par' dir='ltr' id='par_1_2' title="bbox 127 451 1051 616">
     <span class='ocr_line' id='line_1_2' title="bbox 129 451 1051 537; baseline -0.002 -22"><span class='ocrx_word' id='word_1_8' title='bbox 129 455 267 535; x_wconf 81' lang='lat' dir='ltr'><strong>gularem</strong></span> <span class='ocrx_word' id='word_1_9' title='bbox 306 474 381 537; x_wconf 75' lang='lat' dir='ltr'><strong>erga</strong></span> <span class='ocrx_word' id='word_1_10' title='bbox 408 451 696 516; x_wconf 71' lang='lat' dir='ltr'>reverendissimam</span> <span class='ocrx_word' id='word_1_11' title='bbox 722 454 942 535; x_wconf 64' lang='lat' dir='ltr'><strong>paternitatem</strong></span> <span class='ocrx_word' id='word_1_12' title='bbox 973 459 1051 515; x_wconf 85' lang='lat' dir='ltr'><strong>tunm</strong></span> 
     </span>
     <span class='ocr_line' id='line_1_3' title="bbox 127 534 916 616; baseline -0.001 -18"><span class='ocrx_word' id='word_1_13' title='bbox 127 556 282 616; x_wconf 87' lang='lat' dir='ltr'><strong>amorem,</strong></span> <span class='ocrx_word' id='word_1_14' title='bbox 306 543 338 598; x_wconf 90' lang='lat' dir='ltr'><strong>et</strong></span> <span class='ocrx_word' id='word_1_15' title='bbox 358 556 464 598; x_wconf 88' lang='lat' dir='ltr'><strong>veram</strong></span> <span class='ocrx_word' id='word_1_16' title='bbox 487 534 676 615; x_wconf 84' lang='lat' dir='ltr'><strong>filialemque</strong></span> <span class='ocrx_word' id='word_1_17' title='bbox 697 536 916 597; x_wconf 87' lang='lat' dir='ltr'><strong>reverentiam.</strong></span> 
     </span>
    </p>

    <p class='ocr_par' dir='ltr' id='par_1_3' title="bbox 124 619 1053 1863">
     <span class='ocr_line' id='line_1_4' title="bbox 210 619 1052 700; baseline 0 -19"><span class='ocrx_word' id='word_1_18' title='bbox 210 621 308 693; x_wconf 83' lang='lat' dir='ltr'><strong>Nunc,</strong></span> <span class='ocrx_word' id='word_1_19' title='bbox 330 619 586 683; x_wconf 82' lang='lat' dir='ltr'><strong>reverendissime</strong></span> <span class='ocrx_word' id='word_1_20' title='bbox 606 620 636 679; x_wconf 91' lang='lat' dir='ltr'><strong>in</strong></span> <span class='ocrx_word' id='word_1_21' title='bbox 661 619 782 681; x_wconf 83' lang='lat' dir='ltr'><strong>Christo</strong></span> <span class='ocrx_word' id='word_1_22' title='bbox 806 627 919 700; x_wconf 83' lang='lat' dir='ltr'><strong>peter,</strong></span> <span class='ocrx_word' id='word_1_23' title='bbox 948 620 1052 696; x_wconf 81' lang='lat' dir='ltr'><strong>fateor,</strong></span> 
     </span>
     <span class='ocr_line' id='line_1_5' title="bbox 128 702 1053 780; baseline 0.001 -17"><span class='ocrx_word' id='word_1_24' title='bbox 128 704 258 764; x_wconf 85' lang='lat' dir='ltr'><strong>sicelet</strong></span> <span class='ocrx_word' id='word_1_25' title='bbox 279 704 354 767; x_wconf 89' lang='lat' dir='ltr'><strong>alias</strong></span> <span class='ocrx_word' id='word_1_26' title='bbox 377 703 477 764; x_wconf 80' lang='lat' dir='ltr'><strong>fassus</strong></span> <span class='ocrx_word' id='word_1_27' title='bbox 499 721 576 776; x_wconf 76' lang='lat' dir='ltr'><strong>sum,</strong></span> <span class='ocrx_word' id='word_1_28' title='bbox 601 721 650 762; x_wconf 89' lang='lat' dir='ltr'><strong>me</strong></span> <span class='ocrx_word' id='word_1_29' title='bbox 665 702 765 769; x_wconf 83' lang='lat' dir='ltr'><strong>¹luisse</strong></span> <span class='ocrx_word' id='word_1_30' title='bbox 779 709 865 764; x_wconf 89' lang='lat' dir='ltr'><strong>certe</strong></span> <span class='ocrx_word' id='word_1_31' title='bbox 888 704 983 764; x_wconf 92' lang='lat' dir='ltr'><strong>nimis</strong></span> <span class='ocrx_word' id='word_1_32' title='bbox 1008 712 1053 780; x_wconf 78' lang='lat' dir='ltr'><strong>(ut</strong></span> 
     </span>
     <span class='ocr_line' id='line_1_6' title="bbox 129 785 1052 864; baseline 0.001 -17"><span class='ocrx_word' id='word_1_33' title='bbox 129 785 254 864; x_wconf 85' lang='lat' dir='ltr'><strong>dicunt)</strong></span> <span class='ocrx_word' id='word_1_34' title='bbox 279 786 497 864; x_wconf 74' lang='lat' dir='ltr'><strong>indiscretum,</strong></span> <span class='ocrx_word' id='word_1_35' title='bbox 529 804 631 847; x_wconf 88' lang='lat' dir='ltr'><strong>acrem</strong></span> <span class='ocrx_word' id='word_1_36' title='bbox 654 793 685 847; x_wconf 89' lang='lat' dir='ltr'><strong>et</strong></span> <span class='ocrx_word' id='word_1_37' title='bbox 705 787 929 848; x_wconf 81' lang='lat' dir='ltr'><strong>irreverentem</strong></span> <span class='ocrx_word' id='word_1_38' title='bbox 950 788 984 847; x_wconf 91' lang='lat' dir='ltr'><strong>in</strong></span> <span class='ocrx_word' id='word_1_39' title='bbox 1005 807 1052 848; x_wconf 90' lang='lat' dir='ltr'><strong>no·</strong></span> 
     </span>
     <span class='ocr_line' id='line_1_7' title="bbox 126 867 1050 951; baseline 0.001 -22"><span class='ocrx_word' id='word_1_40' title='bbox 126 889 197 931; x_wconf 89' lang='lat' dir='ltr'><strong>men</strong></span> <span class='ocrx_word' id='word_1_41' title='bbox 221 871 330 930; x_wconf 89' lang='lat' dir='ltr'><strong>summi</strong></span> <span class='ocrx_word' id='word_1_42' title='bbox 352 868 516 951; x_wconf 83' lang='lat' dir='ltr'><strong>pontilicis.</strong></span> <span class='ocrx_word' id='word_1_43' title='bbox 560 867 600 929; x_wconf 86' lang='grc' dir='ltr'>Ει</span> <span class='ocrx_word' id='word_1_44' title='bbox 621 868 694 929; x_wconf 89' lang='lat' dir='ltr'><strong>licet</strong></span> <span class='ocrx_word' id='word_1_45' title='bbox 716 870 867 930; x_wconf 82' lang='lat' dir='ltr'><strong>acerrime</strong></span> <span class='ocrx_word' id='word_1_46' title='bbox 890 870 1005 931; x_wconf 78' lang='lat' dir='ltr'><strong>luerim</strong></span> <span class='ocrx_word' id='word_1_47' title='bbox 1025 871 1050 931; x_wconf 90' lang='lat' dir='ltr'><strong>in</strong></span> 
     </span>
     <span class='ocr_line' id='line_1_8' title="bbox 126 952 1051 1032; baseline 0 -19"><span class='ocrx_word' id='word_1_48' title='bbox 126 953 208 1013; x_wconf 89' lang='lat' dir='ltr'><strong>hano</strong></span> <span class='ocrx_word' id='word_1_49' title='bbox 226 952 457 1015; x_wconf 75' lang='lat' dir='ltr'><strong>irreverentiam</strong></span> <span class='ocrx_word' id='word_1_50' title='bbox 479 958 683 1032; x_wconf 85' lang='lat' dir='ltr'><strong>provocatus,</strong></span> <span class='ocrx_word' id='word_1_51' title='bbox 705 959 809 1013; x_wconf 82' lang='lat' dir='ltr'><strong>temen</strong></span> <span class='ocrx_word' id='word_1_52' title='bbox 831 971 941 1013; x_wconf 89' lang='lat' dir='ltr'><strong>rneum</strong></span> <span class='ocrx_word' id='word_1_53' title='bbox 963 952 1051 1015; x_wconf 80' lang='lat' dir='ltr'><strong>fnisse</strong></span> 
     </span>
     <span class='ocr_line' id='line_1_9' title="bbox 126 1034 1051 1117; baseline 0 -21"><span class='ocrx_word' id='word_1_54' title='bbox 126 1053 208 1097; x_wconf 89' lang='lat' dir='ltr'><strong>nunc</strong></span> <span class='ocrx_word' id='word_1_55' title='bbox 229 1035 392 1117; x_wconf 75' lang='lat' dir='ltr'><strong>intelligo,</strong></span> <span class='ocrx_word' id='word_1_56' title='bbox 427 1034 618 1108; x_wconf 83' lang='lat' dir='ltr'><strong>modestius,</strong></span> <span class='ocrx_word' id='word_1_57' title='bbox 645 1034 789 1096; x_wconf 89' lang='lat' dir='ltr'><strong>humilius</strong></span> <span class='ocrx_word' id='word_1_58' title='bbox 811 1042 843 1095; x_wconf 91' lang='lat' dir='ltr'><strong>et</strong></span> <span class='ocrx_word' id='word_1_59' title='bbox 865 1037 1051 1097; x_wconf 83' lang='lat' dir='ltr'><strong>reverentius</strong></span> 
     </span>
     <span class='ocr_line' id='line_1_10' title="bbox 125 1117 1050 1197; baseline 0.001 -17"><span class='ocrx_word' id='word_1_60' title='bbox 125 1119 207 1180; x_wconf 80' lang='lat' dir='ltr'><strong>hene</strong></span> <span class='ocrx_word' id='word_1_61' title='bbox 218 1119 376 1181; x_wconf 77' lang='lat' dir='ltr'><strong>materiem</strong></span> <span class='ocrx_word' id='word_1_62' title='bbox 399 1125 541 1189; x_wconf 72' lang='lat' dir='ltr'><strong>tractare,</strong></span> <span class='ocrx_word' id='word_1_63' title='bbox 563 1124 669 1178; x_wconf 90' lang='lat' dir='ltr'><strong>etnon</strong></span> <span class='ocrx_word' id='word_1_64' title='bbox 681 1118 725 1177; x_wconf 87' lang='lat' dir='ltr'><strong>ita</strong></span> <span class='ocrx_word' id='word_1_65' title='bbox 743 1117 940 1197; x_wconf 87' lang='lat' dir='ltr'><strong>respondere</strong></span> <span class='ocrx_word' id='word_1_66' title='bbox 952 1119 1050 1195; x_wconf 82' lang='lat' dir='ltr'><strong>stulto,</strong></span> 
     </span>
     <span class='ocr_line' id='line_1_11' title="bbox 126 1199 1050 1280; baseline 0 -17"><span class='ocrx_word' id='word_1_67' title='bbox 126 1207 162 1263; x_wconf 84' lang='lat' dir='ltr'><strong>nt</strong></span> <span class='ocrx_word' id='word_1_68' title='bbox 181 1203 209 1263; x_wconf 89' lang='lat' dir='ltr'><strong>ai</strong></span> <span class='ocrx_word' id='word_1_69' title='bbox 231 1201 338 1264; x_wconf 89' lang='lat' dir='ltr'><strong>similis</strong></span> <span class='ocrx_word' id='word_1_70' title='bbox 352 1200 500 1278; x_wconf 81' lang='lat' dir='ltr'><strong>efficerer,</strong></span> <span class='ocrx_word' id='word_1_71' title='bbox 522 1199 562 1260; x_wconf 87' lang='lat' dir='ltr'><strong>de</strong></span> <span class='ocrx_word' id='word_1_72' title='bbox 583 1219 645 1279; x_wconf 93' lang='lat' dir='ltr'><strong>quo</strong></span> <span class='ocrx_word' id='word_1_73' title='bbox 668 1200 878 1263; x_wconf 74' lang='lat' dir='ltr'><strong>sincerissime</strong></span> <span class='ocrx_word' id='word_1_74' title='bbox 894 1200 1003 1280; x_wconf 91' lang='lat' dir='ltr'><strong>doleo,</strong></span> <span class='ocrx_word' id='word_1_75' title='bbox 1024 1208 1050 1263; x_wconf 85' lang='lat' dir='ltr'><strong>et</strong></span> 
     </span>
     <span class='ocr_line' id='line_1_12' title="bbox 127 1282 1049 1365; baseline 0.002 -21"><span class='ocrx_word' id='word_1_76' title='bbox 127 1286 251 1347; x_wconf 86' lang='lat' dir='ltr'><strong>veniam</strong></span> <span class='ocrx_word' id='word_1_77' title='bbox 272 1290 368 1364; x_wconf 88' lang='lat' dir='ltr'><strong>peto,</strong></span> <span class='ocrx_word' id='word_1_78' title='bbox 400 1289 432 1343; x_wconf 93' lang='lat' dir='ltr'><strong>et</strong></span> <span class='ocrx_word' id='word_1_79' title='bbox 452 1303 508 1364; x_wconf 88' lang='lat' dir='ltr'><strong>per</strong></span> <span class='ocrx_word' id='word_1_80' title='bbox 528 1283 634 1344; x_wconf 90' lang='lat' dir='ltr'><strong>omnia</strong></span> <span class='ocrx_word' id='word_1_81' title='bbox 655 1282 775 1363; x_wconf 88' lang='lat' dir='ltr'><strong>pulpita</strong></span> <span class='ocrx_word' id='word_1_82' title='bbox 797 1285 829 1344; x_wconf 94' lang='lat' dir='ltr'><strong>in</strong></span> <span class='ocrx_word' id='word_1_83' title='bbox 852 1283 905 1344; x_wconf 89' lang='lat' dir='ltr'><strong>vul</strong></span> <span class='ocrx_word' id='word_1_84' title='bbox 953 1303 1049 1365; x_wconf 81' lang='lat' dir='ltr'><strong>apro</strong></span> 
     </span>
     <span class='ocr_line' id='line_1_13' title="bbox 126 1365 1046 1448; baseline -0.001 -18"><span class='ocrx_word' id='word_1_85' title='bbox 126 1367 282 1448; x_wconf 81' lang='lat' dir='ltr'><strong>mulgab0‚</strong></span> <span class='ocrx_word' id='word_1_86' title='bbox 304 1367 551 1446; x_wconf 80' lang='lat' dir='ltr'><strong>sicutetsaepius</strong></span> <span class='ocrx_word' id='word_1_87' title='bbox 567 1367 627 1426; x_wconf 89' lang='lat' dir='ltr'><strong>iam</strong></span> <span class='ocrx_word' id='word_1_88' title='bbox 650 1366 720 1445; x_wconf 84' lang='lat' dir='ltr'><strong>feci,</strong></span> <span class='ocrx_word' id='word_1_89' title='bbox 741 1365 887 1446; x_wconf 86' lang='lat' dir='ltr'><strong>daboque</strong></span> <span class='ocrx_word' id='word_1_90' title='bbox 927 1368 1046 1448; x_wconf 87' lang='lat' dir='ltr'><strong>einceps</strong></span> 
     </span>
     <span class='ocr_line' id='line_1_14' title="bbox 126 1448 1048 1532; baseline 0.001 -21"><span class='ocrx_word' id='word_1_91' title='bbox 126 1466 264 1532; x_wconf 82' lang='lat' dir='ltr'><strong>operam,</strong></span> <span class='ocrx_word' id='word_1_92' title='bbox 286 1457 320 1511; x_wconf 89' lang='lat' dir='ltr'><strong>ut</strong></span> <span class='ocrx_word' id='word_1_93' title='bbox 340 1450 418 1510; x_wconf 91' lang='lat' dir='ltr'><strong>alius</strong></span> <span class='ocrx_word' id='word_1_94' title='bbox 442 1450 509 1526; x_wconf 90' lang='lat' dir='ltr'><strong>sim,</strong></span> <span class='ocrx_word' id='word_1_95' title='bbox 531 1454 563 1508; x_wconf 89' lang='lat' dir='ltr'><strong>et</strong></span> <span class='ocrx_word' id='word_1_96' title='bbox 577 1448 863 1529; x_wconf 88' lang='lat' dir='ltr'><strong>aliterloquarDeo</strong></span> <span class='ocrx_word' id='word_1_97' title='bbox 877 1451 1048 1513; x_wconf 87' lang='lat' dir='ltr'><strong>miserente.</strong></span> 
     </span>
     <span class='ocr_line' id='line_1_15' title="bbox 124 1528 1048 1614; baseline 0 -19"><span class='ocrx_word' id='word_1_98' title='bbox 124 1534 191 1595; x_wconf 89' lang='lat' dir='ltr'><strong>lrno</strong></span> <span class='ocrx_word' id='word_1_99' title='bbox 211 1533 460 1614; x_wconf 86' lang='lat' dir='ltr'><strong>promptissimus</strong></span> <span class='ocrx_word' id='word_1_100' title='bbox 483 1538 571 1609; x_wconf 81' lang='lat' dir='ltr'><strong>snm,</strong></span> <span class='ocrx_word' id='word_1_101' title='bbox 604 1538 696 1611; x_wconf 85' lang='lat' dir='ltr'><strong>atque</strong></span> <span class='ocrx_word' id='word_1_102' title='bbox 723 1528 872 1593; x_wconf 78' lang='lat' dir='ltr'><strong>facillime</strong></span> <span class='ocrx_word' id='word_1_103' title='bbox 892 1535 1048 1613; x_wconf 87' lang='lat' dir='ltr'><strong>promitto,</strong></span> 
     </span>
     <span class='ocr_line' id='line_1_16' title="bbox 124 1614 1048 1696; baseline 0.002 -20"><span class='ocrx_word' id='word_1_104' title='bbox 124 1634 174 1676; x_wconf 85' lang='lat' dir='ltr'><strong>me</strong></span> <span class='ocrx_word' id='word_1_105' title='bbox 196 1616 328 1696; x_wconf 84' lang='lat' dir='ltr'><strong>posthac</strong></span> <span class='ocrx_word' id='word_1_106' title='bbox 349 1616 511 1677; x_wconf 88' lang='lat' dir='ltr'><strong>materiam</strong></span> <span class='ocrx_word' id='word_1_107' title='bbox 533 1615 572 1674; x_wconf 90' lang='lat' dir='ltr'><strong>de</strong></span> <span class='ocrx_word' id='word_1_108' title='bbox 594 1614 792 1695; x_wconf 77' lang='lat' dir='ltr'><strong>indulgentiis</strong></span> <span class='ocrx_word' id='word_1_109' title='bbox 820 1632 886 1676; x_wconf 89' lang='lat' dir='ltr'><strong>non</strong></span> <span class='ocrx_word' id='word_1_110' title='bbox 909 1622 1048 1693; x_wconf 71' lang='lat' dir='ltr'><strong>tractare,</strong></span> 
     </span>
     <span class='ocr_line' id='line_1_17' title="bbox 125 1698 1047 1779; baseline 0 -20"><span class='ocrx_word' id='word_1_111' title='bbox 125 1707 219 1778; x_wconf 88' lang='lat' dir='ltr'><strong>atque</strong></span> <span class='ocrx_word' id='word_1_112' title='bbox 241 1699 288 1760; x_wconf 90' lang='lat' dir='ltr'><strong>his</strong></span> <span class='ocrx_word' id='word_1_113' title='bbox 311 1698 403 1761; x_wconf 87' lang='lat' dir='ltr'><strong>linitis</strong></span> <span class='ocrx_word' id='word_1_114' title='bbox 419 1701 588 1779; x_wconf 85' lang='lat' dir='ltr'><strong>quiescere,</strong></span> <span class='ocrx_word' id='word_1_115' title='bbox 610 1698 704 1758; x_wconf 91' lang='lat' dir='ltr'><strong>modo</strong></span> <span class='ocrx_word' id='word_1_116' title='bbox 725 1698 786 1758; x_wconf 90' lang='lat' dir='ltr'><strong>illis</strong></span> <span class='ocrx_word' id='word_1_117' title='bbox 799 1698 1047 1778; x_wconf 86' lang='lat' dir='ltr'><strong>·quoquemodrs</strong></span> 
     </span>
     <span class='ocr_line' id='line_1_18' title="bbox 124 1781 1049 1863; baseline 0.001 -21"><span class='ocrx_word' id='word_1_118' title='bbox 124 1783 302 1863; x_wconf 88' lang='lat' dir='ltr'><strong>imponatur</strong></span> <span class='ocrx_word' id='word_1_119' title='bbox 322 1790 375 1844; x_wconf 89' lang='lat' dir='ltr'><strong>aut</strong></span> <span class='ocrx_word' id='word_1_120' title='bbox 397 1783 548 1843; x_wconf 87' lang='lat' dir='ltr'><strong>sermonis</strong></span> <span class='ocrx_word' id='word_1_121' title='bbox 570 1788 624 1840; x_wconf 88' lang='lat' dir='ltr'><strong>aut</strong></span> <span class='ocrx_word' id='word_1_122' title='bbox 645 1781 768 1859; x_wconf 84' lang='lat' dir='ltr'><strong>silentii,</strong></span> <span class='ocrx_word' id='word_1_123' title='bbox 790 1782 906 1860; x_wconf 88' lang='lat' dir='ltr'><strong>quime</strong></span> <span class='ocrx_word' id='word_1_124' title='bbox 924 1783 958 1843; x_wconf 92' lang='lat' dir='ltr'><strong>in</strong></span> <span class='ocrx_word' id='word_1_125' title='bbox 975 1782 1049 1843; x_wconf 90' lang='lat' dir='ltr'><strong>hanc</strong></span> 
     </span>
    </p>
   </div>
   <div class='ocr_carea' id='block_1_3' title="bbox 26 1865 571 1947">
    <p class='ocr_par' dir='ltr' id='par_1_4' title="bbox 26 1865 571 1947">
     <span class='ocr_line' id='line_1_19' title="bbox 26 1865 571 1947; baseline -0.006 -21"><span class='ocrx_word' id='word_1_126' title='bbox 26 1896 31 1911; x_wconf 65' lang='grc' dir='ltr'>ι</span> <span class='ocrx_word' id='word_1_127' title='bbox 124 1865 316 1947; x_wconf 78' lang='lat' dir='ltr'><strong>tragoediam</strong></span> <span class='ocrx_word' id='word_1_128' title='bbox 338 1867 571 1927; x_wconf 82' lang='lat' dir='ltr'><strong>suscitaverunt</strong></span> 
     </span>
    </p>
   </div>
   <div class='ocr_carea' id='block_1_4' title="bbox 125 1945 1050 3703">
    <p class='ocr_par' dir='ltr' id='par_1_5' title="bbox 125 1945 1050 3188">
     <span class='ocr_line' id='line_1_20' title="bbox 208 1945 1048 2028; baseline 0 -18"><span class='ocrx_word' id='word_1_129' title='bbox 208 1949 362 2028; x_wconf 76' lang='lat' dir='ltr'><strong>Ceterum,</strong></span> <span class='ocrx_word' id='word_1_130' title='bbox 384 1950 426 2009; x_wconf 91' lang='lat' dir='ltr'><strong>mi</strong></span> <span class='ocrx_word' id='word_1_131' title='bbox 448 1945 757 2008; x_wconf 81' lang='lat' dir='ltr'><strong>reverendissimam</strong></span> <span class='ocrx_word' id='word_1_132' title='bbox 784 1945 910 2008; x_wconf 82' lang='lat' dir='ltr'><strong>Christo</strong></span> <span class='ocrx_word' id='word_1_133' title='bbox 934 1966 974 2009; x_wconf 81' lang='lat' dir='ltr'><strong>aa</strong></span> <span class='ocrx_word' id='word_1_134' title='bbox 993 1950 1048 2009; x_wconf 83' lang='lat' dir='ltr'><strong>ian</strong></span> 
     </span>
     <span class='ocr_line' id='line_1_21' title="bbox 126 2029 1048 2112; baseline 0.001 -21"><span class='ocrx_word' id='word_1_135' title='bbox 126 2030 303 2092; x_wconf 87' lang='lat' dir='ltr'><strong>dulcissime</strong></span> <span class='ocrx_word' id='word_1_136' title='bbox 323 2039 431 2112; x_wconf 79' lang='lat' dir='ltr'><strong>pater,</strong></span> <span class='ocrx_word' id='word_1_137' title='bbox 458 2036 604 2110; x_wconf 87' lang='lat' dir='ltr'><strong>quantum</strong></span> <span class='ocrx_word' id='word_1_138' title='bbox 634 2029 673 2089; x_wconf 86' lang='lat' dir='ltr'><strong>sd</strong></span> <span class='ocrx_word' id='word_1_139' title='bbox 696 2029 869 2090; x_wconf 80' lang='lat' dir='ltr'><strong>sententiae</strong></span> <span class='ocrx_word' id='word_1_140' title='bbox 890 2032 1048 2092; x_wconf 84' lang='lat' dir='ltr'><strong>veritetem</strong></span> 
     </span>
     <span class='ocr_line' id='line_1_22' title="bbox 125 2113 1049 2195; baseline 0.002 -21"><span class='ocrx_word' id='word_1_141' title='bbox 125 2115 274 2195; x_wconf 78' lang='lat' dir='ltr'><strong>pertinet,</strong></span> <span class='ocrx_word' id='word_1_142' title='bbox 308 2114 510 2176; x_wconf 88' lang='lat' dir='ltr'><strong>libentissime</strong></span> <span class='ocrx_word' id='word_1_143' title='bbox 536 2113 641 2173; x_wconf 85' lang='lat' dir='ltr'><strong>omnia</strong></span> <span class='ocrx_word' id='word_1_144' title='bbox 669 2131 865 2190; x_wconf 84' lang='lat' dir='ltr'><strong>revocarem,</strong></span> <span class='ocrx_word' id='word_1_145' title='bbox 896 2119 963 2174; x_wconf 84' lang='lat' dir='ltr'><strong>tam</strong></span> <span class='ocrx_word' id='word_1_146' title='bbox 991 2120 1049 2183; x_wconf 82' lang='lat' dir='ltr'><strong>tuo,</strong></span> 
     </span>
     <span class='ocr_line' id='line_1_23' title="bbox 126 2194 1048 2276; baseline 0.001 -20"><span class='ocrx_word' id='word_1_147' title='bbox 126 2214 218 2276; x_wconf 81' lang='lat' dir='ltr'><strong>quarn</strong></span> <span class='ocrx_word' id='word_1_148' title='bbox 241 2197 354 2259; x_wconf 90' lang='lat' dir='ltr'><strong>Vicarii</strong></span> <span class='ocrx_word' id='word_1_149' title='bbox 384 2199 443 2257; x_wconf 84' lang='lat' dir='ltr'><strong>mei</strong></span> <span class='ocrx_word' id='word_1_150' title='bbox 472 2198 555 2256; x_wconf 86' lang='lat' dir='ltr'><strong>iussn</strong></span> <span class='ocrx_word' id='word_1_151' title='bbox 579 2201 609 2255; x_wconf 90' lang='lat' dir='ltr'><strong>et</strong></span> <span class='ocrx_word' id='word_1_152' title='bbox 631 2194 779 2274; x_wconf 87' lang='lat' dir='ltr'><strong>consilio,</strong></span> <span class='ocrx_word' id='word_1_153' title='bbox 808 2196 834 2254; x_wconf 86' lang='lat' dir='ltr'><strong>si</strong></span> <span class='ocrx_word' id='word_1_154' title='bbox 856 2195 924 2257; x_wconf 88' lang='lat' dir='ltr'><strong>ullo</strong></span> <span class='ocrx_word' id='word_1_155' title='bbox 961 2196 1048 2259; x_wconf 90' lang='lat' dir='ltr'><strong>modo</strong></span> 
     </span>
     <span class='ocr_line' id='line_1_24' title="bbox 127 2276 1049 2359; baseline 0 -20"><span class='ocrx_word' id='word_1_156' title='bbox 127 2280 319 2341; x_wconf 88' lang='lat' dir='ltr'><strong>conscientia</strong></span> <span class='ocrx_word' id='word_1_157' title='bbox 346 2298 415 2341; x_wconf 88' lang='lat' dir='ltr'><strong>mea</strong></span> <span class='ocrx_word' id='word_1_158' title='bbox 437 2279 634 2359; x_wconf 85' lang='lat' dir='ltr'><strong>permitteret.</strong></span> <span class='ocrx_word' id='word_1_159' title='bbox 678 2276 747 2358; x_wconf 85' lang='lat' dir='ltr'><strong>Ego</strong></span> <span class='ocrx_word' id='word_1_160' title='bbox 769 2278 852 2338; x_wconf 87' lang='lat' dir='ltr'><strong>enim</strong></span> <span class='ocrx_word' id='word_1_161' title='bbox 875 2278 963 2358; x_wconf 86' lang='lat' dir='ltr'><strong>scio,</strong></span> <span class='ocrx_word' id='word_1_162' title='bbox 991 2279 1049 2340; x_wconf 90' lang='lat' dir='ltr'><strong>nul·</strong></span> 
     </span>
     <span class='ocr_line' id='line_1_25' title="bbox 125 2360 1049 2444; baseline 0.003 -23"><span class='ocrx_word' id='word_1_163' title='bbox 125 2362 185 2423; x_wconf 89' lang='lat' dir='ltr'><strong>lius</strong></span> <span class='ocrx_word' id='word_1_164' title='bbox 208 2369 398 2444; x_wconf 81' lang='lat' dir='ltr'><strong>praecepto,</strong></span> <span class='ocrx_word' id='word_1_165' title='bbox 431 2361 544 2422; x_wconf 89' lang='lat' dir='ltr'><strong>nullius</strong></span> <span class='ocrx_word' id='word_1_166' title='bbox 567 2360 714 2440; x_wconf 79' lang='lat' dir='ltr'><strong>oonsilio,</strong></span> <span class='ocrx_word' id='word_1_167' title='bbox 744 2360 857 2421; x_wconf 89' lang='lat' dir='ltr'><strong>nulline</strong></span> <span class='ocrx_word' id='word_1_168' title='bbox 879 2364 985 2442; x_wconf 79' lang='lat' dir='ltr'><strong>gmtia</strong></span> <span class='ocrx_word' id='word_1_169' title='bbox 1005 2382 1049 2423; x_wconf 91' lang='lat' dir='ltr'><strong>me</strong></span> 
     </span>
     <span class='ocr_line' id='line_1_26' title="bbox 126 2440 1050 2526; baseline 0.001 -20"><span class='ocrx_word' id='word_1_170' title='bbox 126 2451 243 2506; x_wconf 86' lang='lat' dir='ltr'><strong>tantum</strong></span> <span class='ocrx_word' id='word_1_171' title='bbox 273 2446 386 2509; x_wconf 82' lang='lat' dir='ltr'><strong>debere</strong></span> <span class='ocrx_word' id='word_1_172' title='bbox 413 2440 609 2526; x_wconf 86' lang='lat' dir='ltr'><strong>permittdre,</strong></span> <span class='ocrx_word' id='word_1_173' title='bbox 638 2450 671 2504; x_wconf 89' lang='lat' dir='ltr'><strong>ut</strong></span> <span class='ocrx_word' id='word_1_174' title='bbox 699 2442 817 2523; x_wconf 87' lang='lat' dir='ltr'><strong>aliquid</strong></span> <span class='ocrx_word' id='word_1_175' title='bbox 846 2451 961 2506; x_wconf 88' lang='lat' dir='ltr'><strong>contra</strong></span> <span class='ocrx_word' id='word_1_176' title='bbox 983 2464 1050 2507; x_wconf 82' lang='lat' dir='ltr'><strong>eon</strong></span> 
     </span>
     <span class='ocr_line' id='line_1_27' title="bbox 127 2525 1050 2590; baseline 0.003 -3"><span class='ocrx_word' id='word_1_177' title='bbox 127 2530 286 2590; x_wconf 87' lang='lat' dir='ltr'><strong>scientiam</strong></span> <span class='ocrx_word' id='word_1_178' title='bbox 323 2529 421 2590; x_wconf 86' lang='lat' dir='ltr'><strong>dicam</strong></span> <span class='ocrx_word' id='word_1_179' title='bbox 461 2534 514 2588; x_wconf 84' lang='lat' dir='ltr'><strong>aut</strong></span> <span class='ocrx_word' id='word_1_180' title='bbox 542 2527 663 2587; x_wconf 83' lang='lat' dir='ltr'><strong>luciam.</strong></span> <span class='ocrx_word' id='word_1_181' title='bbox 708 2525 830 2587; x_wconf 85' lang='lat' dir='ltr'><strong>Deinde</strong></span> <span class='ocrx_word' id='word_1_182' title='bbox 859 2530 1050 2590; x_wconf 86' lang='lat' dir='ltr'><strong>narrationes</strong></span> 
     </span>
     <span class='ocr_line' id='line_1_28' title="bbox 127 2611 1049 2683; baseline -0.001 -12"><span class='ocrx_word' id='word_1_183' title='bbox 127 2611 190 2672; x_wconf 82' lang='lat' dir='ltr'><strong>divi</strong></span> <span class='ocrx_word' id='word_1_184' title='bbox 212 2612 351 2674; x_wconf 89' lang='lat' dir='ltr'><strong>Thomae</strong></span> <span class='ocrx_word' id='word_1_185' title='bbox 373 2619 404 2672; x_wconf 88' lang='lat' dir='ltr'><strong>et</strong></span> <span class='ocrx_word' id='word_1_186' title='bbox 426 2611 555 2672; x_wconf 88' lang='lat' dir='ltr'><strong>aliomm</strong></span> <span class='ocrx_word' id='word_1_187' title='bbox 584 2615 688 2670; x_wconf 88' lang='lat' dir='ltr'><strong>tantae</strong></span> <span class='ocrx_word' id='word_1_188' title='bbox 712 2628 775 2670; x_wconf 89' lang='lat' dir='ltr'><strong>non</strong></span> <span class='ocrx_word' id='word_1_189' title='bbox 798 2615 886 2683; x_wconf 60' lang='lat' dir='ltr'><strong>sunt„</strong></span> <span class='ocrx_word' id='word_1_190' title='bbox 916 2618 952 2672; x_wconf 87' lang='grc' dir='ltr'><strong>ιιι</strong></span> <span class='ocrx_word' id='word_1_191' title='bbox 981 2612 1049 2673; x_wconf 80' lang='lat' dir='ltr'><strong>milri</strong></span> 
     </span>
     <span class='ocr_line' id='line_1_29' title="bbox 126 2692 1049 2776; baseline -0.001 -21"><span class='ocrx_word' id='word_1_192' title='bbox 126 2697 158 2755; x_wconf 89' lang='lat' dir='ltr'><strong>in</strong></span> <span class='ocrx_word' id='word_1_193' title='bbox 187 2695 246 2755; x_wconf 83' lang='lat' dir='ltr'><strong>hac</strong></span> <span class='ocrx_word' id='word_1_194' title='bbox 266 2697 448 2776; x_wconf 89' lang='lat' dir='ltr'><strong>quaestione</strong></span> <span class='ocrx_word' id='word_1_195' title='bbox 470 2693 678 2771; x_wconf 85' lang='lat' dir='ltr'><strong>satisfaciant,</strong></span> <span class='ocrx_word' id='word_1_196' title='bbox 710 2712 779 2752; x_wconf 87' lang='lat' dir='ltr'><strong>curn</strong></span> <span class='ocrx_word' id='word_1_197' title='bbox 817 2692 927 2754; x_wconf 82' lang='lat' dir='ltr'><strong>dedita</strong></span> <span class='ocrx_word' id='word_1_198' title='bbox 959 2712 1049 2775; x_wconf 86' lang='lat' dir='ltr'><strong>opem</strong></span> 
     </span>
     <span class='ocr_line' id='line_1_30' title="bbox 126 2775 1049 2859; baseline 0.002 -23"><span class='ocrx_word' id='word_1_199' title='bbox 126 2784 235 2839; x_wconf 85' lang='lat' dir='ltr'><strong>contra</strong></span> <span class='ocrx_word' id='word_1_200' title='bbox 254 2791 309 2839; x_wconf 77' lang='lat' dir='ltr'><strong>eus</strong></span> <span class='ocrx_word' id='word_1_201' title='bbox 332 2779 531 2859; x_wconf 84' lang='lat' dir='ltr'><strong>disputarint,</strong></span> <span class='ocrx_word' id='word_1_202' title='bbox 561 2785 595 2835; x_wconf 89' lang='lat' dir='ltr'><strong>ut</strong></span> <span class='ocrx_word' id='word_1_203' title='bbox 616 2779 734 2856; x_wconf 83' lang='lat' dir='ltr'><strong>optime</strong></span> <span class='ocrx_word' id='word_1_204' title='bbox 756 2775 910 2855; x_wconf 83' lang='lat' dir='ltr'><strong>perlectas</strong></span> <span class='ocrx_word' id='word_1_205' title='bbox 933 2785 967 2839; x_wconf 90' lang='lat' dir='ltr'><strong>et</strong></span> <span class='ocrx_word' id='word_1_206' title='bbox 988 2796 1049 2859; x_wconf 85' lang='lat' dir='ltr'><strong>per·</strong></span> 
     </span>
     <span class='ocr_line' id='line_1_31' title="bbox 128 2856 1049 2940; baseline 0.003 -22"><span class='ocrx_word' id='word_1_207' title='bbox 128 2862 289 2940; x_wconf 83' lang='lat' dir='ltr'><strong>cognitae,</strong></span> <span class='ocrx_word' id='word_1_208' title='bbox 312 2863 397 2922; x_wconf 88' lang='lat' dir='ltr'><strong>visae</strong></span> <span class='ocrx_word' id='word_1_209' title='bbox 420 2863 500 2922; x_wconf 91' lang='lat' dir='ltr'><strong>enim</strong></span> <span class='ocrx_word' id='word_1_210' title='bbox 523 2866 595 2919; x_wconf 86' lang='lat' dir='ltr'><strong>sunt</strong></span> <span class='ocrx_word' id='word_1_211' title='bbox 615 2878 677 2921; x_wconf 90' lang='lat' dir='ltr'><strong>non</strong></span> <span class='ocrx_word' id='word_1_212' title='bbox 701 2860 776 2918; x_wconf 86' lang='lat' dir='ltr'><strong>ratis</strong></span> <span class='ocrx_word' id='word_1_213' title='bbox 798 2856 886 2918; x_wconf 85' lang='lat' dir='ltr'><strong>flnno</strong></span> <span class='ocrx_word' id='word_1_214' title='bbox 911 2862 968 2921; x_wconf 87' lang='lat' dir='ltr'><strong>niti</strong></span> <span class='ocrx_word' id='word_1_215' title='bbox 991 2861 1049 2921; x_wconf 85' lang='lat' dir='ltr'><strong>lun·</strong></span> 
     </span>
     <span class='ocr_line' id='line_1_32' title="bbox 127 2940 1049 3022; baseline 0.004 -22"><span class='ocrx_word' id='word_1_216' title='bbox 127 2940 285 3004; x_wconf 81' lang='lat' dir='ltr'><strong>dumento.</strong></span> <span class='ocrx_word' id='word_1_217' title='bbox 328 2945 397 3006; x_wconf 86' lang='lat' dir='ltr'><strong>Hoc</strong></span> <span class='ocrx_word' id='word_1_218' title='bbox 428 2951 530 3005; x_wconf 86' lang='lat' dir='ltr'><strong>autern</strong></span> <span class='ocrx_word' id='word_1_219' title='bbox 570 2960 662 3002; x_wconf 90' lang='lat' dir='ltr'><strong>unum</strong></span> <span class='ocrx_word' id='word_1_220' title='bbox 686 2949 846 3022; x_wconf 89' lang='lat' dir='ltr'><strong>superest,</strong></span> <span class='ocrx_word' id='word_1_221' title='bbox 875 2948 911 3002; x_wconf 86' lang='grc' dir='ltr'><strong>ιιι</strong></span> <span class='ocrx_word' id='word_1_222' title='bbox 933 2944 1049 3006; x_wconf 85' lang='lat' dir='ltr'><strong>meliori</strong></span> 
     </span>
     <span class='ocr_line' id='line_1_33' title="bbox 128 3025 1050 3108; baseline 0.004 -24"><span class='ocrx_word' id='word_1_223' title='bbox 128 3042 255 3106; x_wconf 88' lang='lat' dir='ltr'><strong>superer</strong></span> <span class='ocrx_word' id='word_1_224' title='bbox 275 3028 405 3098; x_wconf 76' lang='lat' dir='ltr'><strong>ratione,</strong></span> <span class='ocrx_word' id='word_1_225' title='bbox 428 3044 507 3108; x_wconf 90' lang='lat' dir='ltr'><strong>quae</strong></span> <span class='ocrx_word' id='word_1_226' title='bbox 527 3031 590 3085; x_wconf 88' lang='lat' dir='ltr'><strong>est:</strong></span> <span class='ocrx_word' id='word_1_227' title='bbox 614 3025 645 3087; x_wconf 77' lang='lat' dir='ltr'><strong>ei</strong></span> <span class='ocrx_word' id='word_1_228' title='bbox 668 3043 777 3086; x_wconf 92' lang='lat' dir='ltr'><strong>vocem</strong></span> <span class='ocrx_word' id='word_1_229' title='bbox 789 3042 927 3105; x_wconf 88' lang='lat' dir='ltr'><strong>sponsae</strong></span> <span class='ocrx_word' id='word_1_230' title='bbox 947 3027 1050 3088; x_wconf 72' lang='lat' dir='ltr'><strong>audin</strong></span> 
     </span>
     <span class='ocr_line' id='line_1_34' title="bbox 127 3108 1049 3188; baseline 0.002 -21"><span class='ocrx_word' id='word_1_231' title='bbox 127 3126 256 3188; x_wconf 81' lang='lat' dir='ltr'><strong>merear,</strong></span> <span class='ocrx_word' id='word_1_232' title='bbox 277 3110 357 3170; x_wconf 87' lang='lat' dir='ltr'><strong>hanc</strong></span> <span class='ocrx_word' id='word_1_233' title='bbox 379 3111 460 3170; x_wconf 91' lang='lat' dir='ltr'><strong>enim</strong></span> <span class='ocrx_word' id='word_1_234' title='bbox 483 3115 598 3169; x_wconf 89' lang='lat' dir='ltr'><strong>certum</strong></span> <span class='ocrx_word' id='word_1_235' title='bbox 614 3116 661 3169; x_wconf 86' lang='lat' dir='ltr'><strong>est</strong></span> <span class='ocrx_word' id='word_1_236' title='bbox 674 3126 782 3169; x_wconf 84' lang='lat' dir='ltr'><strong>rocem</strong></span> <span class='ocrx_word' id='word_1_237' title='bbox 805 3108 915 3187; x_wconf 86' lang='lat' dir='ltr'><strong>sponsi</strong></span> <span class='ocrx_word' id='word_1_238' title='bbox 939 3109 1049 3171; x_wconf 84' lang='lat' dir='ltr'><strong>audire.</strong></span> 
     </span>
    </p>

    <p class='ocr_par' dir='ltr' id='par_1_6' title="bbox 125 3190 1049 3703">
     <span class='ocr_line' id='line_1_35' title="bbox 212 3190 1049 3273; baseline 0.004 -21"><span class='ocrx_word' id='word_1_239' title='bbox 212 3190 348 3273; x_wconf 84' lang='lat' dir='ltr'><strong>Ideoque</strong></span> <span class='ocrx_word' id='word_1_240' title='bbox 371 3195 454 3252; x_wconf 91' lang='lat' dir='ltr'><strong>omni</strong></span> <span class='ocrx_word' id='word_1_241' title='bbox 476 3190 648 3252; x_wconf 84' lang='lat' dir='ltr'><strong>humilitate</strong></span> <span class='ocrx_word' id='word_1_242' title='bbox 670 3190 827 3271; x_wconf 86' lang='lat' dir='ltr'><strong>supplico,</strong></span> <span class='ocrx_word' id='word_1_243' title='bbox 861 3192 1049 3254; x_wconf 87' lang='lat' dir='ltr'><strong>reverendis·</strong></span> 
     </span>
     <span class='ocr_line' id='line_1_36' title="bbox 125 3273 1049 3356; baseline 0.002 -23"><span class='ocrx_word' id='word_1_244' title='bbox 125 3273 206 3335; x_wconf 87' lang='lat' dir='ltr'><strong>sima</strong></span> <span class='ocrx_word' id='word_1_245' title='bbox 226 3276 395 3355; x_wconf 81' lang='lat' dir='ltr'><strong>paternitas</strong></span> <span class='ocrx_word' id='word_1_246' title='bbox 418 3283 469 3336; x_wconf 90' lang='lat' dir='ltr'><strong>tua</strong></span> <span class='ocrx_word' id='word_1_247' title='bbox 493 3275 634 3356; x_wconf 85' lang='lat' dir='ltr'><strong>dignetur</strong></span> <span class='ocrx_word' id='word_1_248' title='bbox 646 3273 685 3334; x_wconf 84' lang='lat' dir='ltr'><strong>ati</strong></span> <span class='ocrx_word' id='word_1_249' title='bbox 706 3273 935 3334; x_wconf 86' lang='lat' dir='ltr'><strong>sanctissimum</strong></span> <span class='ocrx_word' id='word_1_250' title='bbox 958 3274 1049 3337; x_wconf 85' lang='lat' dir='ltr'><strong>domi-</strong></span> 
     </span>
     <span class='ocr_line' id='line_1_37' title="bbox 126 3354 1049 3438; baseline 0.003 -22"><span class='ocrx_word' id='word_1_251' title='bbox 126 3374 199 3416; x_wconf 90' lang='lat' dir='ltr'><strong>num</strong></span> <span class='ocrx_word' id='word_1_252' title='bbox 221 3364 359 3418; x_wconf 86' lang='lat' dir='ltr'><strong>nostrum</strong></span> <span class='ocrx_word' id='word_1_253' title='bbox 381 3358 516 3420; x_wconf 89' lang='lat' dir='ltr'><strong>Leonem</strong></span> <span class='ocrx_word' id='word_1_254' title='bbox 537 3355 579 3418; x_wconf 88' lang='lat' dir='ltr'><strong>X.</strong></span> <span class='ocrx_word' id='word_1_255' title='bbox 601 3358 691 3417; x_wconf 89' lang='lat' dir='ltr'><strong>istam</strong></span> <span class='ocrx_word' id='word_1_256' title='bbox 714 3354 745 3438; x_wconf 82' lang='lat'><strong>¹)</strong></span> <span class='ocrx_word' id='word_1_257' title='bbox 782 3372 909 3417; x_wconf 86' lang='lat' dir='ltr'><strong>oausam</strong></span> <span class='ocrx_word' id='word_1_258' title='bbox 933 3358 1049 3419; x_wconf 78' lang='lat' dir='ltr'><strong>referre</strong></span> 
     </span>
     <span class='ocr_line' id='line_1_38' title="bbox 128 3439 1048 3521; baseline 0.001 -22"><span class='ocrx_word' id='word_1_259' title='bbox 128 3446 162 3499; x_wconf 88' lang='grc' dir='ltr'><strong>ιιι</strong></span> <span class='ocrx_word' id='word_1_260' title='bbox 182 3459 238 3521; x_wconf 90' lang='lat' dir='ltr'><strong>per</strong></span> <span class='ocrx_word' id='word_1_261' title='bbox 260 3441 424 3504; x_wconf 88' lang='lat' dir='ltr'><strong>ecclesiam</strong></span> <span class='ocrx_word' id='word_1_262' title='bbox 446 3439 642 3519; x_wconf 63' lang='lat' dir='ltr'><strong>haeqdubia</strong></span> <span class='ocrx_word' id='word_1_263' title='bbox 655 3439 859 3501; x_wconf 88' lang='lat' dir='ltr'><strong>determinata</strong></span> <span class='ocrx_word' id='word_1_264' title='bbox 882 3439 923 3500; x_wconf 91' lang='lat' dir='ltr'><strong>ad</strong></span> <span class='ocrx_word' id='word_1_265' title='bbox 943 3443 1048 3502; x_wconf 85' lang='lat' dir='ltr'><strong>iustam</strong></span> 
     </span>
     <span class='ocr_line' id='line_1_39' title="bbox 127 3521 1045 3618; baseline 0 -36"><span class='ocrx_word' id='word_1_266' title='bbox 127 3522 178 3584; x_wconf 90' lang='lat' dir='ltr'><strong>vel</strong></span> <span class='ocrx_word' id='word_1_267' title='bbox 199 3524 432 3586; x_wconf 85' lang='lat' dir='ltr'><strong>revocationem</strong></span> <span class='ocrx_word' id='word_1_268' title='bbox 464 3523 513 3584; x_wconf 87' lang='lat' dir='ltr'><strong>vel</strong></span> <span class='ocrx_word' id='word_1_269' title='bbox 536 3521 747 3584; x_wconf 86' lang='lat' dir='ltr'><strong>credulitatem</strong></span> <span class='ocrx_word' id='word_1_270' title='bbox 765 3523 870 3618; x_wconf 70' lang='lat' dir='ltr'><strong>possit</strong></span> <span class='ocrx_word' id='word_1_271' title='bbox 894 3522 1045 3605; x_wconf 87' lang='lat' dir='ltr'><strong>compelli.</strong></span> 
     </span>
     <span class='ocr_line' id='line_1_40' title="bbox 126 3602 1043 3703; baseline -0.002 -36"><span class='ocrx_word' id='word_1_272' title='bbox 126 3602 209 3703; x_wconf 62' lang='lat' dir='ltr'><strong>Nihil</strong></span> <span class='ocrx_word' id='word_1_273' title='bbox 233 3607 314 3668; x_wconf 84' lang='lat' dir='ltr'><strong>enim</strong></span> <span class='ocrx_word' id='word_1_274' title='bbox 327 3605 525 3687; x_wconf 86' lang='lat' dir='ltr'><strong>eliudcupio,</strong></span> <span class='ocrx_word' id='word_1_275' title='bbox 548 3624 638 3685; x_wconf 91' lang='lat' dir='ltr'><strong>quam</strong></span> <span class='ocrx_word' id='word_1_276' title='bbox 661 3604 825 3666; x_wconf 82' lang='lat' dir='ltr'><strong>eeclesiam</strong></span> <span class='ocrx_word' id='word_1_277' title='bbox 847 3607 948 3685; x_wconf 87' lang='lat' dir='ltr'><strong>sequi.</strong></span> <span class='ocrx_word' id='word_1_278' title='bbox 972 3607 1043 3667; x_wconf 87' lang='lat' dir='ltr'><strong>Nam</strong></span> 
     </span>
    </p>
   </div>
   <div class='ocr_carea' id='block_1_5' title="bbox 129 3730 518 3741">
    <p class='ocr_par' dir='ltr' id='par_1_7' title="bbox 129 3730 518 3741">
     <span class='ocr_line' id='line_1_41' title="bbox 129 3730 518 3741; baseline -0.003 0"><span class='ocrx_word' id='word_1_279' title='bbox 129 3730 169 3741; x_wconf 63' lang='lat' dir='ltr'><strong>u·</strong></span> <span class='ocrx_word' id='word_1_280' title='bbox 175 3730 285 3741; x_wconf 52' lang='grc' dir='ltr'>*οι-...ι</span> <span class='ocrx_word' id='word_1_281' title='bbox 292 3733 296 3737; x_wconf 94' lang='grc'><strong>-</strong></span> <span class='ocrx_word' id='word_1_282' title='bbox 303 3732 341 3741; x_wconf 70' lang='lat'><strong>--—</strong></span> <span class='ocrx_word' id='word_1_283' title='bbox 350 3732 484 3741; x_wconf 55' lang='lat' dir='ltr'><strong>-n-m---u—</strong></span> <span class='ocrx_word' id='word_1_284' title='bbox 497 3734 518 3740; x_wconf 79' lang='grc'><strong>.-</strong></span> 
     </span>
    </p>
   </div>
   <div class='ocr_carea' id='block_1_6' title="bbox 182 3787 595 3862">
    <p class='ocr_par' dir='ltr' id='par_1_8' title="bbox 182 3787 595 3862">
     <span class='ocr_line' id='line_1_42' title="bbox 182 3787 595 3862; baseline -0.015 -15"><span class='ocrx_word' id='word_1_285' title='bbox 182 3787 213 3861; x_wconf 92' lang='grc'><strong>1)</strong></span> <span class='ocrx_word' id='word_1_286' title='bbox 231 3787 264 3844; x_wconf 94' lang='lat' dir='ltr'><strong>ln</strong></span> <span class='ocrx_word' id='word_1_287' title='bbox 284 3788 349 3846; x_wconf 85' lang='lat' dir='ltr'><strong>edit.</strong></span> <span class='ocrx_word' id='word_1_288' title='bbox 366 3789 470 3862; x_wconf 53' lang='lat' dir='ltr'><strong>minc«.</strong></span> <span class='ocrx_word' id='word_1_289' title='bbox 487 3790 595 3844; x_wconf 79' lang='lat' dir='ltr'><strong>instem.</strong></span> 
     </span>
    </p>
   </div>
   <div class='ocr_carea' id='block_1_7' title="bbox 0 0 1182 4200">
    <p class='ocr_par' dir='ltr' id='par_1_9' title="bbox 0 0 1182 4200">
     <span class='ocr_line' id='line_1_43' title="bbox 0 0 1182 4200; baseline 0 0"><span class='ocrx_word' id='word_1_290' title='bbox 0 0 1182 4200; x_wconf 95' lang='lat' dir='ltr'><strong> </strong></span> 
     </span>
    </p>
   </div>
  </div>
 </body>
</html>
