2356 4200
125 268 187 336 442
354 272 513 342 uppsrrrua
531 270 560 324 r.
580 271 687 325 uuum
704 270 817 326 iuuari

124 440 385 504 Reverendiaaimi
408 439 524 501 domini
545 438 695 517 Thomae,
716 439 749 503 Β.
761 440 840 502 sixti
863 438 1043 515 cardinalis,

124 531 198 586 tuna
218 526 250 584 in
273 521 451 585 Germania·
466 523 549 585 sedis
581 521 772 603 apostolieae
793 524 918 605 legati,
950 530 1042 584 trans

125 608 268 687 lbrreiur,
300 612 334 667 ut
355 607 406 686 qui
428 604 596 669 deordina
609 605 880 685 -Praedieatorum,
913 613 947 668 et
966 598 1042 667 iba

125 691 264 751 mistioas
285 690 437 769 ruptionis,
459 689 492 750 id
514 695 572 768 est,
580 689 789 783 ,adversariae
806 690 857 751 vel
874 690 1042 771 primarius,

116 772 216 834 iaoile
246 778 423 853 speraretur
454 779 561 834 eontra
591 792 642 834 ms
670 791 726 855 pro
755 774 829 852 ipsis
858 772 1043 849 definieras,

127 858 190 935 adt,
213 862 246 916 ut
266 855 432 917 verisimile
454 863 516 934 est,
549 862 633 917 eerta
660 862 695 916 ut
726 855 814 916 huius
835 857 917 918 faeie
938 855 1044 916 iudiais

127 940 306 1000 absterritus
333 956 507 1003 recusarem
539 958 733 1020 eomparere,
766 944 797 1000 et
818 939 1070 1015 eontumaaiam¹

125 1022 322 1082 insurreram.
365 1018 433 1103 ligo
453 1029 559 1084 tamen
582 1024 710 1083 veritate
728 1022 784 1082 Dei
807 1022 903 1082 fretus
924 1020 966 1082 ad
989 1022 1045 1081 Au·

126 1111 247 1187 gustam
281 1105 377 1166 multo
408 1105 515 1167 labore
542 1111 574 1166 et
601 1107 720 1185 magnis
747 1103 892 1184 perieulis
919 1098 1046 1165 v'eniens
1101 1158 1103 1165 .

126 1188 300 1248 humaniter
321 1188 444 1268 quidem
467 1187 926 1268 apraeiatoReverendissimo
949 1193 1005 1249 eta
1015 1185 1043 1266 ¹)

127 1276 287 1350 susceptus
310 1290 386 1331 sum.
430 1271 488 1346 Qui
518 1290 587 1331 oum
616 1270 793 1353 posthabita
821 1271 1046 1352 protestatione

127 1372 197 1414 mea
220 1360 251 1414 et
273 1353 477 1435 obligatione,
516 1372 577 1435 qua
605 1355 655 1415 vel
683 1353 805 1434 publiea
833 1354 885 1414 vei
906 1353 1047 1434 privatim

127 1455 177 1496 me
200 1455 419 1517 responsurum
442 1437 557 1514 obtuli,
579 1456 683 1513 auram
704 1437 833 1498 Notario
856 1443 888 1497 et
910 1436 1047 1510 testibus,

127 1518 260 1600 denique
283 1520 496 1599 praesentibus
512 1527 643 1600 quatuor
654 1520 824 1600 insignibus
838 1520 913 1580 viris
937 1518 1047 1581 (laesa-

127 1620 200 1663 reae
229 1601 399 1665 maiestatis
428 1600 648 1679 Senatoribus,
685 1603 837 1682 simulque
867 1602 1049 1664 anbiieerem

105 1716 110 1723 ·
127 1702 177 1744 me
200 1702 331 1765 meaque
348 1685 432 1746 diota
447 1692 574 1747 sanatas
590 1685 656 1747 sedi
668 1685 871 1767 apostolieae,
893 1694 927 1747 et
937 1684 1048 1746 iudiaiu

128 1773 261 1847 quatuor
281 1769 443 1829 illustrium
456 1770 699 1845 universitatum,
720 1768 910 1848 Basilisnsia,
931 1767 1047 1829 Fribnr

123 1851 247 1931 gensis,
269 1851 489 1931 Louanieusis,
521 1851 646 1913 tandem
676 1857 708 1913 et
732 1851 901 1912 studiorum
914 1886 916 1891 ι
930 1851 1047 1932 parenti

123 1932 349 2015 nobilissimae,
372 1935 533 2015 Pariensis,
555 1954 605 1996 me
617 1935 795 2020 simpliciter
815 1934 856 1995 ad
876 1935 1047 1997 renouatio·

123 2032 194 2077 nem
229 2025 370 2098 urgeret,
403 2037 463 2079 nea
491 2018 587 2080 vellet
618 2017 784 2079 ostendere
817 2017 892 2079 mibi
931 2032 1048 2078 errores

123 2117 227 2174 meos,
260 2108 292 2161 et
311 2101 423 2180 quibus
444 2093 613 2163 rationibus
641 2100 692 2161 val
722 2099 938 2161 autoritatibus
968 2116 1049 2161 error

123 2201 142 2240 a
164 2201 214 2241 me
234 2183 367 2264 intelligi
388 2192 509 2264 posset,
537 2185 632 2244 nimio
655 2184 773 2244 scilieet
795 2200 871 2243 suae
903 2182 1047 2244 faotionis

122 2264 264 2345 fratribus
296 2267 439 2343 affectus,
473 2269 505 2328 et
531 2267 699 2346 iniquitatis
726 2266 836 2327 faeiem
874 2284 1046 2339 assumens,

123 2346 247 2407 tandem
279 2351 339 2411 nisi
366 2369 548 2411 revoearsm
576 2349 703 2410 abieetis
728 2349 871 2430 precibus
909 2355 942 2408 et
971 2348 1050 2409 votis

124 2429 271 2507 disosndi,
296 2439 328 2494 et
338 2432 603 2494 informationibus
618 2431 831 2512 petitionis2),
855 2431 1050 2499 minasdiras

124 2532 163 2578 aa
185 2513 414 2576 crudelissimas
445 2517 554 2658 vigore
573 2515 731 2576 ouiusdam
754 2513 923 2595 apostuliai
946 2512 1050 2576 Brevis

124 2597 300 2677 intentavit,
322 2616 360 2660 aa
379 2617 420 2658 ne
434 2617 467 2658 re
489 2600 565 2659 irem
586 2599 618 2658 in
632 2598 743 2659 faeiem
760 2614 857 2676 suam,
878 2597 1050 2676 imperavit.

208 2679 329 2757 Quibus
351 2681 578 2763 gravaminibus
595 2682 707 2758 laesus,
730 2687 802 2741 tuna
811 2680 850 2740 ab
865 2681 933 2740 eins
950 2681 1052 2759 iniqua

70 2838 74 2845 „
126 2767 157 2821 et
178 2763 320 2827 violenta
340 2765 592 2845 praesumptione
613 2770 645 2824 et
659 2770 823 2844 praetensa
840 2762 898 2822 sibi
912 2763 1052 2822 oommis·

125 2845 219 2908 sione
240 2848 396 2929 appellavi
418 2847 458 2908 ad
481 2848 708 2907 sanatissimum
732 2846 890 2908 dominnm
914 2853 1051 2906 nostrum

125 2925 266 2991 I‘aeonem
289 2933 326 2994 X.
351 2931 459 2992 melius
480 2929 716 3009 informandum,
738 2935 830 3010 prout
849 2929 882 2987 in
906 2927 1052 2990 subednla

126 3007 306 3074 'buiusmodi
334 3014 551 3094 appellationis
584 3012 705 3093 planius
734 3012 918 3074 eontinetur.
968 3011 1053 3072 Nune

132 3112 206 3158 vero
229 3096 322 3157 etiam
344 3099 404 3157 ista
431 3093 641 3176 appellatione
670 3100 723 3170 [ut
749 3094 831 3171 dixi)
866 3099 1053 3174 contempta,

133 3196 201 3240 uum
221 3194 320 3258 usque
341 3178 435 3243 hodia
467 3180 588 3258 oupiam
617 3197 681 3238 non
708 3178 767 3238 uisi
798 3182 831 3237 ut
852 3176 1054 3237 ostendantur

133 3261 208 3325 mihi
230 3276 350 3323 errores
367 3263 438 3338 mei,
460 3263 633 3341 quicunque
651 3260 774 3322 tandem
795 3259 826 3318 id
849 3260 951 3339 possit
971 3276 1054 3338 prae·

134 3349 231 3423 stare,
255 3343 294 3404 de
315 3358 377 3423 quo
412 3343 514 3405 denuo
537 3344 674 3424 legitime
696 3348 865 3424 protestor,
900 3341 1054 3423 paratissi-

134 3442 264 3508 musque
286 3446 352 3491 sum
374 3445 539 3502 revocare,
569 3428 592 3485 si
623 3426 694 3508 qnid
727 3424 947 3487 maledixisse
971 3426 1055 3485 fuero

134 3510 270 3570 edoctus.
315 3509 560 3570 Deinde·totam
591 3509 829 3589 disputationem
860 3526 962 3568 meam
990 3506 1056 3568 sub·

137 3630 346 3647 Μ

145 3724 158 3755 s
206 3693 235 3758 1)
254 3695 285 3748 Iu
315 3693 383 3747 edit.
402 3690 475 3746 lam:
506 3690 539 3745 R.
560 3690 681 3744 Domino
701 3688 809 3742 Thema
834 3688 862 3744 S.
882 3689 956 3746 Sixti
977 3692 1058 3749 card.

140 3766 192 3825 ete.
229 3765 260 3834 2)
277 3765 362 3843 Ibida
379 3765 585 3818 informationis
604 3762 793 3832 petitionibus.
