2356 4200
125 252 189 324 428
414 306 418 313 .
460 255 541 313 rums
558 253 712 313 Dsoretellt

127 425 248 503 dieunt,
280 423 545 505 quandoquidem·
560 444 622 487 uon
656 430 843 504 negat-sese
863 425 894 484 in
917 423 1045 487 tenebris

127 528 216 584 esse,
251 515 338 588 optut
370 527 443 569 vero
476 506 550 569 illud
586 507 784 568 iustissimum
808 506 1047 588 christianisque

128 591 342 672 dignissimum
377 589 525 659 silleium,
561 597 593 650 ut
626 608 759 653 aooeusu
802 590 873 651 luoe
912 600 944 651 et
976 591 1047 653 osus

128 675 310 737 testImoniis
332 674 468 735 veritatis
489 693 507 733 e
529 672 662 735 tenebris
685 672 850 749 educetur,
881 682 917 735 et
937 675 1047 754 nou-iu

129 758 291 819 ulteriores
312 755 454 819 tenebras
484 755 670 819 detrudatur.
722 755 794 817 Non
829 757 914 836 quod
952 765 1048 838 speret

128 859 265 920 uuquam
292 839 323 899 id
351 840 501 900 fauturum
531 839 757 900 sanctissimum
785 841 956 901 Dominum
976 840 1048 903 Iseo

130 942 199 985 uem
221 924 260 999 X,
282 921 336 983 sed
359 921 442 1002 quod
464 921 669 1001 malignorum
690 921 792 984 studia
813 921 977 999 formidet,
991 924 1049 999 „vel

129 1005 185 1067 sub
207 1006 332 1067 nomine
353 1011 480 1067 sanotae
495 1004 650 1067 ecelesiae
671 1004 790 1083 moliri,
811 1005 897 1085 quod
920 1006 1050 1069 enclesis

129 1108 221 1169 qnam
247 1089 386 1149 maxime.
402 1095 483 1149 osset
505 1087 677 1168 amolitura,
698 1088 723 1149 si
746 1095 963 1168 eognosoeret
992 1089 1050 1153 De·

128 1171 333 1233 minusJesus
354 1177 456 1231 servet
477 1170 711 1233 illustrissimam
735 1179 817 1233 tuem
832 1171 1049 1235 celsitudinem

128 1253 218 1315 nobis
236 1260 267 1315 et
278 1255 335 1317 toti
345 1253 505 1315 Doolesiae
514 1254 723 1317 suae-lelioem
732 1253 927 1336 longissime,
942 1255 1049 1317 Amen.

252 1335 501 1417 Vuitembergae‚
522 1342 607 1399 nono
625 1335 752 1398 Kalend.
775 1336 930 1399 Deoemh.

414 1418 508 1481 Anno
529 1420 570 1482 ll.
594 1419 634 1483 D.
657 1419 764 1481 XVIII.

124 1524 147 1545 ·-
212 1501 363 1563 illustriss.
386 1508 459 1563 tuse
480 1502 674 1565 celsitudinis

521 1584 663 1662 ¹Subditi,

446 1708 450 1719 ·
542 1667 1050 1748 sententiamsenitentiam

562 1750 774 1813 Universitatis
801 1749 895 1813 studii
918 1752 1049 1813 Vuitem

840 1831 1013 1914 bergensis.

366 2006 514 2180 'Noua
552 2056 794 2181 Deoretnlis

127 2242 239 2305 Leonis
261 2245 299 2309 X.
321 2246 478 2309 Pontificio
500 2246 625 2311 Maximi
655 2247 694 2308 de
714 2246 933 2330 indulgentiis,
962 2247 1048 2311 Auno

52 2341 54 2347 '
368 2330 408 2392 Μ.
431 2331 469 2393 D.
492 2330 600 2393 XVIII.
625 2327 812 2413 eondits*).

209 2491 243 2553 ln
267 2491 400 2556 Nomine
421 2495 545 2557 Domini
568 2496 677 2557 Amen.

211 2574 367 2637 Universis
401 2584 433 2638 et
464 2577 592 2658 singulis
624 2597 769 2660 praeseus
805 2585 1048 2660 transsumptum

127 2676 182 2719 seu
203 2657 358 2739 publicum
381 2661 615 2722 instrumentum
643 2661 841 2742 inspecturis,
863 2669 990 2742 pateat,
1021 2672 1049 2725 st

127 2740 285 2802 evidenter
306 2744 472 2821 sitnotum‚
495 2743 578 2822 quod
600 2762 681 2806 anuo
704 2744 897 2805 anatiuitate
910 2744 1048 2807 eiusdem

127 2821 253 2885 Domini
275 2825 437 2887 millesimo
451 2827 697 2908 quingentesimo
716 2825 837 2889 decimo
860 2834 989 2907 octavo,
1008 2830 1049 2891 in·

128 2902 263 2966 diutione
275 2914 375 2984 sextu,
396 2908 446 2971 dle
459 2923 533 2971 vero
548 2909 668 2971 deoims
683 2911 772 2971 tertia
793 2911 908 2971 mensis
920 2909 1048 2973 Deoem·

127 2984 204 3056 bris,
235 2988 434 3053 Pentiiiostus
472 3001 656 3055 seneuesumr
686 3013 717 3053 ιιι
739 2992 863 3054 Christo
892 2992 993 3055 Patris
1020 3004 1049 3055 et

126 3068 251 3131 Domini
273 3075 384 3150 sustu,
419 3071 547 3138 Domini
567 3075 696 3152 Leonis,
726 3075 830 3137 divina
854 3076 1050 3155 providentis

125 3151 230 3233 Papus
252 3153 380 3234 deoimi,
410 3177 492 3220 anno
515 3166 616 3222 sexto.
666 3158 734 3238 Ego
764 3158 870 3219 Petrus
888 3159 1049 3221 ‘Antonius

124 3233 237 3297 Barrus
269 3237 462 3317 Parmensis,
489 3240 647 3321 .publious
681 3239 854 3320 apostolius
884 3243 1051 3305 autoritate

125 3316 281 3397 Notarius,
302 3340 342 3383 ao
361 3323 392 3382 in
410 3323 552 3387 Romano
575 3323 710 3385 Arohivo
733 3321 915 3403 descriptus,
938 3326 1051 3387 onusti

125 3405 208 3462 tutus
243 3403 277 3462 in.
294 3402 379 3465 lintu
402 3405 533 3486 oppido,
564 3405 789 3473 Arolsiduoutus
819 3406 985 3487 Austriae,
1020 3410 1049 3470 io

127 3501 250 3545 uomere
271 3487 516 3549 reverendissimi
544 3490 575 3549 in
598 3488 719 3551 Christo
743 3488 839 3549 Patris
861 3496 894 3549 et
913 3490 1050 3559 Domini.

121 3565 251 3635 Domini
273 3569 422 3648 Thomna,
443 3571 534 3634 Tituli
556 3571 587 3634 S.
610 3572 687 3635 Sixti
711 3571 743 3634 S.
766 3571 850 3635 uu.
874 3571 1051 3656 Presbyteri

125 3676 545 3709 ——d-q-...m

120 3774 145 3799 :.
181 3745 211 3810 ⁸)
230 3745 337 3801 Tantus
356 3748 543 3821 redditusest
558 3768 596 3806 ex
616 3751 660 3807 ed.
679 3752 749 3823 Dpp.
768 3753 848 3809 Lutlr.
866 3754 995 3812 lenaei.
