<?xml version="1.0" encoding="UTF-8"?>
<!DOCTYPE html PUBLIC "-//W3C//DTD XHTML 1.0 Transitional//EN"
    "http://www.w3.org/TR/xhtml1/DTD/xhtml1-transitional.dtd">
<html xmlns="http://www.w3.org/1999/xhtml" xml:lang="en" lang="en">
 <head>
  <title>
</title>
<meta http-equiv="Content-Type" content="text/html;charset=utf-8" />
  <meta name='ocr-system' content='tesseract 3.04.00' />
  <meta name='ocr-capabilities' content='ocr_page ocr_carea ocr_par ocr_line ocrx_word'/>
</head>
<body>
  <div class='ocr_page' id='page_1' title='image "./dmartinilutheri01luthgoog_0369.png"; bbox 0 0 2356 4200; ppageno 0'>
   <div class='ocr_carea' id='block_1_1' title="bbox 66 289 691 371">
    <p class='ocr_par' dir='ltr' id='par_1_1' title="bbox 66 289 691 371">
     <span class='ocr_line' id='line_1_1' title="bbox 66 289 691 371; baseline 0.002 -24"><span class='ocrx_word' id='word_1_1' title='bbox 66 366 71 371; x_wconf 91' lang='lat'>.</span> <span class='ocrx_word' id='word_1_2' title='bbox 167 289 229 357; x_wconf 83' lang='grc'>366</span> <span class='ocrx_word' id='word_1_3' title='bbox 505 308 508 313; x_wconf 48' lang='lat'>¹</span> <span class='ocrx_word' id='word_1_4' title='bbox 556 293 691 364; x_wconf 75' lang='lat' dir='ltr'>Dialogus</span> 
     </span>
    </p>
   </div>
   <div class='ocr_carea' id='block_1_2' title="bbox 167 462 1088 793">
    <p class='ocr_par' dir='ltr' id='par_1_2' title="bbox 167 462 1086 625">
     <span class='ocr_line' id='line_1_2' title="bbox 167 462 1086 543; baseline -0.001 -21"><span class='ocrx_word' id='word_1_5' title='bbox 167 482 195 522; x_wconf 88' lang='lat' dir='ltr'>a·</span> <span class='ocrx_word' id='word_1_6' title='bbox 209 480 337 543; x_wconf 85' lang='lat' dir='ltr'>quorum</span> <span class='ocrx_word' id='word_1_7' title='bbox 359 462 497 540; x_wconf 79' lang='lat' dir='ltr'>plurimis</span> <span class='ocrx_word' id='word_1_8' title='bbox 520 463 643 542; x_wconf 84' lang='lat' dir='ltr'>quidam</span> <span class='ocrx_word' id='word_1_9' title='bbox 666 464 901 525; x_wconf 78' lang='lat' dir='ltr'>concionatores</span> <span class='ocrx_word' id='word_1_10' title='bbox 928 463 1086 531; x_wconf 79' lang='lat' dir='ltr'>veniarum</span> 
     </span>
     <span class='ocr_line' id='line_1_3' title="bbox 167 544 988 625; baseline 0 -20"><span class='ocrx_word' id='word_1_11' title='bbox 167 546 330 625; x_wconf 90' lang='lat' dir='ltr'>pecuniam</span> <span class='ocrx_word' id='word_1_12' title='bbox 352 544 486 605; x_wconf 88' lang='lat' dir='ltr'>eliciunt.</span> <span class='ocrx_word' id='word_1_13' title='bbox 638 555 643 566; x_wconf 91' lang='grc'><strong>’</strong></span> <span class='ocrx_word' id='word_1_14' title='bbox 986 578 988 586; x_wconf 58' lang='lat'>1</span> 
     </span>
    </p>

    <p class='ocr_par' dir='ltr' id='par_1_3' title="bbox 168 627 1088 793">
     <span class='ocr_line' id='line_1_4' title="bbox 250 627 1088 710; baseline -0.001 -21"><span class='ocrx_word' id='word_1_15' title='bbox 250 627 302 689; x_wconf 79' lang='lat' dir='ltr'>Sil</span> <span class='ocrx_word' id='word_1_16' title='bbox 324 627 464 688; x_wconf 91' lang='lat' dir='ltr'>Dooendi</span> <span class='ocrx_word' id='word_1_17' title='bbox 486 647 549 691; x_wconf 90' lang='lat' dir='ltr'>non</span> <span class='ocrx_word' id='word_1_18' title='bbox 572 634 676 690; x_wconf 80' lang='lat' dir='ltr'>essent</span> <span class='ocrx_word' id='word_1_19' title='bbox 695 631 755 690; x_wconf 91' lang='lat' dir='ltr'>ista</span> <span class='ocrx_word' id='word_1_20' title='bbox 776 630 892 710; x_wconf 88' lang='lat' dir='ltr'>populi,</span> <span class='ocrx_word' id='word_1_21' title='bbox 915 630 987 709; x_wconf 88' lang='lat' dir='ltr'>quia</span> <span class='ocrx_word' id='word_1_22' title='bbox 1007 636 1088 689; x_wconf 87' lang='lat' dir='ltr'>esset</span> 
     </span>
     <span class='ocr_line' id='line_1_5' title="bbox 168 711 1085 793; baseline -0.001 -21"><span class='ocrx_word' id='word_1_23' title='bbox 168 718 277 772; x_wconf 89' lang='lat' dir='ltr'>contra</span> <span class='ocrx_word' id='word_1_24' title='bbox 298 711 463 777; x_wconf 70' lang='lat' dir='ltr'><strong>fraternam</strong></span> <span class='ocrx_word' id='word_1_25' title='bbox 486 713 652 793; x_wconf 82' lang='lat' dir='ltr'>caritatem,</span> <span class='ocrx_word' id='word_1_26' title='bbox 675 713 730 773; x_wconf 89' lang='lat' dir='ltr'>sed</span> <span class='ocrx_word' id='word_1_27' title='bbox 752 714 776 772; x_wconf 91' lang='lat' dir='ltr'>si</span> <span class='ocrx_word' id='word_1_28' title='bbox 799 732 862 773; x_wconf 87' lang='grc' dir='ltr'><strong>ιιοιι</strong></span> <span class='ocrx_word' id='word_1_29' title='bbox 874 719 1014 793; x_wconf 83' lang='lat' dir='ltr'>speratur</span> <span class='ocrx_word' id='word_1_30' title='bbox 1036 712 1085 772; x_wconf 88' lang='lat' dir='ltr'>de·</span> 
     </span>
    </p>
   </div>
   <div class='ocr_carea' id='block_1_3' title="bbox 59 794 1087 875">
    <p class='ocr_par' dir='ltr' id='par_1_4' title="bbox 59 794 1087 875">
     <span class='ocr_line' id='line_1_6' title="bbox 59 794 1087 875; baseline 0.003 -21"><span class='ocrx_word' id='word_1_31' title='bbox 59 811 63 821; x_wconf 93' lang='lat'><em>·</em></span> <span class='ocrx_word' id='word_1_32' title='bbox 167 794 363 854; x_wconf 72' lang='lat' dir='ltr'><strong>clamantium</strong></span> <span class='ocrx_word' id='word_1_33' title='bbox 386 801 505 855; x_wconf 87' lang='lat' dir='ltr'>correct</span> <span class='ocrx_word' id='word_1_34' title='bbox 493 796 536 855; x_wconf 88' lang='lat' dir='ltr'>tio</span> <span class='ocrx_word' id='word_1_35' title='bbox 550 815 606 875; x_wconf 85' lang='lat' dir='ltr'>per</span> <span class='ocrx_word' id='word_1_36' title='bbox 618 803 767 856; x_wconf 80' lang='lat' dir='ltr'><strong>secretam</strong></span> <span class='ocrx_word' id='word_1_37' title='bbox 782 797 985 857; x_wconf 85' lang='lat' dir='ltr'>monitionem</span> <span class='ocrx_word' id='word_1_38' title='bbox 1011 796 1087 874; x_wconf 81' lang='lat' dir='ltr'>(ista</span> 
     </span>
    </p>
   </div>
   <div class='ocr_carea' id='block_1_4' title="bbox 165 876 1088 1105">
    <p class='ocr_par' dir='ltr' id='par_1_5' title="bbox 165 876 1088 1044">
     <span class='ocr_line' id='line_1_7' title="bbox 167 876 1086 961; baseline 0 -23"><span class='ocrx_word' id='word_1_39' title='bbox 167 879 249 938; x_wconf 87' lang='lat' dir='ltr'>anim</span> <span class='ocrx_word' id='word_1_40' title='bbox 271 896 333 938; x_wconf 89' lang='lat' dir='ltr'>non</span> <span class='ocrx_word' id='word_1_41' title='bbox 356 876 462 936; x_wconf 82' lang='lat' dir='ltr'>fiunt&#39;</span> <span class='ocrx_word' id='word_1_42' title='bbox 453 898 484 937; x_wconf 88' lang='grc' dir='ltr'>ιιι</span> <span class='ocrx_word' id='word_1_43' title='bbox 503 878 666 958; x_wconf 77' lang='lat' dir='ltr'>ambone),</span> <span class='ocrx_word' id='word_1_44' title='bbox 687 879 939 940; x_wconf 84' lang='lat' dir='ltr'>docendusessct</span> <span class='ocrx_word' id='word_1_45' title='bbox 953 881 978 938; x_wconf 86' lang='lat' dir='ltr'>is</span> <span class='ocrx_word' id='word_1_46' title='bbox 1001 896 1086 961; x_wconf 88' lang='lat' dir='ltr'>prae-</span> 
     </span>
     <span class='ocr_line' id='line_1_8' title="bbox 165 961 1088 1105; baseline 0 -84"><span class='ocrx_word' id='word_1_47' title='bbox 165 961 255 1041; x_wconf 80' lang='lat' dir='ltr'>latus,</span> <span class='ocrx_word' id='word_1_48' title='bbox 278 962 364 1021; x_wconf 89' lang='lat' dir='ltr'>cuius</span> <span class='ocrx_word' id='word_1_49' title='bbox 385 962 560 1040; x_wconf 62' lang='lat' dir='ltr'>intereate</span> <span class='ocrx_word' id='word_1_50' title='bbox 543 963 755 1105; x_wconf 65' lang='lat' dir='ltr'>etsingularitt</span> <span class='ocrx_word' id='word_1_51' title='bbox 757 981 790 1022; x_wconf 88' lang='lat' dir='ltr'>er</span> <span class='ocrx_word' id='word_1_52' title='bbox 816 961 957 1022; x_wconf 86' lang='lat' dir='ltr'>dominus</span> <span class='ocrx_word' id='word_1_53' title='bbox 981 966 1088 1023; x_wconf 83' lang='lat' dir='ltr'>noster</span> 
     </span>
    </p>
   </div>
   <div class='ocr_carea' id='block_1_5' title="bbox 165 1038 1171 1124">
    <p class='ocr_par' dir='ltr' id='par_1_6' title="bbox 165 1038 1171 1124">
     <span class='ocr_line' id='line_1_9' title="bbox 165 1038 1171 1124; baseline 0 -20"><span class='ocrx_word' id='word_1_54' title='bbox 165 1062 262 1124; x_wconf 73' lang='lat' dir='ltr'>papa,</span> <span class='ocrx_word' id='word_1_55' title='bbox 292 1045 316 1102; x_wconf 87' lang='lat' dir='ltr'>si</span> <span class='ocrx_word' id='word_1_56' title='bbox 339 1050 443 1104; x_wconf 77' lang='lat' dir='ltr'>tamen</span> <span class='ocrx_word' id='word_1_57' title='bbox 465 1045 558 1123; x_wconf 86' lang='lat' dir='ltr'>aliqui</span> <span class='ocrx_word' id='word_1_58' title='bbox 579 1045 657 1105; x_wconf 87' lang='lat' dir='ltr'>tales</span> <span class='ocrx_word' id='word_1_59' title='bbox 686 1047 762 1122; x_wconf 90' lang='lat' dir='ltr'>sint,</span> <span class='ocrx_word' id='word_1_60' title='bbox 797 1045 879 1124; x_wconf 88' lang='lat' dir='ltr'>quod</span> <span class='ocrx_word' id='word_1_61' title='bbox 906 1051 942 1104; x_wconf 86' lang='grc' dir='ltr'>ιιι</span> <span class='ocrx_word' id='word_1_62' title='bbox 930 1038 1085 1105; x_wconf 74' lang='lat' dir='ltr'>teledam</span> <span class='ocrx_word' id='word_1_63' title='bbox 1167 1065 1171 1076; x_wconf 86' lang='lat'><strong>·</strong></span> 
     </span>
    </p>
   </div>
   <div class='ocr_carea' id='block_1_6' title="bbox 166 1126 1087 1208">
    <p class='ocr_par' dir='ltr' id='par_1_7' title="bbox 166 1126 1087 1208">
     <span class='ocr_line' id='line_1_10' title="bbox 166 1126 1087 1208; baseline 0 -22"><span class='ocrx_word' id='word_1_64' title='bbox 166 1127 218 1186; x_wconf 86' lang='lat' dir='ltr'>vix</span> <span class='ocrx_word' id='word_1_65' title='bbox 239 1127 350 1186; x_wconf 81' lang='lat' dir='ltr'>adduci</span> <span class='ocrx_word' id='word_1_66' title='bbox 372 1146 514 1207; x_wconf 89' lang='lat' dir='ltr'>possum,</span> <span class='ocrx_word' id='word_1_67' title='bbox 538 1129 608 1208; x_wconf 87' lang='lat' dir='ltr'>quia</span> <span class='ocrx_word' id='word_1_68' title='bbox 638 1136 720 1207; x_wconf 85' lang='lat' dir='ltr'>estc,</span> <span class='ocrx_word' id='word_1_69' title='bbox 748 1127 831 1207; x_wconf 89' lang='lat' dir='ltr'>quod</span> <span class='ocrx_word' id='word_1_70' title='bbox 862 1126 1087 1188; x_wconf 84' lang='lat' dir='ltr'>declamatores</span> 
     </span>
    </p>
   </div>
   <div class='ocr_carea' id='block_1_7' title="bbox 82 1204 1087 1354">
    <p class='ocr_par' dir='ltr' id='par_1_8' title="bbox 82 1204 1087 1354">
     <span class='ocr_line' id='line_1_11' title="bbox 82 1204 1087 1354; baseline 0 -84"><span class='ocrx_word' id='word_1_71' title='bbox 82 1277 85 1280; x_wconf 50' lang='grc'><strong>,</strong></span> <span class='ocrx_word' id='word_1_72' title='bbox 165 1211 267 1270; x_wconf 86' lang='lat' dir='ltr'>ferent</span> <span class='ocrx_word' id='word_1_73' title='bbox 255 1217 440 1291; x_wconf 77' lang='lat' dir='ltr'>trapa-ees,</span> <span class='ocrx_word' id='word_1_74' title='bbox 473 1230 532 1290; x_wconf 86' lang='lat' dir='ltr'>per</span> <span class='ocrx_word' id='word_1_75' title='bbox 562 1212 623 1270; x_wconf 89' lang='lat' dir='ltr'>vim</span> <span class='ocrx_word' id='word_1_76' title='bbox 656 1219 760 1272; x_wconf 87' lang='lat' dir='ltr'>tamen</span> <span class='ocrx_word' id='word_1_77' title='bbox 798 1231 860 1271; x_wconf 91' lang='lat' dir='ltr'>non</span> <span class='ocrx_word' id='word_1_78' title='bbox 892 1204 1087 1354; x_wconf 78' lang='lat' dir='ltr'>extorquent,</span> 
     </span>
    </p>
   </div>
   <div class='ocr_carea' id='block_1_8' title="bbox 86 1293 1100 3864">
    <p class='ocr_par' dir='ltr' id='par_1_9' title="bbox 166 1293 1086 1706">
     <span class='ocr_line' id='line_1_12' title="bbox 167 1293 1086 1373; baseline -0.001 -20"><span class='ocrx_word' id='word_1_79' title='bbox 167 1300 279 1372; x_wconf 86' lang='lat' dir='ltr'>sponte</span> <span class='ocrx_word' id='word_1_80' title='bbox 314 1310 388 1353; x_wconf 88' lang='lat' dir='ltr'>vcro</span> <span class='ocrx_word' id='word_1_81' title='bbox 417 1293 518 1353; x_wconf 84' lang='lat' dir='ltr'>nullus</span> <span class='ocrx_word' id='word_1_82' title='bbox 539 1301 588 1353; x_wconf 86' lang='lat' dir='ltr'>est</span> <span class='ocrx_word' id='word_1_83' title='bbox 608 1293 739 1355; x_wconf 78' lang='lat' dir='ltr'>adeost</span> <span class='ocrx_word' id='word_1_84' title='bbox 710 1295 908 1373; x_wconf 86' lang='lat' dir='ltr'>stutultus,</span> <span class='ocrx_word' id='word_1_85' title='bbox 935 1296 960 1354; x_wconf 83' lang='lat' dir='ltr'>si</span> <span class='ocrx_word' id='word_1_86' title='bbox 989 1311 1086 1372; x_wconf 80' lang='lat' dir='ltr'>usque</span> 
     </span>
     <span class='ocr_line' id='line_1_13' title="bbox 167 1375 1086 1457; baseline -0.001 -21"><span class='ocrx_word' id='word_1_87' title='bbox 167 1375 247 1436; x_wconf 87' lang='lat' dir='ltr'>adeo</span> <span class='ocrx_word' id='word_1_88' title='bbox 270 1377 309 1435; x_wconf 84' lang='lat' dir='ltr'>sit</span> <span class='ocrx_word' id='word_1_89' title='bbox 330 1394 435 1457; x_wconf 82' lang='lat' dir='ltr'>egene,</span> <span class='ocrx_word' id='word_1_90' title='bbox 459 1383 492 1436; x_wconf 91' lang='grc' dir='ltr'>ιιι</span> <span class='ocrx_word' id='word_1_91' title='bbox 511 1394 569 1457; x_wconf 90' lang='lat' dir='ltr'>pro</span> <span class='ocrx_word' id='word_1_92' title='bbox 591 1378 656 1437; x_wconf 91' lang='lat' dir='ltr'>eius</span> <span class='ocrx_word' id='word_1_93' title='bbox 679 1376 823 1457; x_wconf 82' lang='lat' dir='ltr'>suffragio</span> <span class='ocrx_word' id='word_1_94' title='bbox 838 1377 966 1437; x_wconf 87' lang='lat' dir='ltr'>basilica</span> <span class='ocrx_word' id='word_1_95' title='bbox 987 1378 1086 1436; x_wconf 83' lang='lat' dir='ltr'>sancti</span> 
     </span>
     <span class='ocr_line' id='line_1_14' title="bbox 166 1458 1086 1541; baseline 0 -23"><span class='ocrx_word' id='word_1_96' title='bbox 166 1458 247 1518; x_wconf 85' lang='lat' dir='ltr'>Petri</span> <span class='ocrx_word' id='word_1_97' title='bbox 268 1458 432 1518; x_wconf 88' lang='lat' dir='ltr'>vendenda</span> <span class='ocrx_word' id='word_1_98' title='bbox 453 1459 542 1538; x_wconf 80' lang='lat' dir='ltr'>foret,</span> <span class='ocrx_word' id='word_1_99' title='bbox 565 1460 640 1520; x_wconf 87' lang='lat' dir='ltr'>velit</span> <span class='ocrx_word' id='word_1_100' title='bbox 653 1479 710 1541; x_wconf 91' lang='lat' dir='ltr'>pro</span> <span class='ocrx_word' id='word_1_101' title='bbox 725 1460 923 1540; x_wconf 73' lang='lat' dir='ltr'>indulgentiis</span> <span class='ocrx_word' id='word_1_102' title='bbox 938 1460 1086 1538; x_wconf 86' lang='lat' dir='ltr'>pecunias</span> 
     </span>
     <span class='ocr_line' id='line_1_15' title="bbox 167 1540 1086 1684; baseline 0.002 -84"><span class='ocrx_word' id='word_1_103' title='bbox 167 1540 333 1622; x_wconf 82' lang='lat' dir='ltr'>effundere,</span> <span class='ocrx_word' id='word_1_104' title='bbox 356 1542 436 1602; x_wconf 91' lang='lat' dir='ltr'>unde</span> <span class='ocrx_word' id='word_1_105' title='bbox 457 1561 498 1622; x_wconf 84' lang='lat' dir='ltr'>po</span> <span class='ocrx_word' id='word_1_106' title='bbox 500 1543 560 1602; x_wconf 88' lang='lat' dir='ltr'>tius</span> <span class='ocrx_word' id='word_1_107' title='bbox 582 1543 685 1684; x_wconf 61' lang='lat' dir='ltr'>crtedo,</span> <span class='ocrx_word' id='word_1_108' title='bbox 708 1542 789 1622; x_wconf 90' lang='lat' dir='ltr'>quod</span> <span class='ocrx_word' id='word_1_109' title='bbox 809 1543 944 1622; x_wconf 88' lang='lat' dir='ltr'>loquan&#39;s</span> <span class='ocrx_word' id='word_1_110' title='bbox 965 1561 1029 1621; x_wconf 87' lang='lat' dir='ltr'>per</span> <span class='ocrx_word' id='word_1_111' title='bbox 1044 1549 1086 1602; x_wconf 86' lang='lat' dir='ltr'>tu·</span> 
     </span>
     <span class='ocr_line' id='line_1_16' title="bbox 166 1625 900 1743; baseline 0.003 -59"><span class='ocrx_word' id='word_1_112' title='bbox 166 1625 270 1743; x_wconf 81' lang='lat' dir='ltr'>lanta,</span> <span class='ocrx_word' id='word_1_113' title='bbox 283 1632 345 1685; x_wconf 89' lang='lat' dir='ltr'>ett</span> <span class='ocrx_word' id='word_1_114' title='bbox 333 1625 407 1685; x_wconf 88' lang='lat' dir='ltr'>talia</span> <span class='ocrx_word' id='word_1_115' title='bbox 426 1633 479 1685; x_wconf 88' lang='lat' dir='ltr'>aut</span> <span class='ocrx_word' id='word_1_116' title='bbox 500 1627 625 1706; x_wconf 83' lang='lat' dir='ltr'>excogit</span> <span class='ocrx_word' id='word_1_117' title='bbox 626 1646 660 1686; x_wconf 89' lang='lat' dir='ltr'>as</span> <span class='ocrx_word' id='word_1_118' title='bbox 683 1633 736 1686; x_wconf 89' lang='lat' dir='ltr'>aut</span> <span class='ocrx_word' id='word_1_119' title='bbox 756 1645 900 1686; x_wconf 86' lang='lat' dir='ltr'>exornas</span> 
     </span>
    </p>

    <p class='ocr_par' dir='ltr' id='par_1_10' title="bbox 166 1671 1100 1956">
     <span class='ocr_line' id='line_1_17' title="bbox 179 1671 1100 1789; baseline -0.004 -16.898"><span class='ocrx_word' id='word_1_120' title='bbox 202 1744 205 1750; x_wconf 95' lang='lat'>·</span> <span class='ocrx_word' id='word_1_121' title='bbox 179 1671 307 1785; x_wconf 85' lang='lat'>52)</span> <span class='ocrx_word' id='word_1_122' title='bbox 331 1709 418 1769; x_wconf 84' lang='lat' dir='ltr'>Mart.</span> <span class='ocrx_word' id='word_1_123' title='bbox 439 1708 531 1768; x_wconf 89' lang='lat' dir='ltr'>Vana</span> <span class='ocrx_word' id='word_1_124' title='bbox 551 1715 599 1769; x_wconf 91' lang='lat' dir='ltr'>est</span> <span class='ocrx_word' id='word_1_125' title='bbox 625 1708 738 1769; x_wconf 90' lang='lat' dir='ltr'>fiducia</span> <span class='ocrx_word' id='word_1_126' title='bbox 765 1709 870 1768; x_wconf 86' lang='lat' dir='ltr'>salutis</span> <span class='ocrx_word' id='word_1_127' title='bbox 899 1727 954 1788; x_wconf 90' lang='lat' dir='ltr'>per</span> <span class='ocrx_word' id='word_1_128' title='bbox 980 1709 1100 1789; x_wconf 78' lang='lat' dir='ltr'>literae¹</span> 
     </span>
     <span class='ocr_line' id='line_1_18' title="bbox 166 1792 1087 1872; baseline 0.001 -22"><span class='ocrx_word' id='word_1_129' title='bbox 166 1792 340 1869; x_wconf 78' lang='lat' dir='ltr'>ceniarum,</span> <span class='ocrx_word' id='word_1_130' title='bbox 370 1793 462 1851; x_wconf 86' lang='lat' dir='ltr'>etiam</span> <span class='ocrx_word' id='word_1_131' title='bbox 492 1793 517 1851; x_wconf 86' lang='lat' dir='ltr'>si</span> <span class='ocrx_word' id='word_1_132' title='bbox 545 1793 789 1869; x_wconf 83' lang='lat' dir='ltr'>commissarius,</span> <span class='ocrx_word' id='word_1_133' title='bbox 819 1792 882 1852; x_wconf 88' lang='lat' dir='ltr'>imo</span> <span class='ocrx_word' id='word_1_134' title='bbox 910 1798 992 1871; x_wconf 86' lang='lat' dir='ltr'>papa</span> <span class='ocrx_word' id='word_1_135' title='bbox 1020 1792 1087 1872; x_wconf 90' lang='lat' dir='ltr'>ipse</span> 
     </span>
     <span class='ocr_line' id='line_1_19' title="bbox 167 1874 821 1956; baseline 0.002 -22"><span class='ocrx_word' id='word_1_136' title='bbox 167 1874 301 1934; x_wconf 81' lang='lat' dir='ltr'>aninram</span> <span class='ocrx_word' id='word_1_137' title='bbox 324 1893 409 1934; x_wconf 87' lang='lat' dir='ltr'>suam</span> <span class='ocrx_word' id='word_1_138' title='bbox 431 1893 487 1954; x_wconf 87' lang='lat' dir='ltr'>pro</span> <span class='ocrx_word' id='word_1_139' title='bbox 509 1874 569 1933; x_wconf 89' lang='lat' dir='ltr'>illis</span> <span class='ocrx_word' id='word_1_140' title='bbox 592 1876 821 1956; x_wconf 81' lang='lat' dir='ltr'>impignoraret.</span> 
     </span>
    </p>

    <p class='ocr_par' dir='ltr' id='par_1_11' title="bbox 86 1956 1088 2516">
     <span class='ocr_line' id='line_1_20' title="bbox 189 1956 1088 2036; baseline -0.001 -19"><span class='ocrx_word' id='word_1_141' title='bbox 189 1988 192 1999; x_wconf 85' lang='lat'><strong>·</strong></span> <span class='ocrx_word' id='word_1_142' title='bbox 250 1957 303 2019; x_wconf 82' lang='lat' dir='ltr'>Sil.</span> <span class='ocrx_word' id='word_1_143' title='bbox 326 1957 417 2017; x_wconf 88' lang='lat' dir='ltr'>Vana</span> <span class='ocrx_word' id='word_1_144' title='bbox 438 1963 486 2017; x_wconf 91' lang='lat' dir='ltr'>est</span> <span class='ocrx_word' id='word_1_145' title='bbox 506 1959 565 2017; x_wconf 87' lang='lat' dir='ltr'>ista</span> <span class='ocrx_word' id='word_1_146' title='bbox 575 1966 627 2017; x_wconf 85' lang='lat' dir='ltr'>tua</span> <span class='ocrx_word' id='word_1_147' title='bbox 639 1958 810 2035; x_wconf 87' lang='lat' dir='ltr'>conclusio,</span> <span class='ocrx_word' id='word_1_148' title='bbox 833 1965 865 2017; x_wconf 89' lang='lat' dir='ltr'>et</span> <span class='ocrx_word' id='word_1_149' title='bbox 878 1956 1001 2032; x_wconf 84' lang='lat' dir='ltr'>similes,</span> <span class='ocrx_word' id='word_1_150' title='bbox 1017 1957 1088 2036; x_wconf 90' lang='lat' dir='ltr'>quia</span> 
     </span>
     <span class='ocr_line' id='line_1_21' title="bbox 168 2039 1088 2118; baseline -0.002 -18"><span class='ocrx_word' id='word_1_151' title='bbox 168 2041 275 2100; x_wconf 82' lang='lat' dir='ltr'>nullus</span> <span class='ocrx_word' id='word_1_152' title='bbox 292 2046 339 2101; x_wconf 89' lang='lat' dir='ltr'>est</span> <span class='ocrx_word' id='word_1_153' title='bbox 359 2047 421 2100; x_wconf 84' lang='lat' dir='ltr'>tarn</span> <span class='ocrx_word' id='word_1_154' title='bbox 433 2039 552 2118; x_wconf 88' lang='lat' dir='ltr'>stultus,</span> <span class='ocrx_word' id='word_1_155' title='bbox 574 2048 608 2100; x_wconf 93' lang='grc' dir='ltr'>ιιι</span> <span class='ocrx_word' id='word_1_156' title='bbox 621 2040 750 2101; x_wconf 87' lang='lat' dir='ltr'>salutem</span> <span class='ocrx_word' id='word_1_157' title='bbox 765 2060 850 2100; x_wconf 90' lang='lat' dir='ltr'>suam</span> <span class='ocrx_word' id='word_1_158' title='bbox 864 2040 974 2101; x_wconf 84' lang='lat' dir='ltr'>talibus</span> <span class='ocrx_word' id='word_1_159' title='bbox 993 2041 1088 2100; x_wconf 86' lang='lat' dir='ltr'>literis</span> 
     </span>
     <span class='ocr_line' id='line_1_22' title="bbox 163 2122 1088 2204; baseline -0.002 -20"><span class='ocrx_word' id='word_1_160' title='bbox 163 2125 339 2184; x_wconf 78' lang='lat' dir='ltr'>committat</span> <span class='ocrx_word' id='word_1_161' title='bbox 361 2124 427 2183; x_wconf 89' lang='lat' dir='ltr'>sine</span> <span class='ocrx_word' id='word_1_162' title='bbox 448 2123 607 2185; x_wconf 82' lang='lat' dir='ltr'>voluntate</span> <span class='ocrx_word' id='word_1_163' title='bbox 628 2123 807 2204; x_wconf 90' lang='lat' dir='ltr'>poenitendi</span> <span class='ocrx_word' id='word_1_164' title='bbox 831 2122 880 2183; x_wconf 87' lang='lat' dir='ltr'>vel</span> <span class='ocrx_word' id='word_1_165' title='bbox 902 2124 1020 2201; x_wconf 87' lang='lat' dir='ltr'>statim,</span> <span class='ocrx_word' id='word_1_166' title='bbox 1037 2123 1088 2183; x_wconf 81' lang='lat' dir='ltr'>vel</span> 
     </span>
     <span class='ocr_line' id='line_1_23' title="bbox 86 2206 1086 2286; baseline -0.001 -20"><span class='ocrx_word' id='word_1_167' title='bbox 86 2228 103 2241; x_wconf 36' lang='grc' dir='ltr'><strong>κ</strong></span> <span class='ocrx_word' id='word_1_168' title='bbox 168 2206 306 2284; x_wconf 87' lang='lat' dir='ltr'>taudem,</span> <span class='ocrx_word' id='word_1_169' title='bbox 335 2206 450 2266; x_wconf 89' lang='lat' dir='ltr'>sedtu</span> <span class='ocrx_word' id='word_1_170' title='bbox 472 2206 584 2266; x_wconf 91' lang='lat' dir='ltr'>videris</span> <span class='ocrx_word' id='word_1_171' title='bbox 614 2207 699 2286; x_wconf 89' lang='lat' dir='ltr'>loqui</span> <span class='ocrx_word' id='word_1_172' title='bbox 721 2225 783 2267; x_wconf 90' lang='lat' dir='ltr'>non</span> <span class='ocrx_word' id='word_1_173' title='bbox 807 2206 998 2286; x_wconf 80' lang='lat' dir='ltr'>theologice,</span> <span class='ocrx_word' id='word_1_174' title='bbox 1030 2206 1086 2266; x_wconf 87' lang='lat' dir='ltr'>sed</span> 
     </span>
     <span class='ocr_line' id='line_1_24' title="bbox 165 2288 1086 2371; baseline -0.002 -21"><span class='ocrx_word' id='word_1_175' title='bbox 165 2290 356 2370; x_wconf 84' lang='lat' dir='ltr'>tragoediae,</span> <span class='ocrx_word' id='word_1_176' title='bbox 378 2289 432 2349; x_wconf 84' lang='lat' dir='ltr'>sd</span> <span class='ocrx_word' id='word_1_177' title='bbox 440 2306 528 2349; x_wconf 85' lang='lat' dir='ltr'>aures</span> <span class='ocrx_word' id='word_1_178' title='bbox 550 2289 735 2371; x_wconf 86' lang='lat' dir='ltr'>populorum</span> <span class='ocrx_word' id='word_1_179' title='bbox 758 2288 993 2367; x_wconf 83' lang='lat' dir='ltr'>exhauriendas,</span> <span class='ocrx_word' id='word_1_180' title='bbox 1017 2289 1086 2349; x_wconf 86' lang='lat' dir='ltr'>vide</span> 
     </span>
     <span class='ocr_line' id='line_1_25' title="bbox 168 2371 1086 2463; baseline 0 -31"><span class='ocrx_word' id='word_1_181' title='bbox 168 2379 280 2449; x_wconf 82' lang='lat' dir='ltr'>antem,</span> <span class='ocrx_word' id='word_1_182' title='bbox 302 2391 343 2432; x_wconf 90' lang='lat' dir='ltr'>ne</span> <span class='ocrx_word' id='word_1_183' title='bbox 365 2372 469 2433; x_wconf 85' lang='lat' dir='ltr'>divino</span> <span class='ocrx_word' id='word_1_184' title='bbox 493 2371 604 2432; x_wconf 91' lang='lat' dir='ltr'>iudicio</span> <span class='ocrx_word' id='word_1_185' title='bbox 627 2373 700 2433; x_wconf 90' lang='lat' dir='ltr'>inde</span> <span class='ocrx_word' id='word_1_186' title='bbox 723 2373 885 2453; x_wconf 83' lang='lat' dir='ltr'>exhaurias</span> <span class='ocrx_word' id='word_1_187' title='bbox 908 2372 1086 2463; x_wconf 85' lang='lat' dir='ltr'>maledicta,</span> 
     </span>
     <span class='ocr_line' id='line_1_26' title="bbox 166 2457 552 2516; baseline 0.003 -1"><span class='ocrx_word' id='word_1_188' title='bbox 166 2457 323 2516; x_wconf 72' lang='lat' dir='ltr'>incisiones</span> <span class='ocrx_word' id='word_1_189' title='bbox 346 2462 552 2516; x_wconf 83' lang='lat' dir='ltr'>e.tcensuras</span> 
     </span>
    </p>

    <p class='ocr_par' dir='ltr' id='par_1_12' title="bbox 166 2537 1085 2784">
     <span class='ocr_line' id='line_1_27' title="bbox 250 2537 1083 2618; baseline -0.007 -15"><span class='ocrx_word' id='word_1_190' title='bbox 250 2541 307 2617; x_wconf 82' lang='lat'>53)</span> <span class='ocrx_word' id='word_1_191' title='bbox 332 2539 419 2599; x_wconf 85' lang='lat' dir='ltr'>Mart.</span> <span class='ocrx_word' id='word_1_192' title='bbox 441 2539 554 2600; x_wconf 87' lang='lat' dir='ltr'>Hostes</span> <span class='ocrx_word' id='word_1_193' title='bbox 566 2537 678 2598; x_wconf 81' lang='lat' dir='ltr'>Christi</span> <span class='ocrx_word' id='word_1_194' title='bbox 700 2546 731 2598; x_wconf 87' lang='lat' dir='ltr'>et</span> <span class='ocrx_word' id='word_1_195' title='bbox 752 2558 852 2618; x_wconf 87' lang='lat' dir='ltr'>papae</span> <span class='ocrx_word' id='word_1_196' title='bbox 875 2544 947 2598; x_wconf 85' lang='lat' dir='ltr'>sunt</span> <span class='ocrx_word' id='word_1_197' title='bbox 967 2538 1009 2617; x_wconf 85' lang='lat' dir='ltr'>hi,¹</span> <span class='ocrx_word' id='word_1_198' title='bbox 1031 2538 1083 2617; x_wconf 89' lang='lat' dir='ltr'>qui</span> 
     </span>
     <span class='ocr_line' id='line_1_28' title="bbox 166 2621 1085 2703; baseline -0.003 -21"><span class='ocrx_word' id='word_1_199' title='bbox 166 2623 426 2703; x_wconf 84' lang='lat' dir='ltr'>propter·venics</span> <span class='ocrx_word' id='word_1_200' title='bbox 462 2621 684 2702; x_wconf 84' lang='lat' dir='ltr'>praedicandas</span> <span class='ocrx_word' id='word_1_201' title='bbox 714 2622 838 2682; x_wconf 85' lang='lat' dir='ltr'>verbum</span> <span class='ocrx_word' id='word_1_202' title='bbox 868 2622 924 2681; x_wconf 90' lang='lat' dir='ltr'>Dei</span> <span class='ocrx_word' id='word_1_203' title='bbox 955 2622 985 2680; x_wconf 92' lang='lat' dir='ltr'>in</span> <span class='ocrx_word' id='word_1_204' title='bbox 1016 2622 1085 2681; x_wconf 88' lang='lat' dir='ltr'>aliis</span> 
     </span>
     <span class='ocr_line' id='line_1_29' title="bbox 167 2703 697 2784; baseline -0.002 -19"><span class='ocrx_word' id='word_1_205' title='bbox 167 2705 305 2766; x_wconf 75' lang='lat' dir='ltr'>aeclesiis</span> <span class='ocrx_word' id='word_1_206' title='bbox 327 2707 448 2784; x_wconf 87' lang='lat' dir='ltr'>penitus</span> <span class='ocrx_word' id='word_1_207' title='bbox 471 2706 561 2765; x_wconf 90' lang='lat' dir='ltr'>silere</span> <span class='ocrx_word' id='word_1_208' title='bbox 582 2703 697 2765; x_wconf 88' lang='lat' dir='ltr'>iubent.</span> 
     </span>
    </p>

    <p class='ocr_par' dir='ltr' id='par_1_13' title="bbox 125 2786 1085 3629">
     <span class='ocr_line' id='line_1_30' title="bbox 250 2786 1084 2865; baseline -0.004 -16"><span class='ocrx_word' id='word_1_209' title='bbox 250 2788 302 2849; x_wconf 85' lang='lat' dir='ltr'>Sil.</span> <span class='ocrx_word' id='word_1_210' title='bbox 324 2789 412 2848; x_wconf 82' lang='lat' dir='ltr'>Raris</span> <span class='ocrx_word' id='word_1_211' title='bbox 435 2789 541 2849; x_wconf 87' lang='lat' dir='ltr'>erebra</span> <span class='ocrx_word' id='word_1_212' title='bbox 554 2788 663 2848; x_wconf 90' lang='lat' dir='ltr'>cedere</span> <span class='ocrx_word' id='word_1_213' title='bbox 678 2793 915 2865; x_wconf 79' lang='lat' dir='ltr'>consueverunt,</span> <span class='ocrx_word' id='word_1_214' title='bbox 940 2789 989 2846; x_wconf 68' lang='lat' dir='ltr'>sic.</span> <span class='ocrx_word' id='word_1_215' title='bbox 1006 2786 1084 2846; x_wconf 88' lang='lat' dir='ltr'>cele·</span> 
     </span>
     <span class='ocr_line' id='line_1_31' title="bbox 166 2869 1085 2949; baseline -0.002 -17"><span class='ocrx_word' id='word_1_216' title='bbox 166 2871 248 2932; x_wconf 88' lang='lat' dir='ltr'>brius</span> <span class='ocrx_word' id='word_1_217' title='bbox 259 2871 371 2932; x_wconf 89' lang='lat' dir='ltr'>colitur</span> <span class='ocrx_word' id='word_1_218' title='bbox 387 2872 506 2932; x_wconf 85' lang='lat' dir='ltr'>annalis</span> <span class='ocrx_word' id='word_1_219' title='bbox 522 2872 690 2939; x_wconf 83' lang='lat' dir='ltr'>solennitas</span> <span class='ocrx_word' id='word_1_220' title='bbox 706 2879 891 2949; x_wconf 84' lang='lat' dir='ltr'>sanctornm,</span> <span class='ocrx_word' id='word_1_221' title='bbox 909 2888 1000 2949; x_wconf 89' lang='lat' dir='ltr'>quam</span> <span class='ocrx_word' id='word_1_222' title='bbox 1019 2869 1085 2930; x_wconf 83' lang='lat' dir='ltr'>aab·</span> 
     </span>
     <span class='ocr_line' id='line_1_32' title="bbox 166 2954 1085 3034; baseline -0.003 -19"><span class='ocrx_word' id='word_1_223' title='bbox 166 2955 273 3015; x_wconf 72' lang='lat' dir='ltr'>basina</span> <span class='ocrx_word' id='word_1_224' title='bbox 293 2955 351 3014; x_wconf 85' lang='lat' dir='ltr'>Dei</span> <span class='ocrx_word' id='word_1_225' title='bbox 384 2956 503 3033; x_wconf 86' lang='lat' dir='ltr'>matris,</span> <span class='ocrx_word' id='word_1_226' title='bbox 533 2962 586 3014; x_wconf 88' lang='lat' dir='ltr'>aut</span> <span class='ocrx_word' id='word_1_227' title='bbox 613 2973 694 3034; x_wconf 90' lang='lat' dir='ltr'>pene</span> <span class='ocrx_word' id='word_1_228' title='bbox 723 2954 902 3033; x_wconf 84' lang='lat' dir='ltr'>quotidiana</span> <span class='ocrx_word' id='word_1_229' title='bbox 933 2954 1085 3013; x_wconf 81' lang='lat' dir='ltr'>trinitatis.</span> 
     </span>
     <span class='ocr_line' id='line_1_33' title="bbox 167 3037 1084 3116; baseline -0.003 -18"><span class='ocrx_word' id='word_1_230' title='bbox 167 3037 225 3098; x_wconf 75' lang='lat' dir='ltr'>siu</span> <span class='ocrx_word' id='word_1_231' title='bbox 259 3057 299 3097; x_wconf 87' lang='lat' dir='ltr'>ex</span> <span class='ocrx_word' id='word_1_232' title='bbox 336 3056 429 3096; x_wconf 87' lang='lat' dir='ltr'>causa</span> <span class='ocrx_word' id='word_1_233' title='bbox 463 3038 605 3098; x_wconf 84' lang='lat' dir='ltr'>Pontifex</span> <span class='ocrx_word' id='word_1_234' title='bbox 646 3039 755 3116; x_wconf 90' lang='lat' dir='ltr'>cuique</span> <span class='ocrx_word' id='word_1_235' title='bbox 786 3037 986 3097; x_wconf 77' lang='lat' dir='ltr'>declamatori</span> <span class='ocrx_word' id='word_1_236' title='bbox 1003 3059 1006 3063; x_wconf 60' lang='grc'>’</span> <span class='ocrx_word' id='word_1_237' title='bbox 1026 3055 1084 3114; x_wconf 88' lang='lat' dir='ltr'>pro</span> 
     </span>
     <span class='ocr_line' id='line_1_34' title="bbox 165 3117 1084 3201; baseline -0.002 -21"><span class='ocrx_word' id='word_1_238' title='bbox 165 3120 237 3182; x_wconf 85' lang='lat' dir='ltr'>loco</span> <span class='ocrx_word' id='word_1_239' title='bbox 260 3127 291 3180; x_wconf 88' lang='lat' dir='ltr'>et</span> <span class='ocrx_word' id='word_1_240' title='bbox 313 3127 452 3200; x_wconf 88' lang='lat' dir='ltr'>tempore</span> <span class='ocrx_word' id='word_1_241' title='bbox 473 3120 622 3201; x_wconf 83' lang='lat' dir='ltr'>indulget,</span> <span class='ocrx_word' id='word_1_242' title='bbox 645 3128 678 3180; x_wconf 93' lang='lat' dir='ltr'>ut</span> <span class='ocrx_word' id='word_1_243' title='bbox 699 3121 767 3181; x_wconf 87' lang='lat' dir='ltr'>aliis</span> <span class='ocrx_word' id='word_1_244' title='bbox 782 3120 936 3180; x_wconf 88' lang='lat' dir='ltr'>silentium</span> <span class='ocrx_word' id='word_1_245' title='bbox 958 3117 1084 3198; x_wconf 81' lang='lat' dir='ltr'>indicat,</span> 
     </span>
     <span class='ocr_line' id='line_1_35' title="bbox 167 3203 1085 3284; baseline -0.002 -21"><span class='ocrx_word' id='word_1_246' title='bbox 167 3222 227 3282; x_wconf 90' lang='lat' dir='ltr'>quo</span> <span class='ocrx_word' id='word_1_247' title='bbox 255 3204 403 3284; x_wconf 87' lang='lat' dir='ltr'>populum</span> <span class='ocrx_word' id='word_1_248' title='bbox 449 3203 562 3264; x_wconf 87' lang='lat' dir='ltr'>habeat</span> <span class='ocrx_word' id='word_1_249' title='bbox 602 3205 857 3282; x_wconf 76' lang='lat' dir='ltr'>frequentiorem,</span> <span class='ocrx_word' id='word_1_250' title='bbox 887 3210 920 3262; x_wconf 88' lang='grc' dir='ltr'>ιιι</span> <span class='ocrx_word' id='word_1_251' title='bbox 961 3203 1085 3280; x_wconf 84' lang='lat' dir='ltr'>inquisi-</span> 
     </span>
     <span class='ocr_line' id='line_1_36' title="bbox 125 3285 1085 3382; baseline -0.005 -33"><span class='ocrx_word' id='word_1_252' title='bbox 125 3339 130 3350; x_wconf 90' lang='lat'>.</span> <span class='ocrx_word' id='word_1_253' title='bbox 166 3290 241 3365; x_wconf 90' lang='lat' dir='ltr'>tori,</span> <span class='ocrx_word' id='word_1_254' title='bbox 278 3295 371 3366; x_wconf 92' lang='lat' dir='ltr'>utque</span> <span class='ocrx_word' id='word_1_255' title='bbox 408 3287 579 3366; x_wconf 87' lang='lat' dir='ltr'>ordinario,</span> <span class='ocrx_word' id='word_1_256' title='bbox 615 3286 697 3364; x_wconf 89' lang='lat' dir='ltr'>quod</span> <span class='ocrx_word' id='word_1_257' title='bbox 731 3294 835 3382; x_wconf 80' lang='lat' dir='ltr'>potest</span> <span class='ocrx_word' id='word_1_258' title='bbox 865 3285 1085 3346; x_wconf 79' lang='lat' dir='ltr'>commendari.</span> 
     </span>
     <span class='ocr_line' id='line_1_37' title="bbox 165 3370 1084 3451; baseline -0.004 -21"><span class='ocrx_word' id='word_1_259' title='bbox 165 3370 313 3431; x_wconf 82' lang='lat' dir='ltr'>Astruere</span> <span class='ocrx_word' id='word_1_260' title='bbox 333 3389 407 3430; x_wconf 88' lang='lat' dir='ltr'>vero</span> <span class='ocrx_word' id='word_1_261' title='bbox 431 3389 531 3451; x_wconf 80' lang='lat' dir='ltr'>papae</span> <span class='ocrx_word' id='word_1_262' title='bbox 553 3371 659 3431; x_wconf 87' lang='lat' dir='ltr'>hostes</span> <span class='ocrx_word' id='word_1_263' title='bbox 683 3389 761 3449; x_wconf 83' lang='lat' dir='ltr'>esse,</span> <span class='ocrx_word' id='word_1_264' title='bbox 785 3372 835 3449; x_wconf 91' lang='lat' dir='ltr'>qui</span> <span class='ocrx_word' id='word_1_265' title='bbox 858 3389 926 3428; x_wconf 92' lang='lat' dir='ltr'>cum</span> <span class='ocrx_word' id='word_1_266' title='bbox 949 3388 1005 3428; x_wconf 86' lang='lat' dir='ltr'>sua</span> <span class='ocrx_word' id='word_1_267' title='bbox 1018 3388 1084 3449; x_wconf 84' lang='lat' dir='ltr'>g-ra</span> 
     </span>
     <span class='ocr_line' id='line_1_38' title="bbox 164 3452 1084 3584; baseline -0.004 -70"><span class='ocrx_word' id='word_1_268' title='bbox 164 3455 260 3514; x_wconf 87' lang='lat' dir='ltr'>ticet</span> <span class='ocrx_word' id='word_1_269' title='bbox 282 3453 477 3532; x_wconf 83' lang='lat' dir='ltr'>beneplacito</span> <span class='ocrx_word' id='word_1_270' title='bbox 501 3459 675 3534; x_wconf 84' lang='lat' dir='ltr'>operantur,</span> <span class='ocrx_word' id='word_1_271' title='bbox 698 3456 853 3514; x_wconf 84' lang='lat' dir='ltr'>autetiam</span> <span class='ocrx_word' id='word_1_272' title='bbox 867 3453 934 3584; x_wconf 87' lang='lat' dir='ltr'>Dei,</span> <span class='ocrx_word' id='word_1_273' title='bbox 960 3452 1033 3512; x_wconf 88' lang='lat' dir='ltr'>stult</span> <span class='ocrx_word' id='word_1_274' title='bbox 1021 3459 1084 3512; x_wconf 87' lang='lat' dir='ltr'>tum</span> 
     </span>
     <span class='ocr_line' id='line_1_39' title="bbox 165 3536 456 3658; baseline 0 -62"><span class='ocrx_word' id='word_1_275' title='bbox 165 3536 377 3658; x_wconf 50' lang='lat' dir='ltr'>earidiculum</span> <span class='ocrx_word' id='word_1_276' title='bbox 400 3544 456 3596; x_wconf 87' lang='lat' dir='ltr'>est.</span> 
     </span>
    </p>

    <p class='ocr_par' dir='ltr' id='par_1_14' title="bbox 165 3618 1085 3864">
     <span class='ocr_line' id='line_1_40' title="bbox 248 3618 1084 3694; baseline -0.011 -10"><span class='ocrx_word' id='word_1_277' title='bbox 248 3621 304 3692; x_wconf 73' lang='lat' dir='ltr'>ol)</span> <span class='ocrx_word' id='word_1_278' title='bbox 330 3619 416 3679; x_wconf 88' lang='lat' dir='ltr'>Mart.</span> <span class='ocrx_word' id='word_1_279' title='bbox 441 3618 607 3679; x_wconf 85' lang='lat' dir='ltr'>luiurialit</span> <span class='ocrx_word' id='word_1_280' title='bbox 629 3619 802 3694; x_wconf 89' lang='lat' dir='ltr'>verboDe1</span> <span class='ocrx_word' id='word_1_281' title='bbox 826 3619 950 3678; x_wconf 81' lang='lat' dir='ltr'>duurrn</span> <span class='ocrx_word' id='word_1_282' title='bbox 973 3618 1084 3677; x_wconf 84' lang='lat' dir='ltr'>eodem</span> 
     </span>
     <span class='ocr_line' id='line_1_41' title="bbox 165 3701 1085 3783; baseline -0.002 -21"><span class='ocrx_word' id='word_1_283' title='bbox 165 3722 308 3762; x_wconf 87' lang='lat' dir='ltr'>sermone</span> <span class='ocrx_word' id='word_1_284' title='bbox 342 3702 471 3782; x_wconf 89' lang='lat' dir='ltr'>aequale</span> <span class='ocrx_word' id='word_1_285' title='bbox 500 3703 549 3762; x_wconf 89' lang='lat' dir='ltr'>vel</span> <span class='ocrx_word' id='word_1_286' title='bbox 591 3703 712 3783; x_wconf 83' lang='lat' dir='ltr'>longius</span> <span class='ocrx_word' id='word_1_287' title='bbox 745 3710 865 3782; x_wconf 84' lang='lat' dir='ltr'>tempus</span> <span class='ocrx_word' id='word_1_288' title='bbox 899 3701 1085 3782; x_wconf 87' lang='lat' dir='ltr'>impenditur</span> 
     </span>
     <span class='ocr_line' id='line_1_42' title="bbox 165 3785 486 3864; baseline -0.009 -17"><span class='ocrx_word' id='word_1_289' title='bbox 165 3787 266 3848; x_wconf 78' lang='lat' dir='ltr'>veniis</span> <span class='ocrx_word' id='word_1_290' title='bbox 285 3802 375 3864; x_wconf 86' lang='lat' dir='ltr'>quam</span> <span class='ocrx_word' id='word_1_291' title='bbox 392 3785 458 3848; x_wconf 56' lang='lat' dir='ltr'>illi„</span> <span class='ocrx_word' id='word_1_292' title='bbox 474 3812 486 3825; x_wconf 48' lang='lat' dir='ltr'>n</span> 
     </span>
    </p>
   </div>
   <div class='ocr_carea' id='block_1_9' title="bbox 0 0 1182 4200">
    <p class='ocr_par' dir='ltr' id='par_1_15' title="bbox 0 0 1182 4200">
     <span class='ocr_line' id='line_1_43' title="bbox 0 0 1182 4200; baseline 0 0"><span class='ocrx_word' id='word_1_293' title='bbox 0 0 1182 4200; x_wconf 95' lang='lat' dir='ltr'> </span> 
     </span>
    </p>
   </div>
  </div>
 </body>
</html>
