2356 4200
368 248 491 326 motu.
510 249 539 306 r.
559 248 626 306 srrv.
646 251 795 309 seuram.
1007 248 1047 314 ot

127 434 219 496 quam
231 417 331 497 gratia
343 418 446 479 meriti
460 419 609 499 praecise,
616 417 649 479 id
660 424 717 497 est,
733 418 843 481 melius
854 418 909 481 tibi
920 417 1049 498 videtur,

126 496 262 561 uthomo
279 518 341 561 uuo
363 498 447 562 bono
462 519 557 582 opere
574 507 606 562 et
627 503 735 563 merito
757 501 851 563 faciat
871 520 906 562 se
919 520 1050 563 vacuum

125 581 230 660 multis
241 572 330 642 boum
347 582 505 663 operibus,
527 603 688 645 erroneum
700 584 760 646 hoo
778 591 811 646 et
830 585 957 665 impium
968 603 1049 663 esse,

124 682 203 745 pace
217 671 282 743 tua,
297 665 400 728 credo.
422 665 550 747 Semper
571 674 603 727 tu
619 666 651 729 id
663 668 794 746 conaris,
818 674 852 729 ut
864 667 1050 731 veuiaenou

124 748 344 828 permissiones
367 755 399 809 et
419 747 562 811 licentiae
578 748 740 830 quaedam,
762 749 819 811 sed
839 750 1047 830 perfectiones

125 849 197 893 esse
224 829 394 892 videantur.
438 831 504 893 Scis
532 838 649 912 autem,
684 832 769 914 quod
797 833 921 894 lieentia
948 833 1048 893 omnis

125 910 242 997 nullam
264 912 358 975 habet
379 914 513 994 laudern,
536 934 594 975 nec
608 916 850 996 exhortationes,
871 917 940 995 nisi,
962 914 1048 996 quod

125 1006 192 1059 nou
212 1004 375 1075 peccatum
397 1004 460 1076 est,
483 1004 515 1058 et
535 996 741 1074 infirmorum,
769 999 872 1080 potius
892 999 1050 1078 pigrorum

125 1079 281 1141 solatium.
309 1079 375 1141 inno
398 1087 432 1141 ut
450 1079 503 1142 ilie
525 1082 685 1143 verissime
705 1081 798 1143 dixit:
826 1081 965 1143 Licentia
986 1099 1049 1144 om·

126 1181 190 1225 nes.
204 1161 374 1226 deteriores
392 1183 513 1240 sumus,
541 1164 584 1224 ita
611 1165 643 1225 in
666 1165 779 1244 veniis,
809 1162 966 1244 quomodo
995 1176 1054 1244 po·'

124 1252 188 1307 test
209 1245 318 1307 melior
334 1244 400 1307 fieri
422 1248 677 1327 concomitanter,
698 1253 732 1309 ut
749 1247 790 1308 du
812 1247 898 1325 diois,
920 1247 972 1326 qui
994 1265 1050 1327 per

126 1347 180 1391 eas
203 1334 250 1390 tot
272 1329 386 1389 meritis
407 1327 443 1389 fit
464 1329 586 1391 minor?
609 1336 640 1390 et
653 1329 754 1391 solum
777 1330 960 1410 permittitur
981 1346 1050 1390 esse

124 1411 271 1488 deterior,
293 1419 327 1471 tu
343 1417 446 1472 autem
469 1419 499 1472 et
520 1411 651 1474 suadere
672 1414 718 1473 vis
740 1420 774 1473 ut
794 1414 835 1473 sit
855 1412 998 1475 deterior.

209 1493 271 1555 Sed
293 1493 452 1555 videamus
474 1501 577 1557 tamen
604 1496 820 1574 probationem
848 1502 947 1575 tuam,
978 1495 1051 1574 quia

124 1577 184 1655 ibi,
212 1577 330 1655 inquis,
367 1576 487 1638 scilicet
510 1579 543 1640 in
565 1597 661 1657 opere
682 1597 739 1657 pro
761 1578 859 1639 veniis
882 1578 943 1639 duo
966 1576 1051 1639 bona

126 1665 207 1733 sunt,
231 1660 350 1720 scilicet
372 1660 513 1721 meritum
536 1667 568 1720 et
598 1658 731 1722 sublatio
752 1659 967 1742 impedientis,
999 1658 1051 1721 hic

126 1761 202 1805 vero
219 1743 342 1804 unicum
366 1750 413 1803 εει
433 1750 491 1804 ειε.

208 1824 413 1904 Respondeo:
446 1824 545 1899 Quam
573 1824 711 1887 studiose
733 1825 850 1889 claudis
873 1823 998 1902 oculos,
1019 1832 1051 1885 et

123 1909 156 1971 iu
180 1912 290 1989 aperta
311 1907 380 1969 luce
402 1909 522 1988 quaeris
545 1908 696 1970 tenebras.
738 1908 862 1985 Fateor,
881 1906 944 1968 duo
969 1906 1052 1969 bona

124 1997 197 2053 sunt
216 1990 269 2071 ibi,
290 1990 323 2050 id
345 1996 402 2069 est,
423 1991 564 2052 meritum
588 1996 620 2052 et
636 1991 777 2053 remissio
801 1991 965 2051 multorum
987 2009 1050 2051 me·

123 2075 269 2151 ritorum,
290 2072 372 2153 quod
395 2072 510 2134 bonurn
532 2080 580 2134 est
600 2075 742 2218 pigritiae
763 2074 880 2150 caruis,
913 2079 945 2132 et
967 2071 1050 2133 dam·

124 2176 202 2218 uum·
222 2157 370 2237 optimum
393 2157 578 2236 optimorum
622 2175 768 2235 oncrum,
784 2163 817 2218 et
830 2154 964 2217 sublatio
987 2155 1050 2234 qui·

125 2239 199 2301 dem
220 2238 425 2319 impedientis,
448 2239 566 2301 scilicet
588 2239 627 2300 ad
649 2241 765 2320 peiora.

210 2322 369 2400 Secundo,
390 2321 450 2400 hic,
472 2321 502 2381 id
526 2329 589 2401 est,
620 2324 651 2382 in
673 2342 768 2402 opere
789 2323 856 2382 sine
877 2320 975 2382 veniis
1000 2319 1050 2394 (id

126 2413 189 2484 est,
234 2410 434 2486 permanente
477 2405 703 2479 satisfactione)
742 2424 805 2467 non
844 2405 967 2465 unicum
1003 2409 1051 2465 est

127 2495 258 2567 tautum,
281 2488 334 2549 sed
349 2493 403 2566 tot,
427 2493 502 2566 quot
516 2490 631 2548 suntin
644 2495 710 2549 tota
731 2487 949 2565 satisfactione,
971 2503 1050 2565 quas

127 2579 175 2634 est
197 2572 314 2652 optima
343 2577 375 2631 ει
403 2572 573 2650 meritoria,
611 2570 743 2632 sublatio
766 2571 903 2632 omnium
924 2567 1050 2649 impedi·

128 2661 301 2716 mentorum
323 2653 452 2734 gloriae.
502 2652 542 2713 Et
573 2653 643 2733 quid
680 2653 796 2715 multa?
825 2654 852 2715 si
883 2659 936 2713 tuo
968 2650 1051 2712 dicta

125 2746 211 2803 recte
231 2737 436 2817 intelligeres,
458 2735 578 2796 videres
601 2736 655 2797 tibi
677 2756 746 2798 esse
767 2754 890 2797 causam
913 2752 1049 2814 assump

125 2828 190 2883 tum
227 2819 421 2900 vituperandi
458 2818 541 2880 bona
569 2839 679 2901 opera,
715 2826 746 2879 et
774 2816 919 2879 laudandi
946 2818 1050 2878 remis·

129 2905 235 2971 siones
258 2901 443 2979 eorundem,
476 2901 559 2981 quod
580 2903 852 2963 horrendissimum
884 2902 980 2962 estin
1002 2917 1050 2960 ee

127 2987 224 3048 clesia
245 2984 352 3046 audiri.
384 2984 458 3046 Ideo
474 3003 542 3044 cum
564 2983 676 3044 fiducia
692 2983 766 3045 mihi
788 2985 904 3064 sumpsi
926 3001 1050 3044 causam

125 3067 273 3130 laudandi
294 3068 377 3129 bona
402 3087 506 3148 opera,
529 3075 710 3128 nontamen
726 3066 920 3146 vituperandi
933 3066 1049 3126 venias.

126 3151 281 3214 Abstrahe
302 3150 455 3211 vocabula
476 3150 567 3218 haec,
588 3150 810 3231 indulgentias,
833 3151 954 3225 venias,
977 3158 1007 3209 ει
1018 3145 1048 3229 ¹)

126 3235 236 3297 relicta
257 3234 405 3315 opinione
427 3253 492 3295 rem
510 3234 639 3312 intuere,
662 3242 692 3294 et
712 3232 841 3311 videbis,
863 3239 894 3294 te
914 3250 977 3292 nou
997 3230 1052 3292 bo-

126 3337 202 3380 num
224 3336 281 3379 uec
308 3317 410 3378 bonae
442 3335 555 3377 causae
576 3324 748 3396 patronum.
792 3314 873 3391 Quid
894 3316 975 3387 enim
997 3331 1051 3394 po-

126 3407 188 3463 test
209 3401 303 3462 etiam
323 3401 393 3478 ipsa
414 3400 544 3460 ecclesia
567 3419 607 3459 ex
627 3400 724 3461 veniis
742 3400 855 3478 iacere,
876 3398 934 3459 nisi
947 3397 1051 3458 remis-

112 3485 248 3549 sionem
283 3481 545 3544 satisfactionum?
580 3481 661 3558 Quid
696 3488 798 3544 autem
831 3487 937 3564 potest
963 3480 1050 3541 satia·

200 3743 231 3812 1)
256 3743 286 3798 In
306 3742 350 3798 ed:
368 3743 429 3798 Jen.
450 3741 538 3813 deestz
559 3748 594 3796 et.
