2356 4200
122 250 187 318 496
408 249 489 307 um.
505 247 584 305 tnta
602 248 736 307 umnam
855 271 859 299 :
925 290 928 295 .

5 476 40 499 ,..
125 442 235 487 meam.
278 419 359 498 Quid
381 420 595 502 ergoihabet
614 420 706 482 iidem
729 421 821 499 Petri,
843 439 920 501 ergo
943 417 1052 482 Petrus

125 513 174 571 eet
193 505 336 569 dominus
359 506 503 574 omnium,
525 507 613 567 iuxta
626 506 702 566 noui
721 504 811 564 huius
833 501 995 565 dialectici
1010 523 1052 565 re·

125 589 224 672 gulas.
254 585 319 650 seu
340 593 372 648 et
393 587 564 668 prophetae
590 589 623 648 in
644 593 750 649 vetere
771 585 977 656 Testamenta
1000 586 1050 647 ha·

126 673 257 735 buerunt
278 670 370 732 tidem
391 670 484 750 Petri,
506 671 593 735 siout.
670 670 719 731 lus
740 668 816 731 dicit
848 674 877 732 1.
899 669 982 732 Ocri
999 673 1052 736 10:

127 754 260 817 eandem
282 771 386 815 escam
399 752 572 816 manducer
596 760 599 765 '
627 748 630 753 ’
649 762 671 832 t,
693 772 769 835 ergo
785 752 979 814 fueruntsuh
1001 771 1052 833 po

127 844 239 922 testate
260 837 358 916 Petri,
389 842 443 896 aut
462 835 557 899 Eccio
580 838 728 918 magistro
751 834 1052 914 haeretici,iircrunt

209 921 290 999 Jam,
313 920 339 979 si
360 918 475 980 habere
496 918 588 982 fidem
605 920 689 982 Petri
710 926 759 982 cst
777 918 834 980 sub
855 920 951 981 Petro
975 937 1053 997 esse,

129 1023 222 1084 quam
243 1001 334 1063 fidem
357 1001 452 1064 hahet
472 1003 580 1065 Petrus
602 1003 695 1084 ipse?
723 1011 777 1064 aut
797 1002 854 1067 sub
878 1021 941 1084 quo
963 1002 1052 1063 Petro

129 1088 187 1148 erit
206 1085 299 1166 ipse?
334 1084 383 1147 Ita
404 1086 431 1146 si
451 1084 566 1149 hahere
595 1085 688 1149 fldem
711 1087 872 1148 Romanae
900 1085 1054 1147 ccclesiae

129 1176 176 1231 est
198 1169 254 1229 sub
268 1168 410 1229 Romana
431 1170 565 1230 ccclesia
587 1188 666 1249 esse,
690 1168 827 1247 subque
849 1168 989 1229 ecclesia
1009 1173 1054 1230 est

129 1251 218 1333 ipsa?
241 1271 281 1311 an
303 1250 359 1312 sub
382 1269 416 1310 sc
436 1252 515 1332 ipsa,
538 1255 611 1333 quia
629 1252 724 1314 habet
743 1270 829 1312 suum
854 1250 973 1333 idem?

213 1332 314 1395 Credo
341 1340 387 1414 tc,
409 1334 527 1415 lector,
550 1336 688 1398 iamdiu
709 1342 845 1396 saturum
868 1353 940 1396 esse
962 1334 1054 1395 insnh

130 1418 317 1479 sissimarnm
350 1417 475 1479 istarum
510 1421 690 1481 naeniarum
716 1419 819 1499 Eccii,
850 1438 928 1497 quas
958 1416 1055 1496 vides,

131 1519 223 1581 quam
245 1500 313 1562 sola
324 1503 526 1579 grammatica
545 1501 800 1584 potuissetlieeio
811 1500 939 1579 diluere,
963 1508 1055 1580 quam

130 1583 209 1644 ridet
230 1581 291 1644 dici
304 1583 411 1642 utilem
422 1585 462 1646 ad
484 1604 604 1646 sacram
626 1585 815 1667 scripturam
830 1585 940 1666 magis,
964 1602 1055 1664 quam

132 1686 188 1726 sua
210 1665 337 1726 sordida
357 1666 584 1746 phantasmata.

214 1748 355 1809 Eundem
377 1751 487 1812 iterum
499 1753 627 1834 allegat:
646 1751 767 1832 Typum
779 1752 940 1813 Romanae
958 1749 1056 1810 ecclc-

131 1834 196 1893 siae
222 1833 255 1891 in
287 1833 430 1895 omnibus
452 1836 618 1915 sequimur.
645 1827 766 1896 iit-nos
788 1853 877 1912 sane,
906 1840 1056 1912 quantum

132 1915 172 1976 ad
193 1913 285 1976 fidem
308 1917 426 1983 attinet.
454 1919 487 1979 ln
515 1919 584 1979 aliis
605 1918 789 1980 Ambrosius
822 1937 884 1979 non
906 1915 1057 1996 sequeba-

132 2009 193 2079 tur,
214 2019 285 2059 nam
308 1994 459 2063 sabbatho
482 2021 544 2063 non
566 2001 726 2062 ieiunabat
752 2019 821 2061 cum
843 2001 986 2062 Romana
1008 2017 1056 2059 ec

134 2082 244 2161 clesia,
272 2087 304 2142 et
324 2081 418 2145 habet
445 2083 499 2144 illa
521 2083 631 2146 eadem
664 2084 796 2161 ccclesia
816 2082 1059 2144 Mediolanensis

134 2185 229 2245 nsque
256 2166 288 2224 in
310 2163 391 2226 diem
413 2165 597 2229 hodiernum
624 2166 719 2229 alium
747 2173 855 2247 typum
886 2166 919 2226 in
940 2164 1072 2244 ritibus,

135 2267 225 2328 quam
248 2247 381 2311 ecclesia
396 2251 548 2317 Romana.
580 2249 664 2311 Nihil
697 2268 772 2330 ergo
809 2255 859 2310 est
878 2251 977 2309 firmus
1000 2250 1058 2309 iste

133 2332 286 2392 Eccianac
315 2332 525 2413 loquacitatis:
560 2332 721 2413 Sequimur
753 2341 862 2414 typum
894 2332 1057 2393 Romanae

134 2415 301 2494 ccclesiae,
338 2436 412 2496 ergo
435 2417 578 2478 Romana
610 2417 742 2477 ecclesia
767 2422 928 2496 estsuper
949 2432 1055 2475 omnes

134 2500 292 2561 ecclesias.
322 2499 457 2577 Sufficit,
487 2499 571 2579 quod
592 2499 687 2561 Eccio
710 2502 770 2560 ista
790 2498 978 2579 probentur,
1005 2497 1054 2574 qui

134 2602 193 2644 nec
222 2583 331 2663 dignus
363 2590 411 2643 cst
450 2583 628 2644 melioribus
661 2583 731 2644 duci
768 2581 955 2662 rationibus,
987 2579 1054 2659 quia

133 2672 245 2748 sponte
268 2685 402 2727 errorem
426 2669 571 2747 sequitur.

215 2750 307 2810 Nono
330 2753 438 2810 iterum
462 2751 663 2831 Augustinus:
693 2749 728 2809 In
749 2749 892 2809 Romana
927 2747 1056 2808 ecclesia

135 2851 256 2911 semper
300 2833 492 2913 apostolicae
532 2828 696 2894 cathedrae
729 2832 825 2911 viguit
859 2832 1056 2912 principatus.

134 2914 263 2993 Manhu,
285 2916 371 2976 Eccii
399 2918 589 2997 Augustinus
623 2914 788 2976 ecclesiam
809 2914 986 2975 Romanam
1008 2912 1056 2973 ha-

134 2995 206 3055 bere
228 2994 301 3057 dicit
322 3001 526 3080 principatum
542 2998 735 3079 apostolicae
756 2996 934 3075 cathedrae,
956 2997 1007 3076 qui
1029 3002 1059 3056 ct

134 3077 217 3156 alibi,
240 3086 273 3139 ut
294 3080 344 3143 lib.
367 3086 396 3146 2.
415 3102 483 3163 cap.
506 3084 535 3146 8.
565 3081 724 3143 doctrinae
746 3079 941 3141 Christianae
962 3078 1059 3140 eccle

134 3161 194 3221 sias
216 3165 405 3242 apostolicas
427 3164 641 3226 ceterissolet
661 3163 825 3244 praeferre.
846 3162 962 3225 Eccius
985 3181 1059 3224 vero

53 3272 56 3281 ·
134 3243 173 3304 de
202 3265 258 3306 sno
288 3249 405 3309 addens
440 3249 644 3329 principatum
677 3246 870 3327 apostolicae
891 3245 1059 3307 cathedrae

133 3330 277 3410 intelligit
301 3334 503 3412 principatum
525 3330 708 3392 universalis
738 3329 909 3407 ecclesiae,
932 3348 989 3410 per
1010 3347 1060 3390 ca-

133 3411 272 3474 thedram
303 3417 486 3494 ecclesiam,
516 3434 572 3495 per
606 3413 810 3495 apostolicam
851 3412 1061 3474 catholicam:

132 3499 288 3578 accipiens
338 3500 478 3561 nimirum
523 3497 675 3560 beneficio
721 3496 943 3576 grammaticae
989 3515 1063 3558 con·

133 3587 279 3661 temptas.

216 3665 291 3725 Post
310 3664 389 3725 haec
411 3663 500 3743 dicit,
530 3684 563 3725 sc
585 3664 727 3725 omittere
749 3662 899 3740 Decreta,
925 3667 959 3722 et
981 3661 1062 3724 bene

132 3746 215 3828 facit,
237 3748 309 3828 quia
330 3752 401 3808 sunt
423 3749 576 3809 contraria
597 3747 762 3827 sibiipsis.
802 3744 884 3807 Nam
909 3763 959 3826 ca,
982 3763 1062 3826 quae
