2356 4200
428 301 457 345 u
476 287 546 346 init
564 286 661 344 nura
945 283 1007 352 191

84 457 158 517 tiam
180 455 226 519 lit.
261 455 405 518 Secundo
425 455 520 518 tiebat
541 455 591 518 dic
609 461 722 518 octavo
745 461 776 516 et
798 460 901 535 antea,
924 454 1009 534 qnod

83 548 131 601 est
151 544 263 617 cauma
285 539 447 620 superbos,
468 541 520 619 qui
542 541 644 600 statim
667 539 749 599 facta
769 538 867 598 semel
890 538 1010 600 confes-

75 623 182 702 sione,
204 622 291 685 bono
314 641 409 702 opere
430 631 484 682 aut
504 623 605 683 infusa
624 623 741 703 gratia,
775 639 808 680 se
829 639 924 699 puros
947 640 1010 682 cre-

79 704 165 786 dunt,
178 724 250 765 cum
265 707 457 766 circumcisio
476 707 536 766 ista
547 706 685 786 perfecta
697 705 736 764 sit
750 704 782 764 in
798 702 899 764 futura
909 723 1010 767 rasur-

79 789 228 868 rectione,
237 787 406 869 quaediem
417 795 560 849 octavum
569 785 858 868 habetperficienda
867 787 1009 848 interim:

79 891 134 951 per
154 877 254 932 totam
273 870 500 932 hebdomadam
522 876 646 951 semper
659 877 707 932 est
719 867 1008 949 circumcidendum,
1104 944 1107 949 ¹

80 954 182 1015 donec
211 955 318 1015 veniat
344 954 407 1016 illa.
450 955 527 1014 Tum
557 955 690 1033 deniqne
723 959 852 1012 vocatur
878 971 942 1013 non
963 953 1010 1013 in-

80 1038 158 1098 cisio
182 1056 243 1098 nec
268 1037 404 1114 decisio,
433 1055 493 1097 nec
518 1037 689 1117 praecisio,
723 1034 777 1096 sed
805 1035 1010 1113 circumcisio,

81 1120 202 1180 scilicet
221 1121 254 1180 in
277 1119 446 1180 rotundum
468 1125 499 1181 et
521 1120 691 1200 perfectum
713 1119 857 1197 abscisio,
878 1125 913 1179 ut
933 1116 1009 1178 nihil

83 1209 246 1263 remaneat
267 1204 422 1283 praeputii
444 1209 476 1263 et
498 1204 609 1281 carnis,
633 1201 688 1262 sad
710 1208 808 1262 totum
822 1199 877 1261 fiat
897 1219 1010 1282 corpus

83 1285 256 1366 spirituale.
304 1284 378 1347 Sine
401 1287 482 1346 enim
506 1284 659 1346 desiderio
682 1284 765 1345 malo
790 1303 843 1345 cor
864 1283 1009 1344 mnndum

82 1377 114 1428 et
142 1387 257 1448 corpus
288 1374 438 1430 sanctum.
481 1368 671 1448 Hypocritae
704 1386 778 1428 vero
811 1367 950 1429 incidunt
977 1387 1011 1428 se

85 1458 206 1511 tantum
230 1470 285 1511 sen
307 1449 497 1530 praecidunt,
521 1451 640 1512 scilicet
659 1468 739 1530 opus
757 1450 871 1510 malum
893 1456 1012 1513 tantum
1126 1487 1134 1508 r

87 1540 247 1613 caventes,
270 1533 344 1594 nihil
359 1533 492 1613 solliciti,
514 1542 547 1594 ut
563 1533 775 1595 acimundum
792 1531 884 1593 fiatet
897 1551 1009 1615 corpus

87 1624 259 1679 sanctum(
292 1617 396 1677 Tertio
430 1615 525 1678 fiebat
555 1608 712 1696 impositio
744 1617 893 1695 nominis,
926 1619 947 1678 i.
982 1635 1010 1677 e.

86 1699 175 1780 quod
197 1706 290 1760 vetus
313 1717 427 1760 nomen
448 1702 543 1780 perit:
566 1701 629 1760 imo
652 1706 724 1760 ante
745 1699 1012 1760 circumcisionem

85 1782 209 1843 nullum
241 1801 355 1842 nomen
377 1782 526 1844 habemus
545 1801 650 1844 coram
670 1783 756 1861 Deo,
790 1783 863 1861 quia
883 1800 1011 1862 quorum

86 1885 206 1927 nomen
231 1872 288 1944 est,
310 1884 417 1925 eorum
441 1867 534 1926 etiam
570 1884 689 1926 memor
711 1873 774 1944 est,
796 1871 829 1925 at
848 1866 1012 1945 impiorum

84 1968 149 2010 non
172 1956 223 2010 cst
238 1967 366 2027 memor,
389 1955 423 2008 ut
443 1949 492 2011 Ps.
508 1953 562 2012 to:
585 1967 644 2008 nec
657 1968 710 2009 ero
723 1967 841 2009 memor
850 1949 1010 2008 nominum

85 2051 194 2093 eornm
215 2051 272 2112 per
293 2031 377 2092 labia
397 2050 476 2091 mea.
520 2031 587 2092 Hoc
610 2039 656 2092 est
678 2050 801 2109 nomen,
834 2031 872 2092 de
895 2050 956 2111 quo
977 2032 1010 2091 in

83 2114 236 2194 Apocal:
281 2113 424 2174 Vincenti
452 2113 533 2175 dabo
557 2133 671 2174 manua
697 2122 728 2173 et
749 2133 862 2175 nomen
885 2133 1010 2193 novum,
1049 2151 1056 2164 ι

86 2198 209 2258 scilicet
230 2216 345 2257 nomen
366 2197 436 2256 iusti
457 2204 488 2257 et
510 2199 615 2259 sancti
645 2197 713 2257 Hoc
733 2203 836 2256 autern
857 2199 888 2257 in
910 2197 1011 2258 futura

86 2283 151 2340 vita
171 2280 265 2341 nobis
294 2280 468 2357 vocabitur,
494 2280 577 2356 ,licet
597 2299 679 2340 nuuc
701 2280 739 2342 ab
763 2280 875 2361 angelo
899 2283 938 2341 sit
960 2300 1010 2344 vo·

83 2371 199 2443 caum,
223 2370 391 2442 antequam
416 2382 562 2428 essemus.

481 2671 625 2769 Sermo

301 2875 351 2934 die
372 2873 580 2959 Epiphaniae,
607 2893 635 2939 a.
659 2876 798 2952 1517*).

854 2964 864 3009 l

170 3039 356 3100 Obtulerunt
377 3042 404 3100 ei
428 3059 564 3118 munera,
583 3059 704 3118 aurum,
738 3040 817 3119 thuS,
847 3041 1010 3120 myrrham,

91 3122 198 3182 Matth.
226 3124 255 3186 2.
284 3122 346 3182 lala
373 3141 501 3183 munera
523 3121 553 3183 8.
575 3122 681 3182 Patres
700 3125 798 3183 *varie
829 3130 901 3183 sunt
921 3125 1011 3183 inter·

91 3206 214 3286 prelati.
258 3205 292 3266 B.
322 3205 453 3266 Hilarius
487 3225 555 3265 cum
581 3206 616 3266 Β.
648 3206 838 3286 Hieronymo
871 3208 903 3265 in
935 3226 1010 3267 auro

85 3306 210 3368 regern,
234 3289 264 3346 in
288 3289 375 3349 thure
396 3289 505 3367 Deum,
538 3289 568 3347 in
592 3289 714 3368 myrrha
735 3289 896 3349 mortalem
919 3291 1011 3370 signi-

87 3370 211 3431 ficatum
248 3376 279 3430 et
310 3370 469 3432 adoratum
499 3371 683 3451 intelligunt.
726 3371 815 3432 Unde
843 3372 877 3432 B.
904 3372 1010 3434 Hiero·

93 3472 204 3533 nymus
216 3455 387 3514 iuvencum
404 3453 544 3515 adducit:
566 3473 683 3533 aurum,
698 3454 776 3529 thus,
790 3454 942 3534 myrrham
966 3474 1011 3516 re-

143 3668 173 3727 ⁸)
197 3666 244 3717 Hic
264 3682 366 3722 sermo.
396 3681 451 3734 quo
471 3665 604 3719 Lutherus
629 3680 742 3718 munera
761 3681 778 3716 a
791 3665 877 3735 Magis
898 3664 1010 3721 Christo

86 3736 181 3789 oblata
200 3736 350 3806 allegorice
362 3738 565 3804 interpretatur,
574 3736 675 3804 legitur
689 3735 762 3804 apud
776 3737 913 3790 Loescher
923 3738 943 3803 l,
957 3737 1011 3793 780

88 3824 148 3876 sqq.
168 3813 195 3860 et
214 3825 341 3876 german.
363 3807 437 3876 apud
456 3808 621 3875 Walchium,
640 3808 675 3876 X,
695 3809 765 3863 1230
782 3824 843 3879 sqq.

808 4109 822 4138 ἱ
