2356 4200
358 296 393 349 cd
415 296 481 348 Dial.
501 295 530 350 F.
549 294 616 348 silv.
638 294 789 351 suomi
998 291 1038 357 11

125 465 253 528 stctclis
271 467 454 546 pessimam
450 465 653 542 doctrinam,
682 462 775 524 nubis
802 463 1008 546 eligentibus·
1004 471 1044 526 et

126 554 177 624 (ut
198 553 329 646 vocant)
365 549 462 610 libero
493 549 618 610 arbitrio
652 546 825 659 mediante,
868 568 1041 630 operamur.

124 631 173 694 sic
196 633 278 692 cuim
310 632 359 711 fit,
386 640 419 692 ιιι
441 633 556 712 optime
588 632 718 706 ieiunet,
716 610 798 709 qui
826 631 887 692 alic
916 633 1043 693 meliora

124 715 289 776 meditatos
317 680 359 776 nd
386 717 504 812 cogitat
523 715 645 794 quidem
668 733 706 773 an
728 713 862 793 ieiunet,
832 713 957 776 thic
953 716 1043 775 enim

124 797 305 878 longissime
327 800 462 859 omnium
486 799 524 858 ab
547 796 659 858 edendi
681 797 847 876 cupiditate
870 804 1045 878 separatum

125 900 188 942 uon
205 883 389 957 ustensitia,
418 883 469 959 qui
492 900 525 941 sc
548 882 656 958 sentit,
678 885 710 939 et
723 882 876 960 proponit
896 883 1043 942 ieiunare.

124 962 170 1024 Ita
191 966 244 1042 qui
255 971 363 1025 sancta
374 964 547 1041 meditatur,
568 970 622 1024 aut
643 982 691 1039 ea,
713 981 791 1042 quae
814 982 888 1024 suae
904 969 974 1024 suut
991 982 1045 1024 ro·

126 1047 267 1124 astionis,
289 1053 435 1127 operatur
455 1049 600 1126 intentus,
623 1045 741 1126 quibus,
757 1064 826 1105 curn
839 1048 912 1120 sel]
931 1048 1045 1109 avitiis

122 1128 288 1209 mauebit,
310 1131 359 1190 vel
381 1130 565 1191 abstractum
582 1136 769 1206 conservat,
791 1132 858 1190 sinc
879 1129 972 1191 dubio
992 1148 1044 1190 ve-

123 1213 243 1273 rissime
259 1215 415 1292 poenitet,
445 1215 510 1273 sit
497 1220 600 1273 tamen
621 1213 653 1272 id
675 1230 782 1273 amore
802 1213 878 1291 Dei,
911 1231 974 1274 non
998 1214 1045 1272 sui

125 1313 218 1355 causa
240 1295 348 1374 faciat,
384 1297 455 1375 quia
481 1296 513 1355 id
537 1295 659 1356 demum
687 1300 733 1354 est
765 1296 867 1356 vivam
889 1303 920 1356 ct
941 1316 1045 1356 veram

123 1379 348 1458 poenitentiam
369 1398 462 1459 ogere
481 1380 534 1457 *,)
561 1380 695 1438 asinium
711 1375 745 1457 2)
771 1381 901 1439 avitiis
918 1385 1045 1461 propter

123 1459 224 1520 Deum
246 1480 400 1540 separare
424 1469 455 1523 ct
475 1467 649 1541 separatum
662 1480 794 1537 servare,
818 1463 978 1542 magisque
999 1481 1044 1522 se

123 1562 243 1623 parare.
265 1544 311 1603 Tu
332 1564 418 1623 vcro,
441 1545 493 1623 qui
515 1544 767 1605 sacramentalem
789 1543 873 1605 illam
896 1552 927 1605 et
946 1546 1045 1605 initia-

123 1626 185 1686 lem
208 1628 301 1705 poeni
305 1629 431 1687 tentiam
459 1627 500 1688 ob
523 1628 632 1688 oculos
661 1632 779 1687 tantum
808 1646 928 1705 vasus,
960 1629 1045 1688 cuius
1114 1640 1117 1645 '

122 1708 228 1770 feruor
249 1716 280 1768 et
302 1710 447 1770 tumultus
472 1710 580 1771 durare
602 1730 664 1771 non
686 1715 790 1790 potest
802 1711 868 1770 sine
884 1711 1046 1790 miraculo,

123 1792 270 1852 invenisti
291 1793 581 1871 impossibilitatem.

207 1873 379 1935 Secundam
421 1876 584 1935 salsitatem
617 1895 718 1936 meam
757 1879 801 1937 ita
842 1878 1045 1955 pronuncias:

122 1956 260 2018 Verbum
282 1957 395 2018 Christi
415 1958 563 2036 dicentis,
595 1959 819 2020 Paenitentiam
849 1961 947 2038 agite,
982 1979 1045 2020 non

122 2046 228 2121 potest
257 2040 388 2120 intelligi
420 2040 459 2101 de
481 2041 916 2120 sacramentalipcenitcntiu.
959 2040 1047 2102 Hanc

123 2123 289 2182 falsitatem
312 2143 383 2183 esse
406 2125 450 2183 sic
472 2123 619 2184 ostendis.
642 2123 826 2205 Tripliciter,
839 2125 951 2203 inquis,
972 2144 1046 2204 poe-

124 2206 255 2265 nitentia
276 2205 335 2265 dici
358 2209 528 2268 consuevit.
571 2207 673 2267 Primo
698 2216 745 2266 est
766 2209 860 2267 virtus
883 2206 1046 2286 quaedam

125 2289 211 2348 cuius
234 2287 387 2348 obiectum
410 2296 457 2349 est
478 2296 653 2367 peccatum
686 2309 742 2350 sua
763 2292 883 2350 ratione
903 2290 1046 2351 emenda-

124 2369 211 2446 bilis,
246 2377 332 2431 actus
353 2391 428 2432 vero
452 2373 517 2431 eius
539 2380 587 2432 est
616 2372 706 2433 dolor
727 2373 836 2434 volunt
837 2374 895 2432 atis
913 2373 956 2432 de
976 2392 1047 2454 pec·
1139 2364 1145 2371 ’

124 2458 206 2513 cato
227 2453 300 2533 lpsa
321 2472 394 2514 vcro
418 2461 465 2514 est
485 2454 606 2516 habitus
627 2455 762 2533 moralis,
784 2457 909 2516 eliciens
931 2456 1046 2516 dictum

124 2541 227 2601 comm
249 2544 390 2616 respectu
413 2537 563 2616 praedicti
586 2538 707 2599 obiecti.
729 2538 873 2600 Secundo
886 2538 1046 2619 poeniten-

125 2619 169 2678 tia
190 2625 239 2678 cst
259 2626 506 2698 sacramentum,
542 2623 626 2681 cuins
654 2628 758 2701 partes
782 2628 852 2681 sunt
891 2623 1045 2699 contritio,

127 2701 292 2779 confessio,
316 2710 364 2762 sat
352 2703 495 2764 tisiactic.
517 2703 622 2765 Tertio
644 2704 792 2784 acciprtur
802 2705 969 2784 vulgariter
990 2723 1046 2783 pro

125 2783 336 2846 satisfactione
357 2787 494 2845 iniuncta
516 2806 534 2846 a
555 2787 737 2865 sacerdote
774 2793 804 2847 et
834 2789 918 2848 omni
946 2787 1046 2847 carnis

127 2865 418 2928 mortificationet
388 2875 446 2930 etc
489 2869 575 2932 Haec
596 2870 752 2932 silvester

212 2952 296 3009 Mart
277 2957 367 3011 tinus.
380 2952 412 3019 ιι
436 2952 537 3012 lstenc
559 2959 615 3025 est
638 2970 764 3031 quaes0,
787 2958 909 3012 caestus
922 2952 1000 3013 illc'
992 2971 1047 3011 rm-

125 3033 209 3092 moni
232 3052 362 3112 corpore
382 3033 564 3113 Entellinus,
588 3053 648 3114 quo
672 3034 854 3096 audaculum
885 3035 967 3095 hunc
987 3036 1048 3095 Da·

125 3120 193 3175 reta
216 3116 408 3176 cruentabis?
452 3117 594 3178 Dolece
597 3119 690 3178 tiam
711 3119 873 3197 poeniteo,
895 3137 945 3178 me
966 3119 1046 3179 adeo

126 3200 349 3277 contempsisse
365 3199 517 3342 quendam
538 3208 610 3260 tuae
631 3201 898 3261 sectaeiratrem
889 3220 920 3260 ιιι
942 3207 1048 3262 nostro

126 3280 312 3358 Germania,
347 3284 399 3361 qui
434 3289 507 3342 ccnt
508 3302 542 3343 ra
562 3303 647 3344 meas
675 3283 801 3344 eusdem
824 3283 994 3380 positiones
1016 3289 1048 3345 et

125 3362 256 3425 ridicule
279 3371 310 3424 et
330 3365 435 3444 inepte
456 3368 613 3447 pugnavit,
636 3367 729 3447 longe
751 3373 853 3427 tumen
876 3367 995 3426 acutius
1016 3371 1048 3428 et

183 3635 213 3702 1)
234 3636 265 3687 In
286 3634 350 3687 edit.
381 3636 467 3702 princ.
496 3635 585 3689 deest:
605 3649 643 3686 se.
688 3635 716 3697 2)
744 3635 774 3687 ln
802 3636 866 3688 edit.
887 3635 961 3689 lem:
988 3636 1048 3687 ani-

126 3723 212 3760 mam.
251 3706 279 3766 3)
300 3705 387 3758 lbid.:
411 3706 554 3760 Lutherus.

183 3777 214 3847 ⁶)
235 3775 328 3846 Agere
349 3792 444 3831 veram
461 3776 669 3847 poenitentiam.
