2356 4200
434 288 539 344 Contra
557 288 634 344 Ohel.
654 289 736 342 Eccii.
975 284 1046 354 '425

125 454 241 517 hahere
270 457 478 534 commercia,
500 457 656 536 quomodo
678 476 776 538 prope
798 456 1045 538 desperationem

128 537 230 617 (quod
252 539 438 619 perfidorum
461 547 525 617 est)
550 540 643 600 locari
667 541 818 622 possunt?

209 621 297 682 Luth.
318 622 431 683 Iterum
454 624 518 684 olet
539 642 625 683 suum
648 623 763 684 hircum
775 623 986 703 Aristotelem,
997 620 1046 685 vel

127 704 340 765 hircocervum
364 707 466 785 potius
488 706 625 785 nihilque
646 707 704 765 nisi
725 705 899 787 probabile,
930 707 960 767 id
991 713 1047 784 est,

126 788 288 867 petitionis
309 789 449 868 principii
472 789 578 849 effutit.
632 789 772 850 Sciebam
800 790 860 850 ista
889 791 994 850 omnia
1016 796 1048 851 et

125 870 279 950 legeram,
309 873 471 951 sciensque
502 892 539 932 ac
567 871 701 952 prudens
736 881 844 933 contra
876 892 914 933 ea
947 873 1047 952 posui,

125 971 208 1031 quae
242 972 292 1013 me
320 974 400 1013 nnnc
430 954 522 1015 docet
549 957 684 1036 optimus
708 955 896 1036 Polydorus.
951 955 1047 1016 Totus

126 1044 176 1095 est
202 1035 314 1096 Eccius
344 1039 466 1116 opini0,
496 1046 526 1098 et
552 1039 633 1098 hanc
661 1045 761 1098 tamen
791 1039 876 1098 velut
897 1039 1046 1117 cortinam
1100 1037 1104 1045 '

125 1118 244 1179 Phoebi
265 1119 378 1198 ubique
399 1122 511 1182 statuit.
551 1174 555 1181 .

210 1201 312 1262 Causa
339 1222 427 1263 meae
456 1203 544 1263 huius
567 1204 729 1283 positionis
758 1205 812 1264 luit
845 1202 938 1280 haee,
978 1204 1049 1282 quia

126 1303 196 1344 cum
223 1303 332 1345 omnes
359 1285 502 1347 doctores
534 1286 637 1346 dicant
664 1286 794 1347 eandem
823 1305 892 1347 esse
913 1305 1048 1367 poenam

125 1368 296 1448 purgatorii
319 1387 387 1427 cum
397 1369 532 1443 inferne,
545 1375 677 1449 excepta
689 1370 915 1449 desperatione,
939 1370 1048 1430 horror

126 1455 230 1510 autem
261 1452 301 1510 sit
326 1451 376 1511 vel
410 1471 478 1511 una
503 1471 687 1512 summarum
724 1471 892 1532 poenarum
926 1451 1046 1530 interni,

125 1533 237 1595 horror
264 1533 396 1613 denique
421 1532 466 1593 'sit
496 1535 546 1595 vel
572 1536 665 1596 frater
694 1535 742 1595 vel
765 1536 872 1595 similia
894 1541 926 1594 et
947 1536 1048 1614 proxi·

127 1635 195 1676 mua
218 1616 442 1695 desperationi,
470 1626 502 1677 ut
530 1624 614 1698 patet
635 1619 841 1697 experientia,
872 1616 930 1698 Qui
953 1618 1049 1696 timet,

126 1699 236 1779 incipit
258 1698 406 1776 diffidere,
428 1700 602 1761 verosimile
624 1702 722 1760 visum
745 1708 814 1776 est,
840 1702 1069 1780 purgatorium*

126 1801 203 1861 prae
225 1782 319 1842 nimio
341 1782 469 1843 horrore
491 1802 588 1863 prope
610 1801 679 1844 esse
702 1790 733 1844 et
753 1785 839 1844 iuxta
860 1800 929 1843 esse
942 1783 1050 1864 despe-

126 1865 290 1925 rationem.
332 1865 398 1924 Nec
420 1865 521 1941 vide0,
544 1867 617 1946 quid
639 1867 750 1927 Eccius
773 1873 881 1929 contra
899 1867 977 1926 haec
990 1867 1050 1926 nisi

125 1948 231 2008 inania
265 1947 359 2008 verba
387 1947 511 2008 domat·
556 1949 625 2010 Non
662 1969 736 2030 ergo
772 1947 957 2028 perfidorum
993 1955 1050 2024 est,

126 2043 227 2111 prope
248 2029 421 2109 desperare,
443 2031 559 2110 alioqui
581 2034 632 2110 qui
654 2038 809 2092 tentantur
830 2032 859 2090 in
872 2029 933 2090 fide
946 2041 977 2090 et
994 2050 1050 2111 spe

130 2113 189 2179 ide
212 2112 321 2191 quihus
344 2120 377 2172 ut
400 2113 607 2174 scholasticus
631 2117 739 2174 merito
762 2114 837 2173 nihil
865 2114 951 2173 novit
979 2114 1050 2174 ohe·

129 2196 365 2276 liscographus)
390 2203 494 2256 essent
514 2195 632 2276 perfidi,
656 2216 723 2256 cum
747 2195 1051 2257 sibivideanturom-

127 2278 393 2357 nino,desperati,
417 2279 498 2357 quod
521 2299 583 2340 non
607 2291 690 2339 esset
713 2279 794 2339 aliud
817 2299 908 2359 quarn
940 2280 1049 2358 spiriti·

127 2360 210 2420 cidia
234 2359 285 2440 (ut
306 2362 351 2420 sic
373 2361 491 2436 dicam]
516 2361 617 2422 facere
640 2370 670 2422 et
692 2363 813 2422 docere.

432 2488 495 2549 Vll.
529 2489 743 2566 Oheliseus.*)

210 2605 264 2666 Eo.
287 2606 383 2666 Priori
406 2626 467 2666 non
492 2615 540 2667 est
554 2607 718 2678 dissimilis,
742 2607 871 2688 Lignum
884 2607 976 2685 enim,
1000 2606 1050 2667 uhi

127 2688 282 2763 ceciderit,
306 2687 346 2747 ibi
369 2690 437 2764 erit,
457 2689 560 2768 quoad
582 2692 721 2751 meritum
744 2699 775 2751 et
797 2691 992 2766 demeritum,
1020 2695 1052 2749 et

127 2772 193 2832 hoc
211 2779 258 2832 est
278 2772 310 2832 in
332 2771 506 2832 hominibus
528 2791 627 2851 mors,
650 2774 731 2852 quod
754 2775 784 2833 in
808 2773 926 2854 augelis
947 2791 1049 2832 casus.

209 2853 297 2914 Luth.
320 2854 410 2933 Rogo
434 2861 481 2930 te,
504 2856 544 2914 mi
565 2855 656 2934 Ecci,
688 2858 712 2915 si
736 2856 881 2936 deinceps
903 2854 1049 2915 adversus

126 2956 175 2997 me
199 2937 287 2997 voles
310 2935 454 3011 scribere,
479 2944 595 2997 tantum
617 2939 798 3017 prudentiae
822 2938 874 2999 tibi
894 2956 995 3017 pares,
1018 2944 1052 2996 ut

126 3021 201 3080 satis
225 3021 264 3079 sit
285 3019 339 3080 tihi
362 3028 409 3079 ter
430 3028 483 3079 aut
499 3028 606 3098 quater
619 3023 648 3080 in
667 3040 727 3082 uno
744 3040 849 3102 opere,
872 3040 934 3081 non
947 3026 1050 3079 autem

125 3121 182 3182 per
210 3102 346 3182 singulas
373 3102 469 3163 ferme
500 3104 671 3178 orationes,
705 3112 735 3164 te
756 3103 916 3165 ridiculum
938 3103 1050 3180 iacere,

126 3185 205 3244 sicut
227 3186 256 3243 in
280 3184 340 3246 hoc
365 3185 449 3245 facis
498 3185 531 3244 ld
562 3193 664 3246 autem
693 3186 883 3265 praestabis,
911 3186 936 3245 si
967 3189 1050 3245 certa

126 3267 189 3327 lida
211 3267 376 3327 credideris
399 3287 447 3327 me
470 3268 585 3350 legisse
605 3270 749 3330 examina
770 3269 824 3328 illa
834 3268 1048 3348 quaestionum

126 3357 158 3410 et
180 3350 377 3428 opinionum,
400 3350 508 3427 quibus
530 3351 640 3412 frustra
662 3360 782 3412 etcum
807 3351 897 3411 larvis
920 3368 1049 3431 pugnas.

124 3430 225 3509 Nola,
253 3434 377 3510 inquam
403 3433 454 3512 (ut
476 3434 517 3492 sis
540 3434 670 3512 sciens),
694 3435 909 3495 scholasticam
931 3433 1049 3493 theolo·
1141 3430 1143 3435 ’

124 3535 196 3595 gam
218 3514 339 3592 audire,
371 3516 429 3576 nisi
456 3515 565 3576 tultam
587 3518 812 3589 ecclesiastica,
837 3525 868 3577 et
895 3518 957 3577 iam
985 3535 1047 3576 non

123 3598 350 3659 scholasticam.
373 3597 422 3658 Αιι
440 3599 515 3659 nihil
528 3597 611 3659 aliud
624 3601 670 3660 vis
683 3620 732 3662 me
744 3600 855 3679 facere,
870 3618 961 3679 quam
973 3605 1006 3660 ut
1018 3605 1049 3660 te

180 3795 212 3857 'l
233 3792 375 3847 Adversus
395 3795 436 3850 17.
458 3794 580 3847 conclus.
606 3792 725 3846 Lutheri.
