2356 4200
192 271 256 341 244
448 312 483 347 ·..
504 279 637 348 Quucntio
651 282 691 347 :uu
708 247 814 343 uiribus
851 334 864 347 ,.
907 338 910 345 .

193 462 289 523 iustus
311 462 344 523 iu
365 463 456 525 coslo
477 462 604 521 tuntum.
633 451 725 523 ,sicut
745 456 837 536 igitur
856 457 953 524 horno
972 461 1040 523 sius
1061 479 1117 523 no·

193 544 312 606 luutute
332 545 393 608 istu
412 564 477 608 non
499 545 562 617 est,
590 538 635 598 itu
664 556 726 599 uec
742 540 809 600 sinc
830 560 870 602 en
892 550 1053 625 operatur,
1084 551 1118 606 et

192 646 249 708 per
275 627 337 691 hoc
366 649 425 691 uec
457 627 526 689 siue
559 627 688 701 peccato
723 629 780 685 cst.
807 623 999 701 —Quonouo
1033 627 1117 688 eninr

194 711 261 770 sinc
283 729 320 771 en
342 713 464 793 operari
485 709 610 788 posset,
639 704 689 784 qui
718 705 784 766 sine
806 709 971 771 conivere
993 716 1116 782 ecesse

193 811 257 854 non
278 796 403 874 potest?
446 793 497 856 Sic
518 789 601 850 enim
624 786 773 866 scripturn
794 789 884 853 dicit:
914 793 981 872 quis
1004 792 1117 874 glorin-

194 876 274 938 bitur
294 895 329 937 se
350 873 518 939 mundum?
540 878 572 931 et
592 868 632 932 od
654 868 723 932 ou.
746 871 788 931 V:
806 873 902 937 'Coro
925 876 1119 956 concupiscit

193 957 340 1025 adversus
363 960 555 1042 spiritumet
576 950 700 1041 spiritus
721 952 1024 1051 aduersusqcsrnem„
1038 954 1117 1019 boec

193 1043 274 1125 eninr
303 1041 364 1105 dno
396 1042 454 1105 sibi
480 1040 612 1113 invicem
643 1041 881 1122 contronoutur,
914 1047 948 1104 ut
975 1061 1041 1105 non
1067 1060 1116 1121 en,

192 1143 271 1207 quoe
288 1126 393 1207 vultis,
415 1125 544 1187 sociatis.
574 1190 577 1197 ,
1003 1176 1043 1206 ,,,
1078 1192 1081 1197 ,

215 1271 217 1283 ,
275 1207 380 1285 Tertio
405 1228 462 1291 per
487 1200 823 1275 titiunculum:
866 1206 938 1271 Nou
959 1208 1066 1283 intres:
1083 1208 1116 1268 in

148 1340 151 1346 .
191 1289 336 1353 iudicium
359 1311 428 1354 cum
450 1309 540 1352 servo
569 1291 621 1346 tuo
630 1331 642 1365 ,.
665 1282 814 1369 Domine,
849 1291 921 1371 quio
947 1308 1012 1365 nou
1032 1290 1117 1366 iusti-
1162 1293 1169 1300 '

191 1368 331 1455 ficnbitur
352 1377 383 1437 in
400 1379 569 1455 conspectu
583 1375 636 1431 tuo
655 1368 754 1449 onrnis
768 1373 887 1435 vivens.
918 1372 976 1435 Hic
989 1390 1116 1454 quuero,

192 1475 232 1519 ou
253 1454 306 1519 ille
327 1458 434 1538 iustus,
457 1457 508 1537 qui
530 1453 745 1535 lingitur‘cuur
767 1455 974 1536 pulcherrimo
995 1456 1117 1537 merito,

192 1539 353 1619 uqtuuliter
379 1541 487 1620 fuerit,
521 1545 614 1618 utque
641 1535 681 1595 sit
712 1534 793 1599 iuter
822 1558 878 1600 eos
900 1534 1117 1617 numerandus,

71 1666 76 1672 .
192 1623 244 1702 qni
266 1624 389 1705 vivunt,
412 1642 486 1704 orgo
508 1640 571 1695 nou
592 1616 804 1682 iustificabitur
825 1623 856 1684 in
878 1622 989 1685 merito
1010 1640 1080 1685 suo.

548 1787 752 1872 Rationes]

207 1947 210 1951 ’
275 1950 457 2032 Quicunque
479 1949 695 2029 minussocii,
727 1968 822 2033 quum¹
851 1948 958 2032 debet,
990 1957 1117 2033 peccot3

192 2033 289 2112 iustus
311 2031 509 2111 benefaciens
532 2034 630 2115 minus
651 2032 734 2112 iacit,
755 2051 847 2118 quern
869 2032 971 2100 deb'et.
1003 2032 1040 2097 Ε.
1062 2032 1116 2095 bii·

190 2134 299 2188 norem
320 2114 439 2198 prob03
461 2118 533 2198 quio
554 2116 727 2197 quicunqne
749 2134 813 2177 uon
826 2114 919 2198 plena
933 2123 964 2179 et
978 2116 1118 2199 perfectu

191 2196 249 2261 Dei
263 2194 429 2262 dilectione
445 2196 563 2263 bonum
573 2198 656 2279 fucit,
675 2199 775 2259 minus
796 2199 879 2280 fucit,
903 2219 994 2282 quom
1007 2198 1115 2263 debet:

191 2278 343 2367 iuniorem*
361 2283 459 2367 probo
481 2303 537 2365 per
551 2281 628 2343 illud
647 2288 863 2364 praeceptum
884 2283 987 2365 Dilige
1007 2283 1112 2345 Douri-

190 2384 262 2433 uum
283 2357 382 2427 [lenm
404 2372 490 2428 tuum
511 2385 551 2427 ex
572 2364 745 2428 totocorde
767 2371 831 2444 tuo,
854 2385 894 2427 ex
908 2367 981 2428 totis
996 2365 1111 2447 viribus

128 2494 138 2511 ,
190 2448 264 2531 tuis,
292 2449 331 2511 de
348 2468 422 2530 quo
450 2447 600 2511 Dominus
621 2440 728 2511 March.
750 2447 793 2509 V:
826 2468 919 2511 unum
939 2449 1027 2528 Joto,
1059 2455 1113 2519 out

190 2549 267 2592 unus
289 2551 371 2612 apex
397 2552 460 2595 uon
488 2530 600 2612 peribit
618 2550 638 2592 e
656 2530 750 2613 Lege.
792 2531 891 2594 Nemo
926 2533 1041 2614 poterit
1071 2551 1112 2593 ex

190 2614 262 2675 totis
294 2615 408 2678 viribus
436 2614 582 2696 diligere3
618 2614 691 2694 quio
723 2613 867 2676 noluntas
899 2615 931 2677 in
959 2634 1052 2695 cerne
1080 2622 1112 2678 ct

191 2696 334 2760 membris
356 2692 485 2780 impedit
511 2697 592 2758 hauc
620 2695 820 2779 totalitatem,
868 2703 901 2759 ut
942 2718 1007 2762 nou
1044 2704 1112 2765 totu

189 2777 328 2863 membru
348 2801 403 2842 seu
424 2781 505 2842 vires
527 2779 658 2862 diligunt
673 2779 782 2861 Deum,
804 2779 861 2843 sed
876 2781 991 2857 resistit
1003 2781 1111 2849 volun-

188 2865 254 2927 nti.
297 2863 357 2927 sed
385 2862 491 2925 dicunt
523 2862 584 2938 illi,
616 2881 688 2925 non·
707 2865 832 2944 requirit
858 2863 921 2926 hoc
940 2858 1111 2947 perlectum

190 2945 367 3009 mundatum
388 2948 471 3009 Deus
493 2966 513 3007 n
533 2944 633 3009 uobis.
676 2944 875 3028 Respondeo,
897 2967 916 3008 u
937 2966 998 3028 quo
1019 2946 1112 3030 igitur

189 3029 373 3110 requiritur?
416 3029 541 3109 Dixitne
562 3027 715 3110 lapidibus
743 3036 775 3091 ct
802 3030 909 3112 lignis,
933 3051 973 3091 nn
1000 3048 1111 3112 pecco·

189 3106 328 3191 toribus?
370 3111 460 3176 Rom.
483 3110 540 3175 111:
568 3111 688 3174 Scimus
718 3112 801 3192 quod
828 3111 951 3194 quondo
972 3111 1038 3175 Lex
1064 3112 1109 3175 lo-

189 3195 289 3275 quitur
315 3195 378 3278 his,
410 3198 463 3277 qui
494 3196 539 3274 in,
559 3195 645 3277 lege,
680 3193 719 3256 dc
753 3215 810 3257 suo
839 3201 926 3277 suut,
958 3196 1111 3277 loquitnt3

189 3296 263 3360 ergo
292 3272 382 3340 nobis
410 3285 610 3360 praeceptum
637 3284 699 3356 est,
728 3284 760 3339 et
780 3299 800 3340 o
825 3280 914 3341 nobis
936 3279 1110 3360 requiritur.

188 3358 247 3443 Per
270 3362 365 3441 :istum
392 3361 587 3423 falsissimum
617 3362 852 3443 intelligentium
874 3363 958 3424 Deus
979 3381 1043 3437 uon
1063 3382 1109 3425 re-

146 3480 154 3491 =
188 3444 322 3525 quireret
337 3444 586 3527 ¹perfectionem:
631 3445 744 3509 iustum
773 3452 836 3525 est,
869 3453 903 3507 ut
941 3444 1110 3525 diceretur3

188 3545 252 3610 ¹nou
274 3535 321 3590 est
340 3534 503 3608 peccatum
526 3524 670 3608 quicquid
698 3528 797 3588 miuus
825 3527 1005 3610 plenissimo
1033 3530 1108 3591 curi·

188 3615 252 3691 tcto
277 3609 347 3692 flnt3
378 3616 411 3672 nt
436 3609 468 3672 id
496 3609 569 3678 ideo
597 3629 659 3673 uon
688 3611 828 3695 requirit,
862 3612 934 3693 quio
963 3612 1109 3693 ignoscit,

187 3710 250 3753 non
284 3694 355 3774 quin
387 3695 426 3755 sit
459 3692 573 3756 licitum
608 3700 640 3754 et
666 3711 729 3758 nou
762 3700 940 3774 peccaturu3
971 3695 1109 3775 alioquin
1167 3740 1172 3749 .

182 3783 384 3859 pracceptum
407 3795 496 3838 suum
515 3783 679 3856 mutasset,
711 3776 794 3858 quod
821 3783 869 3839 eet
890 3785 999 3841 contro
1020 3797 1109 3841 suurn
