2356 4200
162 259 209 328 '28
405 262 562 333 Responsio
579 262 613 319 D.
632 263 711 318 liert.
733 261 843 320 Luthsri

170 436 325 496 remittere
345 433 567 514 poenitentias,
589 433 647 492 nisi
668 433 748 493 forte
768 432 923 514 intelligas
947 435 999 510 (ut
1019 433 1093 496 tnta-

169 516 250 600 rius)
272 517 479 596 poenitentias
501 534 520 575 a
541 515 716 593 sacerdote,
745 516 795 576 vel
817 536 836 576 a
860 517 927 578 Deo
950 516 1093 595 inflictas,

170 619 232 662 non
262 600 362 679 excipi
388 599 516 659 articulo
537 600 739 660 necessitatis.
783 599 843 660 Sed
866 599 905 660 de
925 599 1007 681 iisl)
1032 601 1092 661 iam

171 683 396 764 supradictum
421 685 477 757 est,
500 681 582 761 quod
604 701 723 763 poenas
746 702 765 740 a
785 683 852 743 Deo
874 681 1007 744 inflictas
1029 698 1092 745 non

171 769 210 827 sit
230 766 381 836 ecclesiae
399 765 452 824 vel
472 783 640 843 reservare,
663 765 713 824 vel
734 765 883 843 relaxare,
907 772 938 825 et
951 766 1092 827 secerdo-

170 850 208 910 tis
230 849 386 929 impositio
409 866 493 907 mere
516 855 562 907 est
583 848 750 908 arbitraria.
793 848 905 908 Verum
934 851 960 908 si
981 850 1025 910 ita
1045 868 1092 910 sa·

165 934 227 1013 pis,
249 932 397 1013 figmenta
417 930 470 990 illa
491 931 667 990 communia
687 932 834 1009 sequeris,
857 931 939 1009 quod
961 933 1035 1010 quia
1048 952 1092 993 sa-

170 1015 280 1076 cerdos
301 1016 435 1074 incertus
457 1019 505 1072 est
526 1012 563 1073 de
579 1015 748 1091 quantitate
762 1032 885 1092 poenae
896 1013 1092 1095 infligendae,

166 1097 240 1159 ideo
264 1098 411 1158 morituro
434 1115 497 1156 non
520 1102 624 1175 potest
645 1097 752 1156 omnia
772 1096 903 1175 solvere,
926 1097 981 1158 sed
1004 1098 1096 1158 reiis:

171 1183 236 1261 quit
256 1181 317 1241 hoo
335 1199 444 1258 papae.

252 1264 401 1339 Primum,
429 1261 496 1340 quis
529 1261 647 1339 eredat,
680 1261 763 1340 quod
791 1261 874 1321 Deus
901 1281 921 1323 a
944 1264 1090 1325 morituro

169 1348 304 1425 requiret
325 1345 426 1422 aliam,
449 1363 540 1423 quam
564 1345 669 1405 mortis
690 1345 848 1423 poenam?
878 1364 970 1424 quam
993 1346 1091 1407 solam

164 1429 312 1489 sufficere
341 1427 445 1488 dicunt
465 1425 506 1486 ad
527 1426 697 1507 plenariam
719 1427 933 1491 remissionem
956 1430 1091 1490 omniurn

168 1517 366 1593 peccatorum
389 1517 420 1570 et
439 1529 619 1589 poenarum,
642 1510 667 1569 si
685 1510 826 1570 volenter
837 1511 927 1571 luerit
938 1519 1091 1592 suscepta,

171 1594 253 1674 quod
276 1594 465 1654 verissimum
490 1599 551 1670 est,
586 1594 673 1671 quia:
704 1593 842 1654 Pretiosa
869 1595 900 1653 in
922 1602 1091 1674 conspectu

169 1677 292 1738 Domini
316 1695 398 1736 mors
420 1681 596 1736 sauctorum
618 1674 735 1756 eius.*)

252 1759 443 1836 Secundum,
466 1759 492 1817 si
512 1759 636 1838 ignorat
657 1758 803 1819 sacerdos
825 1761 1027 1838 quantitatem
1049 1761 1091 1821 in·

169 1842 323 1924 lligendae
351 1860 488 1921 poenae,
527 1841 594 1919 quis
626 1858 694 1901 eam
722 1850 835 1902 certam
868 1843 942 1902 facit
971 1861 1091 1903 summo

168 1924 328 2006 pontifici?
370 1923 427 2002 At,
456 1925 571 2002 inquis,
594 1924 664 1983 huic
685 1923 799 2008 dictum
822 1931 883 1985 est:
926 1924 1092 1999 Quodcun-

168 2027 227 2089 que
256 2008 384 2070 solveris
421 2015 479 2067 ete.
529 2005 735 2086 Respondeo:
784 2007 863 2067 Num
887 2008 959 2087 quid
982 2009 1089 2080 non2)

168 2098 201 2152 et
229 2091 357 2170 quilibet
384 2088 529 2149 sacerdos
558 2089 695 2149 eiusdem
727 2091 813 2150 verbi
844 2091 957 2150 virtute
978 2091 1092 2152 solvit?

168 2175 253 2235 Haec
275 2182 306 2234 et
327 2173 373 2233 his
392 2172 504 2232 similia
525 2191 588 2231 non
609 2174 666 2232 nisi
688 2192 727 2233 ex
755 2173 951 2252 opinionibus
981 2173 1091 2252 dicitis,

170 2263 201 2317 et
211 2259 241 2316 in
254 2256 387 2317 ecclesia
396 2256 454 2314 Dei
472 2255 602 2333 docetis,
625 2274 705 2334 quae
727 2256 858 2335 probare
880 2275 1006 2336 prorsus
1030 2275 1092 2318 non

211 2341 306 2401 testis.

166 2359 208 2420 po
250 2421 298 2482 Ad
322 2421 473 2481 decimam
485 2421 585 2500 arguis
598 2439 649 2479 me
670 2420 842 2499 admittere,
864 2420 948 2500 quod
969 2422 1001 2480 in
1024 2421 1092 2481 aliis

170 2505 293 2582 damno,
316 2523 438 2583 nempe,
461 2503 542 2581 quod
557 2502 676 2563 animas
690 2502 729 2563 sd
743 2505 952 2584 purgatorium
970 2503 1093 2583 addico,

170 2588 242 2648 dum
262 2588 361 2649 solum
383 2587 535 2645 iniunctus
560 2586 629 2646 dico
652 2588 764 2646 remitti
785 2588 1004 2666 poenitentias.

250 2669 438 2750 Respondeo
462 2675 495 2727 ut
515 2688 616 2748 supra.
655 2669 725 2729 Non
746 2671 868 2730 remitto
890 2689 942 2729 eas
965 2670 1004 2730 ad
1027 2688 1093 2751 pur·

169 2755 332 2835 gatorium,
355 2752 409 2813 sed
430 2752 545 2811 iustitia
566 2752 615 2811 vel
637 2752 720 2832 rigor
741 2754 814 2830 Dei,
843 2772 931 2832 quem
953 2760 1093 2832 potestas

171 2838 321 2897 ecclesiae
343 2836 452 2896 tollere
475 2853 538 2894 non
560 2840 674 2913 potest,
698 2837 756 2895 nisi
780 2838 930 2913 oratione,
953 2855 1016 2897 non
1039 2855 1092 2917 po·

169 2927 279 2980 testate
299 2919 404 2979 clavis.
442 2916 561 2977 Deinde
574 2917 700 2996 suadeo,
718 2924 750 2979 ut
775 2918 894 2979 fortiter
915 2918 1092 2996 morientur,

169 3002 251 3082 quod
274 3022 328 3063 eos
350 3003 478 3061 tutiores
501 3001 592 3060 faciet
612 3019 632 3058 a
653 3001 847 3081 purgatorio,
870 3021 959 3080 quam
984 3021 1091 3063 omnes

170 3087 305 3146 omnium
327 3084 568 3163 indulgentiae

252 3167 453 3229 Undecimum
487 3166 645 3246 praeteris.
695 3165 743 3225 Ad
770 3165 984 3227 duodecimam
1007 3167 1092 3243 dicis,

170 3253 262 3312 etiam
285 3269 367 3310 nunc
394 3257 465 3309 ante
488 3248 713 3310 absolutionem
736 3250 952 3328 poenitentias,
966 3248 1091 3331 imponi,

168 3341 203 3395 ut
223 3334 258 3397 C.
282 3333 412 3394 Dudum.

247 3416 453 3496 Respondes:
511 3415 580 3474 Non
604 3417 690 3474 tenes
713 3413 795 3492 quod
823 3415 923 3492 volui,
957 3435 1037 3494 quae
1062 3421 1092 3476 et

223 3694 254 3830 tq
272 3690 351 3816 llpiqli:
371 3689 438 3817 hqq.6
466 3688 496 3754 2)
517 3690 549 3742 In
569 3689 632 3742 edit.
652 3690 736 3757 prino.
757 3689 845 3743 deest:
866 3706 931 3743 uon.

296 3778 309 3816 s
339 3779 365 3816 m
439 3799 445 3813 .
