2356 4200
372 267 407 322 nd
425 265 499 322 Diel.
517 269 546 324 F.
567 268 632 322 Silv.
652 271 801 323 Prierintis.
1014 269 1055 336 Gi

134 436 276 514 ecclesie,
299 444 329 497 et
350 438 517 518 imperator
539 443 569 498 et
583 437 732 518 pontifex,
755 444 913 518 potenset
926 439 1053 504 brechio

106 518 265 579 seculari
289 540 487 600 compescere
509 528 566 583 etc
609 520 671 581 Iste
693 522 838 601 opinione
870 530 922 583 tna
953 531 1054 586 stante

132 602 244 662 vellem
268 603 381 681 doceri,
404 625 441 665 en
466 605 557 665 etiarn
580 605 604 663 ei
608 606 645 663 tis
608 603 861 665 thomicidae?
894 604 956 666 Cur
978 625 1052 688 ergo

130 685 196 745 inre
226 704 288 745 non
319 688 497 784 permitiunt
525 688 675 748 ecclesiae
708 687 746 748 nd
776 689 944 767 corporalis
972 691 1053 751 vilae

130 768 299 849 periculum
323 772 414 849 poeni
418 773 544 830 tentiam
567 770 747 851 imponere?
792 769 851 831 Sed
875 770 952 832 haec
976 773 1051 833 elias
1126 814 1128 819 -

129 858 160 911 et
184 850 223 911 ab
246 852 324 914 eliis

210 930 244 994 In
266 932 327 996 fine
349 934 435 1012 dico,
467 955 528 996 non
552 956 601 996 me
632 934 756 998 terrebis
780 890 921 1016 nmpnilis
944 890 974 998 et
997 939 1051 998 mi·

127 1017 201 1078 neci
226 1013 353 1098 strepitu
383 1018 545 1081 verborum
573 1026 704 1080 tucrum.
748 1016 779 1080 Si
808 1019 949 1098 occidor,
977 1014 1052 1082 titii

127 1099 266 1160 Christus
287 1102 438 1162 Dominus
460 1121 546 1162 meus
569 1109 600 1162 et
621 1103 774 1179 omnium,
803 1104 856 1181 qui
886 1111 933 1162 est
921 1102 1050 1164 t-bene

129 1183 260 1244 dictus
252 1203 282 1243 ιιι
306 1185 423 1252 secula,
447 1187 555 1248 Arnen.

209 1265 306 1347 Ecce,
330 1268 372 1327 mi
394 1268 430 1331 R.
454 1268 503 1346 R,
535 1269 646 1328 cursim
668 1273 699 1327 ei
720 1267 841 1328 dnobus
863 1266 969 1328 dicbus
992 1268 1046 1329 tibi

124 1350 204 1409 haec
224 1349 358 1426 reddidi,
392 1353 464 1429 qnia
487 1354 553 1411 nisa
575 1359 646 1410 sunt
667 1349 812 1427 levicula,
830 1369 919 1430 quae
941 1361 971 1411 tn
995 1370 1048 1449 op-

124 1433 271 1512 posuisti
300 1433 370 1494 ideo
404 1453 444 1493 ex
476 1442 614 1512 tempore
643 1441 673 1492 et
696 1441 727 1493 ut
758 1436 788 1493 in
811 1433 939 1495 buccam
963 1435 1047 1494 venit

123 1514 177 1575 tibi
201 1516 357 1597 respondi.
393 1516 424 1576 Si
448 1517 582 1577 volueris
605 1517 749 1596 deinceps
770 1516 953 1615 retundere‚=
949 1518 1045 1595 ¹ride,

122 1604 157 1658 nt
174 1597 325 1660 Thomnm
347 1606 432 1660 tunm
455 1590 649 1660 errnciiorern
672 1599 826 1679 producas
853 1601 889 1683 in
904 1612 1053 1681 orentius

122 1699 169 1741 ne
186 1681 265 1742 iorte
287 1689 360 1742 tunc
382 1701 443 1743 non
465 1701 504 1743 eo
527 1683 679 1743 modestia
702 1678 888 1764 excipieris,
905 1698 974 1763 qno
987 1683 1068 1745 irco·

122 1765 344 1844 congressione
367 1775 515 1846 exceptus
538 1785 581 1830 es
609 1766 753 1846 Repreesi
768 1768 850 1836 enim
871 1767 1052 1849 moiprnon·

122 1847 298 1908 nomnium
323 1847 480 1909 redderem
504 1868 560 1930 pro
584 1849 676 1910 malo.
721 1849 808 1911 Vale.
1049 1874 1054 1881 ·
