<?xml version="1.0" encoding="UTF-8"?>
<!DOCTYPE html PUBLIC "-//W3C//DTD XHTML 1.0 Transitional//EN"
    "http://www.w3.org/TR/xhtml1/DTD/xhtml1-transitional.dtd">
<html xmlns="http://www.w3.org/1999/xhtml" xml:lang="en" lang="en">
 <head>
  <title>
</title>
<meta http-equiv="Content-Type" content="text/html;charset=utf-8" />
  <meta name='ocr-system' content='tesseract 3.04.00' />
  <meta name='ocr-capabilities' content='ocr_page ocr_carea ocr_par ocr_line ocrx_word'/>
</head>
<body>
  <div class='ocr_page' id='page_1' title='image "./dmartinilutheri01luthgoog_0915.png"; bbox 0 0 2356 4200; ppageno 0'>
   <div class='ocr_carea' id='block_1_1' title="bbox 118 271 778 357">
    <p class='ocr_par' dir='ltr' id='par_1_1' title="bbox 118 271 778 357">
     <span class='ocr_line' id='line_1_1' title="bbox 118 271 778 357; baseline -0.003 -27"><span class='ocrx_word' id='word_1_1' title='bbox 118 277 181 350; x_wconf 55' lang='lat'>452</span> <span class='ocrx_word' id='word_1_2' title='bbox 409 272 493 346; x_wconf 73' lang='lat' dir='ltr'>Epist</span> <span class='ocrx_word' id='word_1_3' title='bbox 514 271 547 331; x_wconf 83' lang='lat' dir='ltr'>o.</span> <span class='ocrx_word' id='word_1_4' title='bbox 569 274 647 329; x_wconf 78' lang='lat' dir='ltr'>llari.</span> <span class='ocrx_word' id='word_1_5' title='bbox 666 274 778 357; x_wconf 74' lang='lat' dir='ltr'>Luthcri</span> 
     </span>
    </p>
   </div>
   <div class='ocr_carea' id='block_1_2' title="bbox 119 444 1038 612">
    <p class='ocr_par' dir='ltr' id='par_1_2' title="bbox 119 444 1038 612">
     <span class='ocr_line' id='line_1_2' title="bbox 119 444 1038 529; baseline -0.007 -18"><span class='ocrx_word' id='word_1_6' title='bbox 119 449 313 529; x_wconf 74' lang='lat' dir='ltr'><strong>despumavit</strong></span> <span class='ocrx_word' id='word_1_7' title='bbox 338 449 464 508; x_wconf 86' lang='lat' dir='ltr'>virtutes</span> <span class='ocrx_word' id='word_1_8' title='bbox 487 447 745 528; x_wconf 70' lang='lat' dir='ltr'>indulgentiarum</span> <span class='ocrx_word' id='word_1_9' title='bbox 772 447 805 505; x_wconf 90' lang='lat' dir='ltr'>iu</span> <span class='ocrx_word' id='word_1_10' title='bbox 838 464 908 506; x_wconf 86' lang='lat' dir='ltr'>eam</span> <span class='ocrx_word' id='word_1_11' title='bbox 931 444 1038 522; x_wconf 80' lang='lat' dir='ltr'>labem,</span> 
     </span>
     <span class='ocr_line' id='line_1_3' title="bbox 119 530 789 612; baseline -0.003 -20"><span class='ocrx_word' id='word_1_12' title='bbox 119 551 208 612; x_wconf 89' lang='lat' dir='ltr'>quam</span> <span class='ocrx_word' id='word_1_13' title='bbox 230 530 323 592; x_wconf 88' lang='lat' dir='ltr'>hodie</span> <span class='ocrx_word' id='word_1_14' title='bbox 344 532 458 609; x_wconf 90' lang='lat' dir='ltr'>passim</span> <span class='ocrx_word' id='word_1_15' title='bbox 482 530 564 590; x_wconf 89' lang='lat' dir='ltr'>orbis</span> <span class='ocrx_word' id='word_1_16' title='bbox 586 530 789 591; x_wconf 78' lang='lat' dir='ltr'><strong>abominatur.</strong></span> 
     </span>
    </p>
   </div>
   <div class='ocr_carea' id='block_1_3' title="bbox 101 610 1040 703">
    <p class='ocr_par' dir='ltr' id='par_1_3' title="bbox 101 610 1040 703">
     <span class='ocr_line' id='line_1_4' title="bbox 101 610 1040 703; baseline 0.002 -33"><span class='ocrx_word' id='word_1_17' title='bbox 101 646 115 670; x_wconf 92' lang='lat'>.·</span> <span class='ocrx_word' id='word_1_18' title='bbox 196 614 243 677; x_wconf 87' lang='lat' dir='ltr'>lbi</span> <span class='ocrx_word' id='word_1_19' title='bbox 264 614 395 694; x_wconf 92' lang='lat' dir='ltr'>primum</span> <span class='ocrx_word' id='word_1_20' title='bbox 417 613 525 703; x_wconf 83' lang='lat' dir='ltr'>populi</span> <span class='ocrx_word' id='word_1_21' title='bbox 547 612 753 673; x_wconf 79' lang='lat' dir='ltr'>miserabilem</span> <span class='ocrx_word' id='word_1_22' title='bbox 775 610 990 673; x_wconf 80' lang='lat' dir='ltr'>seductionem</span> <span class='ocrx_word' id='word_1_23' title='bbox 1012 620 1040 672; x_wconf 88' lang='lat' dir='ltr'>et</span> 
     </span>
    </p>
   </div>
   <div class='ocr_carea' id='block_1_4' title="bbox 114 695 1041 944">
    <p class='ocr_par' dir='ltr' id='par_1_4' title="bbox 114 695 1041 944">
     <span class='ocr_line' id='line_1_5' title="bbox 114 695 1040 777; baseline -0.004 -19"><span class='ocrx_word' id='word_1_24' title='bbox 114 698 321 758; x_wconf 62' lang='lat' dir='ltr'>*exactionem</span> <span class='ocrx_word' id='word_1_25' title='bbox 335 697 530 777; x_wconf 78' lang='lat' dir='ltr'>impatienter</span> <span class='ocrx_word' id='word_1_26' title='bbox 545 696 656 772; x_wconf 86' lang='lat' dir='ltr'>ferens,</span> <span class='ocrx_word' id='word_1_27' title='bbox 678 695 949 774; x_wconf 75' lang='lat' dir='ltr'>impatientissime</span> <span class='ocrx_word' id='word_1_28' title='bbox 970 713 1040 755; x_wconf 78' lang='lat' dir='ltr'>vero</span> 
     </span>
     <span class='ocr_line' id='line_1_6' title="bbox 119 777 1041 858; baseline -0.004 -17"><span class='ocrx_word' id='word_1_29' title='bbox 119 780 365 841; x_wconf 77' lang='lat' dir='ltr'>Florentinorum</span> <span class='ocrx_word' id='word_1_30' title='bbox 393 780 514 840; x_wconf 87' lang='lat' dir='ltr'>illorum</span> <span class='ocrx_word' id='word_1_31' title='bbox 544 780 723 856; x_wconf 86' lang='lat' dir='ltr'>avaritiam,</span> <span class='ocrx_word' id='word_1_32' title='bbox 757 780 810 856; x_wconf 92' lang='lat' dir='ltr'>qui</span> <span class='ocrx_word' id='word_1_33' title='bbox 832 777 981 858; x_wconf 84' lang='lat' dir='ltr'>simplicia</span> <span class='ocrx_word' id='word_1_34' title='bbox 1000 778 1041 838; x_wconf 91' lang='lat' dir='ltr'>in·</span> 
     </span>
     <span class='ocr_line' id='line_1_7' title="bbox 120 860 1041 944; baseline -0.004 -20"><span class='ocrx_word' id='word_1_35' title='bbox 120 865 202 944; x_wconf 85' lang='lat' dir='ltr'>genii</span> <span class='ocrx_word' id='word_1_36' title='bbox 225 861 426 940; x_wconf 86' lang='lat' dir='ltr'>Pontificem,</span> <span class='ocrx_word' id='word_1_37' title='bbox 455 863 486 922; x_wconf 91' lang='lat' dir='ltr'>in</span> <span class='ocrx_word' id='word_1_38' title='bbox 508 881 598 941; x_wconf 91' lang='lat' dir='ltr'>quem</span> <span class='ocrx_word' id='word_1_39' title='bbox 623 860 787 937; x_wconf 86' lang='lat' dir='ltr'>voluerunt</span> <span class='ocrx_word' id='word_1_40' title='bbox 808 865 955 940; x_wconf 84' lang='lat' dir='ltr'>portum,</span> <span class='ocrx_word' id='word_1_41' title='bbox 981 861 1041 921; x_wconf 91' lang='lat' dir='ltr'>imo</span> 
     </span>
    </p>
   </div>
   <div class='ocr_carea' id='block_1_5' title="bbox 10 943 1041 1029">
    <p class='ocr_par' dir='ltr' id='par_1_5' title="bbox 10 943 1041 1029">
     <span class='ocr_line' id='line_1_8' title="bbox 10 943 1041 1029; baseline -0.003 -22"><span class='ocrx_word' id='word_1_42' title='bbox 10 978 13 983; x_wconf 94' lang='lat'>·</span> <span class='ocrx_word' id='word_1_43' title='bbox 107 945 321 1026; x_wconf 75' lang='lat' dir='ltr'>naufragium,</span> <span class='ocrx_word' id='word_1_44' title='bbox 338 945 508 1025; x_wconf 88' lang='lat' dir='ltr'>impellunt.</span> <span class='ocrx_word' id='word_1_45' title='bbox 531 945 609 1005; x_wconf 86' lang='lat' dir='ltr'>Nam</span> <span class='ocrx_word' id='word_1_46' title='bbox 627 943 966 1029; x_wconf 81' lang='lat' dir='ltr'>impudentissimorum</span> <span class='ocrx_word' id='word_1_47' title='bbox 979 943 1041 1004; x_wconf 79' lang='lat' dir='ltr'>illo</span> 
     </span>
    </p>
   </div>
   <div class='ocr_carea' id='block_1_6' title="bbox 10 3886 48 3956">
    <p class='ocr_par' dir='ltr' id='par_1_6' title="bbox 10 3886 48 3956">
     <span class='ocr_line' id='line_1_9' title="bbox 10 3886 48 3956; baseline 0 0"><span class='ocrx_word' id='word_1_48' title='bbox 10 3886 48 3956; x_wconf 65' lang='grc' dir='ltr'>Ιι</span> 
     </span>
    </p>
   </div>
   <div class='ocr_carea' id='block_1_7' title="bbox 119 1026 1041 1108">
    <p class='ocr_par' dir='ltr' id='par_1_7' title="bbox 119 1026 1041 1108">
     <span class='ocr_line' id='line_1_10' title="bbox 119 1026 1041 1108; baseline -0.002 -20"><span class='ocrx_word' id='word_1_49' title='bbox 119 1048 186 1089; x_wconf 90' lang='lat' dir='ltr'>rum</span> <span class='ocrx_word' id='word_1_50' title='bbox 198 1030 327 1089; x_wconf 86' lang='lat' dir='ltr'>avaritia</span> <span class='ocrx_word' id='word_1_51' title='bbox 337 1034 418 1108; x_wconf 87' lang='lat' dir='ltr'>pene</span> <span class='ocrx_word' id='word_1_52' title='bbox 432 1030 586 1088; x_wconf 78' lang='lat' dir='ltr'>sexcentis</span> <span class='ocrx_word' id='word_1_53' title='bbox 597 1027 733 1088; x_wconf 86' lang='lat' dir='ltr'>Tartaris</span> <span class='ocrx_word' id='word_1_54' title='bbox 754 1026 961 1100; x_wconf 81' lang='lat' dir='ltr'>insatiabilior</span> <span class='ocrx_word' id='word_1_55' title='bbox 972 1044 1041 1107; x_wconf 80' lang='lat' dir='ltr'>cog·</span> 
     </span>
    </p>
   </div>
   <div class='ocr_carea' id='block_1_8' title="bbox 113 1109 1041 1190">
    <p class='ocr_par' dir='ltr' id='par_1_8' title="bbox 113 1109 1041 1190">
     <span class='ocr_line' id='line_1_11' title="bbox 113 1109 1041 1190; baseline 0.001 -21"><span class='ocrx_word' id='word_1_56' title='bbox 113 1112 187 1172; x_wconf 74' lang='lat' dir='ltr'>,nita</span> <span class='ocrx_word' id='word_1_57' title='bbox 207 1119 263 1173; x_wconf 89' lang='lat' dir='ltr'>est.</span> <span class='ocrx_word' id='word_1_58' title='bbox 287 1110 357 1171; x_wconf 88' lang='lat' dir='ltr'>ldeo</span> <span class='ocrx_word' id='word_1_59' title='bbox 379 1111 453 1172; x_wconf 87' lang='lat' dir='ltr'>data</span> <span class='ocrx_word' id='word_1_60' title='bbox 473 1111 640 1190; x_wconf 89' lang='lat' dir='ltr'>aliquando</span> <span class='ocrx_word' id='word_1_61' title='bbox 654 1111 686 1170; x_wconf 92' lang='lat' dir='ltr'>in</span> <span class='ocrx_word' id='word_1_62' title='bbox 694 1109 867 1171; x_wconf 84' lang='lat' dir='ltr'>Romanam</span> <span class='ocrx_word' id='word_1_63' title='bbox 883 1110 1041 1170; x_wconf 84' lang='lat' dir='ltr'>avaritiam</span> 
     </span>
    </p>
   </div>
   <div class='ocr_carea' id='block_1_9' title="bbox 121 1193 1042 1273">
    <p class='ocr_par' dir='ltr' id='par_1_9' title="bbox 121 1193 1042 1273">
     <span class='ocr_line' id='line_1_12' title="bbox 121 1193 1042 1273; baseline -0.003 -18"><span class='ocrx_word' id='word_1_64' title='bbox 121 1195 287 1256; x_wconf 88' lang='lat' dir='ltr'>occasione</span> <span class='ocrx_word' id='word_1_65' title='bbox 314 1213 377 1255; x_wconf 92' lang='lat' dir='ltr'>non</span> <span class='ocrx_word' id='word_1_66' title='bbox 397 1195 511 1254; x_wconf 88' lang='lat' dir='ltr'>invitus</span> <span class='ocrx_word' id='word_1_67' title='bbox 533 1193 742 1273; x_wconf 79' lang='lat' dir='ltr'>apprehendi,</span> <span class='ocrx_word' id='word_1_68' title='bbox 765 1200 797 1252; x_wconf 89' lang='lat' dir='ltr'>et</span> <span class='ocrx_word' id='word_1_69' title='bbox 818 1211 866 1272; x_wconf 87' lang='lat' dir='ltr'>ea,</span> <span class='ocrx_word' id='word_1_70' title='bbox 889 1211 972 1272; x_wconf 88' lang='lat' dir='ltr'>quae</span> <span class='ocrx_word' id='word_1_71' title='bbox 998 1210 1042 1252; x_wconf 87' lang='lat' dir='ltr'>su-</span> 
     </span>
    </p>
   </div>
   <div class='ocr_carea' id='block_1_10' title="bbox 111 1273 1043 1358">
    <p class='ocr_par' dir='ltr' id='par_1_10' title="bbox 111 1273 1043 1358">
     <span class='ocr_line' id='line_1_13' title="bbox 111 1273 1043 1358; baseline -0.003 -20"><span class='ocrx_word' id='word_1_72' title='bbox 111 1296 176 1358; x_wconf 86' lang='lat' dir='ltr'>·pra</span> <span class='ocrx_word' id='word_1_73' title='bbox 198 1295 313 1337; x_wconf 87' lang='lat' dir='ltr'>excusa</span> <span class='ocrx_word' id='word_1_74' title='bbox 334 1284 413 1354; x_wconf 87' lang='lat' dir='ltr'>sunt,</span> <span class='ocrx_word' id='word_1_75' title='bbox 434 1284 466 1337; x_wconf 90' lang='lat' dir='ltr'>et</span> <span class='ocrx_word' id='word_1_76' title='bbox 486 1296 567 1356; x_wconf 82' lang='lat' dir='ltr'>quae</span> <span class='ocrx_word' id='word_1_77' title='bbox 586 1277 795 1358; x_wconf 88' lang='lat' dir='ltr'>subiicientur,</span> <span class='ocrx_word' id='word_1_78' title='bbox 817 1283 928 1336; x_wconf 88' lang='lat' dir='ltr'>contra</span> <span class='ocrx_word' id='word_1_79' title='bbox 949 1273 1043 1336; x_wconf 87' lang='lat' dir='ltr'>indul·</span> 
     </span>
    </p>
   </div>
   <div class='ocr_carea' id='block_1_11' title="bbox 120 1359 470 1441">
    <p class='ocr_par' dir='ltr' id='par_1_11' title="bbox 120 1359 470 1441">
     <span class='ocr_line' id='line_1_14' title="bbox 120 1359 470 1441; baseline -0.006 -21"><span class='ocrx_word' id='word_1_80' title='bbox 120 1361 240 1441; x_wconf 80' lang='lat' dir='ltr'>gestias</span> <span class='ocrx_word' id='word_1_81' title='bbox 263 1359 358 1422; x_wconf 84' lang='lat' dir='ltr'>emisi.</span> <span class='ocrx_word' id='word_1_82' title='bbox 464 1377 470 1398; x_wconf 73' lang='lat'><em>⁶</em></span> 
     </span>
    </p>
   </div>
   <div class='ocr_carea' id='block_1_12' title="bbox 385 1528 755 1666">
    <p class='ocr_par' dir='ltr' id='par_1_12' title="bbox 385 1528 755 1666">
     <span class='ocr_line' id='line_1_15' title="bbox 385 1528 755 1666; baseline -0.003 -1"><span class='ocrx_word' id='word_1_83' title='bbox 385 1528 469 1665; x_wconf 29' lang='lat' dir='ltr'>*Ad</span> <span class='ocrx_word' id='word_1_84' title='bbox 497 1572 675 1666; x_wconf 84' lang='lat' dir='ltr'>Leonem</span> <span class='ocrx_word' id='word_1_85' title='bbox 703 1570 755 1665; x_wconf 88' lang='lat' dir='ltr'>X.</span> 
     </span>
    </p>
   </div>
   <div class='ocr_carea' id='block_1_13' title="bbox 322 1768 836 1852">
    <p class='ocr_par' dir='ltr' id='par_1_13' title="bbox 322 1768 836 1852">
     <span class='ocr_line' id='line_1_16' title="bbox 322 1768 836 1852; baseline 0.008 -22"><span class='ocrx_word' id='word_1_86' title='bbox 322 1768 507 1842; x_wconf 63' lang='lat' dir='ltr'>liutheri</span> <span class='ocrx_word' id='word_1_87' title='bbox 548 1772 765 1852; x_wconf 79' lang='lat' dir='ltr'>Epistola</span> <span class='ocrx_word' id='word_1_88' title='bbox 786 1769 836 1847; x_wconf 86' lang='grc'>*).</span> 
     </span>
    </p>
   </div>
   <div class='ocr_carea' id='block_1_14' title="bbox 120 1892 1043 2086">
    <p class='ocr_par' dir='ltr' id='par_1_14' title="bbox 120 1892 1043 2086">
     <span class='ocr_line' id='line_1_17' title="bbox 120 1892 1042 2002; baseline -0.007 -18"><span class='ocrx_word' id='word_1_89' title='bbox 120 1921 303 1984; x_wconf 74' lang='lat' dir='ltr'>Beatissimo</span> <span class='ocrx_word' id='word_1_90' title='bbox 332 1922 414 1983; x_wconf 88' lang='lat' dir='ltr'>Patri</span> <span class='ocrx_word' id='word_1_91' title='bbox 446 1892 543 1982; x_wconf 58' lang='lat' dir='ltr'>Leoni</span> <span class='ocrx_word' id='word_1_92' title='bbox 566 1923 620 2002; x_wconf 89' lang='lat' dir='ltr'>X.,</span> <span class='ocrx_word' id='word_1_93' title='bbox 652 1920 793 1983; x_wconf 86' lang='lat' dir='ltr'>Pontifici</span> <span class='ocrx_word' id='word_1_94' title='bbox 824 1921 980 2000; x_wconf 85' lang='lat' dir='ltr'>Maximo,</span> <span class='ocrx_word' id='word_1_95' title='bbox 1013 1919 1042 1979; x_wconf 79' lang='lat' dir='ltr'>F.</span> 
     </span>
     <span class='ocr_line' id='line_1_18' title="bbox 122 2003 1043 2086; baseline -0.003 -19"><span class='ocrx_word' id='word_1_96' title='bbox 122 2003 268 2069; x_wconf 81' lang='lat' dir='ltr'>Martinus</span> <span class='ocrx_word' id='word_1_97' title='bbox 288 2004 437 2066; x_wconf 88' lang='lat' dir='ltr'>Lntherns</span> <span class='ocrx_word' id='word_1_98' title='bbox 454 2005 695 2086; x_wconf 89' lang='lat' dir='ltr'>Augustinianus</span> <span class='ocrx_word' id='word_1_99' title='bbox 718 2004 855 2066; x_wconf 84' lang='lat' dir='ltr'>Salutem</span> <span class='ocrx_word' id='word_1_100' title='bbox 878 2011 1043 2065; x_wconf 86' lang='lat' dir='ltr'>aeternam.</span> 
     </span>
    </p>
   </div>
   <div class='ocr_carea' id='block_1_15' title="bbox 121 2169 1048 3578">
    <p class='ocr_par' dir='ltr' id='par_1_15' title="bbox 122 2169 1044 2748">
     <span class='ocr_line' id='line_1_19' title="bbox 205 2169 1044 2250; baseline -0.002 -20"><span class='ocrx_word' id='word_1_101' title='bbox 205 2169 388 2231; x_wconf 91' lang='lat' dir='ltr'>Beatissime</span> <span class='ocrx_word' id='word_1_102' title='bbox 408 2171 517 2249; x_wconf 90' lang='lat' dir='ltr'>Pater,</span> <span class='ocrx_word' id='word_1_103' title='bbox 546 2172 631 2250; x_wconf 88' lang='lat' dir='ltr'>cogit</span> <span class='ocrx_word' id='word_1_104' title='bbox 658 2172 767 2230; x_wconf 88' lang='lat' dir='ltr'>iterum</span> <span class='ocrx_word' id='word_1_105' title='bbox 795 2171 993 2250; x_wconf 80' lang='lat' dir='ltr'>necessitas,</span> <span class='ocrx_word' id='word_1_106' title='bbox 1015 2175 1044 2228; x_wconf 90' lang='lat' dir='ltr'>ut</span> 
     </span>
     <span class='ocr_line' id='line_1_20' title="bbox 123 2252 1042 2335; baseline 0.002 -23"><span class='ocrx_word' id='word_1_107' title='bbox 123 2271 183 2335; x_wconf 86' lang='lat' dir='ltr'>ego</span> <span class='ocrx_word' id='word_1_108' title='bbox 204 2252 276 2313; x_wconf 83' lang='lat' dir='ltr'>faex</span> <span class='ocrx_word' id='word_1_109' title='bbox 297 2252 456 2313; x_wconf 91' lang='lat' dir='ltr'>hominum</span> <span class='ocrx_word' id='word_1_110' title='bbox 478 2261 510 2313; x_wconf 88' lang='lat' dir='ltr'>et</span> <span class='ocrx_word' id='word_1_111' title='bbox 530 2253 630 2333; x_wconf 90' lang='lat' dir='ltr'>pulvis</span> <span class='ocrx_word' id='word_1_112' title='bbox 644 2260 745 2314; x_wconf 88' lang='lat' dir='ltr'>terrae</span> <span class='ocrx_word' id='word_1_113' title='bbox 758 2252 797 2314; x_wconf 92' lang='lat' dir='ltr'>ad</span> <span class='ocrx_word' id='word_1_114' title='bbox 820 2252 1042 2315; x_wconf 89' lang='lat' dir='ltr'>beatitudinem</span> 
     </span>
     <span class='ocr_line' id='line_1_21' title="bbox 123 2334 1042 2416; baseline 0 -20"><span class='ocrx_word' id='word_1_115' title='bbox 123 2343 206 2396; x_wconf 91' lang='lat' dir='ltr'>tuam</span> <span class='ocrx_word' id='word_1_116' title='bbox 229 2343 406 2415; x_wconf 88' lang='lat' dir='ltr'>tantamque</span> <span class='ocrx_word' id='word_1_117' title='bbox 428 2337 620 2396; x_wconf 86' lang='lat' dir='ltr'>maiestatem</span> <span class='ocrx_word' id='word_1_118' title='bbox 642 2336 759 2416; x_wconf 88' lang='lat' dir='ltr'>loquar.</span> <span class='ocrx_word' id='word_1_119' title='bbox 783 2334 886 2411; x_wconf 80' lang='lat' dir='ltr'>Quare</span> <span class='ocrx_word' id='word_1_120' title='bbox 900 2345 1042 2416; x_wconf 84' lang='lat' dir='ltr'>paternas</span> 
     </span>
     <span class='ocr_line' id='line_1_22' title="bbox 123 2419 1043 2499; baseline -0.002 -19"><span class='ocrx_word' id='word_1_121' title='bbox 123 2437 161 2480; x_wconf 87' lang='lat' dir='ltr'>ac</span> <span class='ocrx_word' id='word_1_122' title='bbox 181 2437 254 2479; x_wconf 89' lang='lat' dir='ltr'>vere</span> <span class='ocrx_word' id='word_1_123' title='bbox 267 2419 378 2480; x_wconf 81' lang='lat' dir='ltr'>Christi</span> <span class='ocrx_word' id='word_1_124' title='bbox 400 2420 530 2483; x_wconf 83' lang='lat' dir='ltr'>vicarias</span> <span class='ocrx_word' id='word_1_125' title='bbox 552 2438 641 2480; x_wconf 88' lang='lat' dir='ltr'>aures</span> <span class='ocrx_word' id='word_1_126' title='bbox 663 2419 887 2480; x_wconf 86' lang='lat' dir='ltr'>huiooviculae</span> <span class='ocrx_word' id='word_1_127' title='bbox 910 2420 1043 2499; x_wconf 82' lang='lat' dir='ltr'>tuaeiu-</span> 
     </span>
     <span class='ocr_line' id='line_1_23' title="bbox 122 2501 1043 2582; baseline -0.001 -19"><span class='ocrx_word' id='word_1_128' title='bbox 122 2502 210 2563; x_wconf 89' lang='lat' dir='ltr'>terim</span> <span class='ocrx_word' id='word_1_129' title='bbox 234 2501 471 2569; x_wconf 84' lang='lat' dir='ltr'>clementissime</span> <span class='ocrx_word' id='word_1_130' title='bbox 500 2503 736 2563; x_wconf 89' lang='lat' dir='ltr'>accommodare</span> <span class='ocrx_word' id='word_1_131' title='bbox 776 2502 920 2582; x_wconf 86' lang='lat' dir='ltr'>dignetur</span> <span class='ocrx_word' id='word_1_132' title='bbox 947 2503 1043 2563; x_wconf 89' lang='lat' dir='ltr'>Beati-</span> 
     </span>
     <span class='ocr_line' id='line_1_24' title="bbox 122 2584 1043 2661; baseline -0.002 -15"><span class='ocrx_word' id='word_1_133' title='bbox 122 2584 197 2646; x_wconf 89' lang='lat' dir='ltr'>tudo</span> <span class='ocrx_word' id='word_1_134' title='bbox 225 2591 278 2645; x_wconf 89' lang='lat' dir='ltr'>tua</span> <span class='ocrx_word' id='word_1_135' title='bbox 313 2591 344 2645; x_wconf 89' lang='lat' dir='ltr'>et</span> <span class='ocrx_word' id='word_1_136' title='bbox 378 2585 512 2645; x_wconf 87' lang='lat' dir='ltr'>balatum</span> <span class='ocrx_word' id='word_1_137' title='bbox 530 2605 642 2661; x_wconf 19' lang='lat' dir='ltr'>&#39;meum</span> <span class='ocrx_word' id='word_1_138' title='bbox 676 2586 757 2645; x_wconf 91' lang='lat' dir='ltr'>huno</span> <span class='ocrx_word' id='word_1_139' title='bbox 785 2585 926 2646; x_wconf 85' lang='lat' dir='ltr'>officiose</span> <span class='ocrx_word' id='word_1_140' title='bbox 959 2585 1043 2645; x_wconf 87' lang='lat' dir='ltr'>intel·</span> 
     </span>
     <span class='ocr_line' id='line_1_25' title="bbox 122 2668 227 2748; baseline 0.01 -21"><span class='ocrx_word' id='word_1_141' title='bbox 122 2668 227 2748; x_wconf 87' lang='lat' dir='ltr'>ligere.</span> 
     </span>
    </p>

    <p class='ocr_par' dir='ltr' id='par_1_16' title="bbox 121 2749 1048 3578">
     <span class='ocr_line' id='line_1_26' title="bbox 205 2749 1044 2829; baseline -0.001 -18"><span class='ocrx_word' id='word_1_142' title='bbox 205 2751 275 2811; x_wconf 89' lang='lat' dir='ltr'>Fuit</span> <span class='ocrx_word' id='word_1_143' title='bbox 302 2750 383 2829; x_wconf 84' lang='lat' dir='ltr'>apud</span> <span class='ocrx_word' id='word_1_144' title='bbox 415 2769 473 2810; x_wconf 93' lang='lat' dir='ltr'>nos</span> <span class='ocrx_word' id='word_1_145' title='bbox 495 2750 643 2811; x_wconf 89' lang='lat' dir='ltr'>honestus</span> <span class='ocrx_word' id='word_1_146' title='bbox 666 2751 716 2811; x_wconf 92' lang='lat' dir='ltr'>hic</span> <span class='ocrx_word' id='word_1_147' title='bbox 737 2753 784 2810; x_wconf 92' lang='lat' dir='ltr'>vir</span> <span class='ocrx_word' id='word_1_148' title='bbox 805 2751 934 2812; x_wconf 86' lang='lat' dir='ltr'>Carolus</span> <span class='ocrx_word' id='word_1_149' title='bbox 958 2749 1044 2810; x_wconf 84' lang='lat' dir='ltr'>Milli-</span> 
     </span>
     <span class='ocr_line' id='line_1_27' title="bbox 123 2833 1043 2914; baseline 0.001 -22"><span class='ocrx_word' id='word_1_150' title='bbox 123 2835 193 2907; x_wconf 85' lang='lat' dir='ltr'>tius,</span> <span class='ocrx_word' id='word_1_151' title='bbox 214 2833 416 2893; x_wconf 87' lang='lat' dir='ltr'>Beatitudinis</span> <span class='ocrx_word' id='word_1_152' title='bbox 439 2841 510 2893; x_wconf 86' lang='lat' dir='ltr'>tuae</span> <span class='ocrx_word' id='word_1_153' title='bbox 532 2833 719 2894; x_wconf 85' lang='lat' dir='ltr'>Secretarius</span> <span class='ocrx_word' id='word_1_154' title='bbox 734 2833 956 2908; x_wconf 75' lang='lat' dir='ltr'>cubicularius,</span> <span class='ocrx_word' id='word_1_155' title='bbox 980 2852 1043 2914; x_wconf 87' lang='lat' dir='ltr'>gra·</span> 
     </span>
     <span class='ocr_line' id='line_1_28' title="bbox 123 2915 1044 2996; baseline 0.002 -23"><span class='ocrx_word' id='word_1_156' title='bbox 123 2915 247 2974; x_wconf 86' lang='lat' dir='ltr'>vissime</span> <span class='ocrx_word' id='word_1_157' title='bbox 268 2924 409 2976; x_wconf 83' lang='lat' dir='ltr'>causatus</span> <span class='ocrx_word' id='word_1_158' title='bbox 432 2916 769 2977; x_wconf 82' lang='lat' dir='ltr'>nomineBeatitudinis</span> <span class='ocrx_word' id='word_1_159' title='bbox 792 2923 862 2977; x_wconf 90' lang='lat' dir='ltr'>tuae</span> <span class='ocrx_word' id='word_1_160' title='bbox 885 2915 969 2996; x_wconf 91' lang='lat' dir='ltr'>apud</span> <span class='ocrx_word' id='word_1_161' title='bbox 981 2917 1044 2977; x_wconf 91' lang='lat' dir='ltr'>illu·</span> 
     </span>
     <span class='ocr_line' id='line_1_29' title="bbox 123 2996 1044 3078; baseline 0.004 -24"><span class='ocrx_word' id='word_1_162' title='bbox 123 2996 302 3056; x_wconf 87' lang='lat' dir='ltr'>strissimum</span> <span class='ocrx_word' id='word_1_163' title='bbox 324 2999 497 3078; x_wconf 89' lang='lat' dir='ltr'>Principem</span> <span class='ocrx_word' id='word_1_164' title='bbox 518 2999 704 3059; x_wconf 83' lang='lat' dir='ltr'>Fridericum</span> <span class='ocrx_word' id='word_1_165' title='bbox 727 2998 766 3060; x_wconf 91' lang='lat' dir='ltr'>de</span> <span class='ocrx_word' id='word_1_166' title='bbox 789 3019 857 3059; x_wconf 88' lang='lat' dir='ltr'>mea</span> <span class='ocrx_word' id='word_1_167' title='bbox 878 3001 910 3059; x_wconf 92' lang='lat' dir='ltr'>in</span> <span class='ocrx_word' id='word_1_168' title='bbox 933 2999 1044 3061; x_wconf 87' lang='lat' dir='ltr'>Roma·</span> 
     </span>
     <span class='ocr_line' id='line_1_30' title="bbox 123 3079 1046 3143; baseline 0.007 -6"><span class='ocrx_word' id='word_1_169' title='bbox 123 3097 193 3138; x_wconf 89' lang='lat' dir='ltr'>nam</span> <span class='ocrx_word' id='word_1_170' title='bbox 211 3079 373 3141; x_wconf 87' lang='lat' dir='ltr'>ecclesiam</span> <span class='ocrx_word' id='word_1_171' title='bbox 395 3089 427 3141; x_wconf 92' lang='lat' dir='ltr'>et</span> <span class='ocrx_word' id='word_1_172' title='bbox 444 3081 607 3143; x_wconf 87' lang='lat' dir='ltr'>Beatitudi.</span> <span class='ocrx_word' id='word_1_173' title='bbox 631 3090 714 3142; x_wconf 88' lang='lat' dir='ltr'>tuam</span> <span class='ocrx_word' id='word_1_174' title='bbox 739 3090 770 3142; x_wconf 92' lang='lat' dir='ltr'>et</span> <span class='ocrx_word' id='word_1_175' title='bbox 789 3084 991 3143; x_wconf 85' lang='lat' dir='ltr'>irreverentia</span> <span class='ocrx_word' id='word_1_176' title='bbox 1016 3088 1046 3143; x_wconf 87' lang='lat' dir='ltr'>et</span> 
     </span>
     <span class='ocr_line' id='line_1_31' title="bbox 122 3164 1044 3246; baseline 0.007 -26"><span class='ocrx_word' id='word_1_177' title='bbox 122 3164 303 3240; x_wconf 87' lang='lat' dir='ltr'>temeritate,</span> <span class='ocrx_word' id='word_1_178' title='bbox 326 3165 532 3244; x_wconf 31' lang='lat' dir='ltr'>expostulans,</span> <span class='ocrx_word' id='word_1_179' title='bbox 550 3165 802 3226; x_wconf 81' lang='lat' dir='ltr'>satisfactionem.</span> <span class='ocrx_word' id='word_1_180' title='bbox 825 3166 893 3246; x_wconf 83' lang='lat' dir='ltr'>Ego</span> <span class='ocrx_word' id='word_1_181' title='bbox 916 3167 978 3226; x_wconf 90' lang='lat' dir='ltr'>ista</span> <span class='ocrx_word' id='word_1_182' title='bbox 995 3186 1044 3226; x_wconf 88' lang='lat' dir='ltr'>au·</span> 
     </span>
     <span class='ocr_line' id='line_1_32' title="bbox 122 3242 1045 3326; baseline 0.007 -24"><span class='ocrx_word' id='word_1_183' title='bbox 122 3242 209 3304; x_wconf 88' lang='lat' dir='ltr'>diens</span> <span class='ocrx_word' id='word_1_184' title='bbox 232 3246 392 3324; x_wconf 91' lang='lat' dir='ltr'>plurimum</span> <span class='ocrx_word' id='word_1_185' title='bbox 405 3246 499 3326; x_wconf 91' lang='lat' dir='ltr'>dolui,</span> <span class='ocrx_word' id='word_1_186' title='bbox 520 3246 779 3309; x_wconf 83' lang='lat' dir='ltr'>officiosissimum</span> <span class='ocrx_word' id='word_1_187' title='bbox 791 3246 927 3309; x_wconf 84' lang='lat' dir='ltr'>officium</span> <span class='ocrx_word' id='word_1_188' title='bbox 943 3267 1045 3310; x_wconf 91' lang='lat' dir='ltr'>meum</span> 
     </span>
     <span class='ocr_line' id='line_1_33' title="bbox 122 3328 1048 3412; baseline 0.008 -26"><span class='ocrx_word' id='word_1_189' title='bbox 122 3333 184 3386; x_wconf 89' lang='lat' dir='ltr'>tam</span> <span class='ocrx_word' id='word_1_190' title='bbox 217 3328 325 3388; x_wconf 83' lang='lat' dir='ltr'>infelix</span> <span class='ocrx_word' id='word_1_191' title='bbox 353 3348 436 3405; x_wconf 88' lang='lat' dir='ltr'>esse,</span> <span class='ocrx_word' id='word_1_192' title='bbox 468 3338 500 3389; x_wconf 90' lang='lat' dir='ltr'>ut</span> <span class='ocrx_word' id='word_1_193' title='bbox 530 3330 611 3409; x_wconf 88' lang='lat' dir='ltr'>quod</span> <span class='ocrx_word' id='word_1_194' title='bbox 634 3351 690 3412; x_wconf 91' lang='lat' dir='ltr'>pro</span> <span class='ocrx_word' id='word_1_195' title='bbox 713 3331 827 3392; x_wconf 89' lang='lat' dir='ltr'>tuendo</span> <span class='ocrx_word' id='word_1_196' title='bbox 853 3332 978 3394; x_wconf 89' lang='lat' dir='ltr'>honore</span> <span class='ocrx_word' id='word_1_197' title='bbox 1001 3351 1048 3393; x_wconf 88' lang='lat' dir='ltr'>ec·</span> 
     </span>
     <span class='ocr_line' id='line_1_34' title="bbox 123 3409 1046 3493; baseline 0.009 -24"><span class='ocrx_word' id='word_1_198' title='bbox 123 3409 236 3470; x_wconf 86' lang='lat' dir='ltr'>olesiae</span> <span class='ocrx_word' id='word_1_199' title='bbox 251 3411 411 3472; x_wconf 89' lang='lat' dir='ltr'>Romanae</span> <span class='ocrx_word' id='word_1_200' title='bbox 425 3432 632 3493; x_wconf 86' lang='lat' dir='ltr'>susceperam,</span> <span class='ocrx_word' id='word_1_201' title='bbox 654 3417 685 3475; x_wconf 90' lang='lat' dir='ltr'>in</span> <span class='ocrx_word' id='word_1_202' title='bbox 707 3416 938 3477; x_wconf 88' lang='lat' dir='ltr'>irreverentiam</span> <span class='ocrx_word' id='word_1_203' title='bbox 954 3417 1046 3478; x_wconf 89' lang='lat' dir='ltr'>etiam</span> 
     </span>
     <span class='ocr_line' id='line_1_35' title="bbox 121 3492 1047 3578; baseline 0.01 -27"><span class='ocrx_word' id='word_1_204' title='bbox 121 3492 203 3572; x_wconf 88' lang='lat' dir='ltr'>apud</span> <span class='ocrx_word' id='word_1_205' title='bbox 224 3495 324 3574; x_wconf 88' lang='lat' dir='ltr'>ipsum</span> <span class='ocrx_word' id='word_1_206' title='bbox 346 3497 493 3557; x_wconf 86' lang='lat' dir='ltr'>verticem</span> <span class='ocrx_word' id='word_1_207' title='bbox 515 3497 653 3558; x_wconf 87' lang='lat' dir='ltr'>eiusdem</span> <span class='ocrx_word' id='word_1_208' title='bbox 674 3499 825 3559; x_wconf 86' lang='lat' dir='ltr'>ecclesiae</span> <span class='ocrx_word' id='word_1_209' title='bbox 850 3517 889 3559; x_wconf 91' lang='lat' dir='ltr'>ac</span> <span class='ocrx_word' id='word_1_210' title='bbox 921 3499 1047 3578; x_wconf 89' lang='lat' dir='ltr'>plenam</span> 
     </span>
    </p>
   </div>
   <div class='ocr_carea' id='block_1_16' title="bbox 4 3576 694 3663">
    <p class='ocr_par' dir='ltr' id='par_1_17' title="bbox 4 3576 694 3663">
     <span class='ocr_line' id='line_1_36' title="bbox 4 3576 694 3663; baseline 0.012 -28"><span class='ocrx_word' id='word_1_211' title='bbox 4 3618 9 3635; x_wconf 39' lang='grc' dir='ltr'><em>Ι</em></span> <span class='ocrx_word' id='word_1_212' title='bbox 121 3576 221 3635; x_wconf 90' lang='lat' dir='ltr'>omnis</span> <span class='ocrx_word' id='word_1_213' title='bbox 243 3577 316 3638; x_wconf 88' lang='lat' dir='ltr'>mali</span> <span class='ocrx_word' id='word_1_214' title='bbox 337 3579 545 3659; x_wconf 88' lang='lat' dir='ltr'>suspicionem</span> <span class='ocrx_word' id='word_1_215' title='bbox 569 3583 694 3663; x_wconf 83' lang='lat' dir='ltr'>venerit</span> 
     </span>
    </p>
   </div>
   <div class='ocr_carea' id='block_1_17' title="bbox 174 3764 829 3848">
    <p class='ocr_par' dir='ltr' id='par_1_18' title="bbox 174 3764 829 3848">
     <span class='ocr_line' id='line_1_37' title="bbox 174 3764 829 3848; baseline 0.005 -16"><span class='ocrx_word' id='word_1_216' title='bbox 174 3777 206 3848; x_wconf 80' lang='lat'>·)</span> <span class='ocrx_word' id='word_1_217' title='bbox 225 3779 330 3834; x_wconf 73' lang='lat' dir='ltr'>rexus</span> <span class='ocrx_word' id='word_1_218' title='bbox 348 3764 472 3836; x_wconf 69' lang='lat' dir='ltr'>resonas</span> <span class='ocrx_word' id='word_1_219' title='bbox 493 3787 536 3836; x_wconf 70' lang='lat' dir='ltr'>est</span> <span class='ocrx_word' id='word_1_220' title='bbox 552 3800 588 3837; x_wconf 61' lang='grc' dir='ltr'>οι</span> <span class='ocrx_word' id='word_1_221' title='bbox 607 3783 651 3839; x_wconf 74' lang='lat' dir='ltr'>eo.</span> <span class='ocrx_word' id='word_1_222' title='bbox 670 3783 730 3838; x_wconf 74' lang='lat' dir='ltr'>ren.</span> <span class='ocrx_word' id='word_1_223' title='bbox 749 3783 829 3840; x_wconf 79' lang='lat' dir='ltr'>mss.</span> 
     </span>
    </p>
   </div>
   <div class='ocr_carea' id='block_1_18' title="bbox 0 0 1191 4200">
    <p class='ocr_par' dir='ltr' id='par_1_19' title="bbox 0 0 1191 4200">
     <span class='ocr_line' id='line_1_38' title="bbox 0 0 1191 4200; baseline 0 0"><span class='ocrx_word' id='word_1_224' title='bbox 0 0 1191 4200; x_wconf 95' lang='lat' dir='ltr'> </span> 
     </span>
    </p>
   </div>
  </div>
 </body>
</html>
