2356 4200
115 249 157 316 ιο
366 250 522 319 asponae
540 248 577 302 n.
596 247 678 328 iura
691 246 805 302 maur

117 430 197 497 sunt,
219 439 350 500 quaeras
374 417 417 498 ¹).
459 417 520 478 Sed
540 418 623 479 hanc
639 420 825 479 seutentiam
844 417 1037 480 verissimam

116 513 149 566 et
168 501 461 585 theologicissimam
475 501 557 562 absit
578 508 613 562 nt
632 501 743 582 probet
754 501 944 563 scholastica
956 497 1038 561 theo

116 587 213 670 logia

198 667 248 731 Ad
270 666 535 748 quadragesimam
557 669 685 746 primam
708 667 785 727 dicis
798 685 907 728 verum
922 683 974 728 mc
987 663 1038 725 do
1055 677 1059 685 ’

117 771 204 832 cere,
236 759 269 811 et
287 751 403 832 gratim
423 768 494 829 ago.
536 749 636 810 Addis
658 760 772 827 tamen,
794 748 880 830 quod
900 767 967 810 non
987 749 1038 808 mi·

117 856 174 898 uus
196 843 286 897 caute
307 841 378 893 sunt
391 831 612 912 improbandae
629 841 662 892 et
672 831 908 913 restringendae
929 832 1039 892 venias

116 922 149 981 in
170 916 391 999 praeiudicium
419 915 612 994 apostolicae
639 916 804 976 facultatis.
844 915 888 975 Et
914 922 948 974 tn
968 932 1039 994 quo

118 1021 178 1082 que
198 1020 303 1062 verum
333 999 384 1059 bic
412 996 505 1076 dicis,
526 1000 589 1058 imo
611 1017 670 1058 nec
691 1006 802 1078 eante,
829 1017 890 1059 neo
918 999 1040 1059 incante

118 1094 189 1145 sunt
210 1080 443 1163 improbandae,
464 1081 518 1139 sed
538 1082 772 1160 permittendae,
794 1089 829 1142 ut
838 1088 972 1161 quaerat
991 1079 1040 1160 qui

124 1167 218 1244 volet,
240 1173 358 1225 tantum
380 1184 419 1223 ue
442 1183 586 1244 magnum
608 1167 676 1243 quis
695 1185 730 1225 se
750 1171 953 1226 consecutum
975 1181 1041 1224 coa·

118 1250 209 1330 fidat,
232 1250 305 1329 quin
328 1249 425 1307 maius
448 1246 462 1284 ²
467 1260 481 1323 J
504 1250 639 1326 potuerit
660 1249 843 1327 cousequi‘

200 1332 249 1392 Ad
266 1330 532 1410 quadragesimam
554 1329 721 1391 secundam
743 1340 777 1391 et
791 1331 912 1392 tertiam
921 1329 1038 1391 aonam

119 1416 150 1475 id
176 1413 377 1496 persuadere,
417 1412 500 1492 qnod
528 1413 670 1492 pontifex
705 1433 761 1493 per
793 1414 902 1474 venias
930 1429 1041 1493 provo·

117 1505 168 1559 cat
197 1496 239 1558 ad
258 1498 343 1577 pium
364 1513 459 1573 opus,
486 1502 518 1554 et
539 1495 648 1557 melius
669 1516 739 1557 esse
761 1516 841 1577 opus
860 1497 948 1577 pium
972 1514 1039 1555 cnm

119 1581 228 1651 veniis,
250 1599 342 1659 qnam
363 1579 492 1639 alterum
513 1578 624 1638 solum.

180 1662 254 1724 Mihi
276 1662 370 1743 longe
391 1660 454 1721 alia
476 1680 562 1721 meus
584 1669 641 1722 cst.
686 1663 795 1724 Melius
816 1666 1039 1742 provocaretis

119 1745 218 1807 fidelis
240 1745 280 1807 ad
302 1746 400 1826 ipsam
412 1744 654 1805 satisfactionem
679 1746 856 1806 sinereniis
881 1742 1041 1827 (utsupra

120 1837 245 1890 coactus
269 1848 302 1889 cs
316 1824 523 1908 concedere),
536 1826 568 1886 id
585 1835 642 1904 est,
663 1828 703 1888 ad
715 1828 811 1889 multa
830 1828 915 1888 bona
935 1845 1041 1908 opera

120 1930 212 1990 quam
234 1911 317 1992 quod
337 1919 524 1990 provocatur
546 1909 585 1969 ad
607 1911 833 1971 unumillornm
846 1930 917 1971 cum
933 1910 1052 1987 veniis„

120 1994 150 2054 id
172 2002 230 2073 est,
251 1993 433 2056 remissione
455 1992 630 2052 multorum.
652 1993 801 2054 Permitto
818 2000 922 2054 tamen
944 1992 1042 2054 veniis

120 2079 165 2138 ita
186 2077 365 2158 provocari,
393 2074 448 2135 sed
471 2075 556 2153 dico,
584 2075 667 2155 quod
697 2077 736 2137 sit
762 2075 1042 2157 incomparabiliter

121 2161 231 2238 minus,
254 2160 326 2220 ideo
350 2177 420 2218 mea
442 2158 600 2220 conclusio
623 2161 793 2221 verissima.

204 2243 356 2319 Secundo,
379 2261 542 2302 erroneum
564 2249 627 2321 est,
649 2242 732 2321 quod
755 2262 834 2322 opus
855 2261 925 2302 cum
946 2241 1041 2303 veniis

121 2326 171 2386 vel
191 2328 291 2408 gratia
313 2326 469 2384 veniarum
502 2324 610 2385 melius
633 2327 688 2404 sit,
717 2344 807 2404 quam
838 2327 906 2385 sine
935 2324 1041 2402 veniis,

120 2409 239 2488 quiesi
261 2407 431 2469 satisfactio
455 2415 502 2468 est
524 2408 619 2467 multa
640 2415 672 2468 et
693 2411 811 2488 optima
829 2410 948 2487 merita,
970 2422 1042 2486 quo·

120 2489 213 2553 modo
238 2511 316 2572 opus
338 2511 432 2550 unum
454 2510 523 2551 cum
547 2498 594 2550 tot
611 2493 787 2552 meritorum
809 2489 1039 2552 remissionibus

121 2574 228 2635 melius
244 2576 310 2652 erit,
332 2593 422 2653 quam
437 2574 505 2654 ipsa
518 2582 565 2634 tot
576 2575 703 2635 merita?
718 2575 904 2654 Loqua'mnr,
917 2591 1040 2653 quaeso,

121 2677 188 2718 cum
212 2658 325 2717 iudicio
349 2664 380 2717 et
402 2656 425 2716 C
465 2659 575 2717 'stiana
596 2657 746 2719 libertate.
768 2659 876 2737 Neque
895 2658 977 2717 enim
990 2673 1040 2737 po·

120 2742 192 2801 teris
215 2740 326 2819 dicere,
348 2739 420 2800 indu
457 2741 555 2800 antias
577 2740 659 2800 aliud
683 2761 761 2817 esse,
783 2760 874 2821 quam
890 2739 1041 2813 remmus·

120 2843 175 2883 nes
197 2823 430 2901 satisfactionis,
454 2842 571 2883 rursum
601 2824 842 2885 satisfactionem
866 2843 930 2885 non
952 2828 1039 2903 poma

122 2905 204 2967 aliud
226 2925 379 2979 asserereq
423 2925 515 2984 quarn
544 2906 639 2965 multa
668 2906 751 2967 bona
779 2926 892 2986 opera,
926 2904 1039 2980 ieiunii,

120 2990 303 3067 orationum,
326 2989 601 3068 eleemosynarum,
635 2989 816 3070 Sufficiat)
843 3009 929 3070 ergo,
952 3006 1038 3068 quae

121 3091 235 3150 sumus,
258 3082 290 3133 ut
311 3074 521 3152 permittamus
535 3091 691 3150 perunum
716 3092 794 3152 opus
811 3073 926 3133 bonum
947 3070 1040 3132 multa

121 3155 202 3214 bona
225 3174 320 3234 opera
341 3156 475 3232 remitti3
502 3173 565 3214 nou
588 3156 680 3214 etiam
705 3175 742 3216 eo
766 3174 862 3234 usque
886 3171 1040 3215 commen·

122 3236 249 3315 demus,
271 3245 304 3296 ut
326 3238 433 3297 melius
457 3256 526 3297 esse
547 3257 640 3297 unum
665 3239 767 3298 multis
789 3238 942 3300 credatur.

75 3315 79 3324 ’
183 3320 298 3397 Tertio,
320 3321 402 3380 idem
415 3326 463 3381 est
476 3319 557 3398 quod
574 3319 718 3400 deinceps
739 3319 824 3398 dicis,
837 3322 921 3401 quod
933 3319 1037 3382 ceteris

120 3403 242 3483 paribus
260 3403 366 3465 melius
379 3409 426 3464 est
437 3402 510 3463 dare
522 3403 752 3483 eleemosynam
761 3405 861 3486 gratia
873 3407 1038 3479 veniarum,

154 3669 306 3797 ἦιιπιιιιιιι
326 3653 451 3740 quaeres.
483 3670 513 3735 2)
534 3668 619 3722 lbid.:
638 3669 738 3736 magis.
776 3666 808 3736 3)
830 3669 862 3722 In
880 3666 923 3724 ed.
942 3670 1035 3739 princ:

120 3759 152 3797 su
174 3759 228 3797 rei.
