<?xml version="1.0" encoding="UTF-8"?>
<!DOCTYPE html PUBLIC "-//W3C//DTD XHTML 1.0 Transitional//EN"
    "http://www.w3.org/TR/xhtml1/DTD/xhtml1-transitional.dtd">
<html xmlns="http://www.w3.org/1999/xhtml" xml:lang="en" lang="en">
 <head>
  <title>
</title>
<meta http-equiv="Content-Type" content="text/html;charset=utf-8" />
  <meta name='ocr-system' content='tesseract 3.04.00' />
  <meta name='ocr-capabilities' content='ocr_page ocr_carea ocr_par ocr_line ocrx_word'/>
</head>
<body>
  <div class='ocr_page' id='page_1' title='image "./dmartinilutheri01luthgoog_0171.png"; bbox 0 0 2356 4200; ppageno 0'>
   <div class='ocr_carea' id='block_1_1' title="bbox 6 240 712 347">
    <p class='ocr_par' dir='ltr' id='par_1_1' title="bbox 6 240 712 347">
     <span class='ocr_line' id='line_1_1' title="bbox 6 240 712 347; baseline 0 -17"><span class='ocrx_word' id='word_1_1' title='bbox 6 287 9 292; x_wconf 47' lang='lat'><strong>⁴</strong></span> <span class='ocrx_word' id='word_1_2' title='bbox 125 273 186 347; x_wconf 68' lang='lat' dir='ltr'><strong>1oe</strong></span> <span class='ocrx_word' id='word_1_3' title='bbox 424 240 582 332; x_wconf 71' lang='lat' dir='ltr'><strong>&#39;samone</strong></span> <span class='ocrx_word' id='word_1_4' title='bbox 599 272 712 330; x_wconf 72' lang='lat' dir='ltr'><strong>nuum</strong></span> 
     </span>
    </p>
   </div>
   <div class='ocr_carea' id='block_1_2' title="bbox 123 441 1092 3671">
    <p class='ocr_par' dir='ltr' id='par_1_2' title="bbox 123 441 1092 3671">
     <span class='ocr_line' id='line_1_2' title="bbox 123 441 1047 526; baseline -0.009 -15"><span class='ocrx_word' id='word_1_5' title='bbox 123 454 169 515; x_wconf 63' lang='lat' dir='ltr'><strong>et„</strong></span> <span class='ocrx_word' id='word_1_6' title='bbox 199 467 306 509; x_wconf 88' lang='lat' dir='ltr'><strong>amore</strong></span> <span class='ocrx_word' id='word_1_7' title='bbox 342 446 550 526; x_wconf 87' lang='lat' dir='ltr'><strong>praesentium</strong></span> <span class='ocrx_word' id='word_1_8' title='bbox 592 444 754 506; x_wconf 82' lang='lat' dir='ltr'><strong>abstracti.</strong></span> <span class='ocrx_word' id='word_1_9' title='bbox 804 441 959 525; x_wconf 76' lang='lat' dir='ltr'><strong>Quicquid</strong></span> <span class='ocrx_word' id='word_1_10' title='bbox 997 441 1047 521; x_wconf 88' lang='lat' dir='ltr'><strong>sit,</strong></span> 
     </span>
     <span class='ocr_line' id='line_1_3' title="bbox 123 525 1047 612; baseline -0.01 -17"><span class='ocrx_word' id='word_1_11' title='bbox 123 532 196 612; x_wconf 89' lang='lat' dir='ltr'><strong>quia</strong></span> <span class='ocrx_word' id='word_1_12' title='bbox 218 550 278 611; x_wconf 85' lang='lat' dir='ltr'><strong>ego</strong></span> <span class='ocrx_word' id='word_1_13' title='bbox 300 549 363 592; x_wconf 90' lang='lat' dir='ltr'><strong>non</strong></span> <span class='ocrx_word' id='word_1_14' title='bbox 385 528 526 611; x_wconf 80' lang='lat' dir='ltr'>intelligo</span> <span class='ocrx_word' id='word_1_15' title='bbox 548 529 623 590; x_wconf 86' lang='lat' dir='ltr'><strong>satis</strong></span> <span class='ocrx_word' id='word_1_16' title='bbox 644 528 725 589; x_wconf 88' lang='lat' dir='ltr'><strong>hanc</strong></span> <span class='ocrx_word' id='word_1_17' title='bbox 746 547 821 606; x_wconf 89' lang='lat' dir='ltr'><strong>rem,</strong></span> <span class='ocrx_word' id='word_1_18' title='bbox 842 527 903 588; x_wconf 88' lang='lat' dir='ltr'><strong>hcc</strong></span> <span class='ocrx_word' id='word_1_19' title='bbox 919 528 955 602; x_wconf 74' lang='lat' dir='ltr'><strong>*t</strong></span> <span class='ocrx_word' id='word_1_20' title='bbox 979 525 1047 586; x_wconf 86' lang='lat' dir='ltr'><strong>sine</strong></span> 
     </span>
     <span class='ocr_line' id='line_1_4' title="bbox 124 609 1046 690; baseline -0.005 -15"><span class='ocrx_word' id='word_1_21' title='bbox 124 613 216 676; x_wconf 89' lang='lat' dir='ltr'><strong>dubio</strong></span> <span class='ocrx_word' id='word_1_22' title='bbox 248 615 396 675; x_wconf 85' lang='lat' dir='ltr'><strong>incertum</strong></span> <span class='ocrx_word' id='word_1_23' title='bbox 418 617 480 688; x_wconf 80' lang='lat' dir='ltr'><strong>est,</strong></span> <span class='ocrx_word' id='word_1_24' title='bbox 514 630 553 672; x_wconf 85' lang='lat' dir='ltr'><strong>an</strong></span> <span class='ocrx_word' id='word_1_25' title='bbox 582 612 665 672; x_wconf 89' lang='lat' dir='ltr'><strong>Dens</strong></span> <span class='ocrx_word' id='word_1_26' title='bbox 697 611 908 690; x_wconf 80' lang='lat' dir='ltr'><strong>imperfectam</strong></span> <span class='ocrx_word' id='word_1_27' title='bbox 936 609 1046 670; x_wconf 62' lang='lat' dir='ltr'><strong>conci</strong></span> 
     </span>
     <span class='ocr_line' id='line_1_5' title="bbox 124 691 1047 776; baseline -0.007 -18"><span class='ocrx_word' id='word_1_28' title='bbox 124 698 240 758; x_wconf 87' lang='lat' dir='ltr'><strong>tionem</strong></span> <span class='ocrx_word' id='word_1_29' title='bbox 260 695 302 757; x_wconf 93' lang='lat' dir='ltr'><strong>ibi</strong></span> <span class='ocrx_word' id='word_1_30' title='bbox 324 714 380 776; x_wconf 86' lang='lat' dir='ltr'><strong>per</strong></span> <span class='ocrx_word' id='word_1_31' title='bbox 394 694 599 775; x_wconf 84' lang='lat' dir='ltr'><strong>indulgentias</strong></span> <span class='ocrx_word' id='word_1_32' title='bbox 621 695 765 772; x_wconf 84' lang='lat' dir='ltr'><strong>remittat,</strong></span> <span class='ocrx_word' id='word_1_33' title='bbox 787 692 870 773; x_wconf 87' lang='lat' dir='ltr'><strong>quod</strong></span> <span class='ocrx_word' id='word_1_34' title='bbox 889 691 1047 772; x_wconf 82' lang='lat' dir='ltr'><strong>imperlcc</strong></span> 
     </span>
     <span class='ocr_line' id='line_1_6' title="bbox 125 774 1049 843; baseline -0.009 0"><span class='ocrx_word' id='word_1_35' title='bbox 125 786 158 843; x_wconf 77' lang='lat' dir='ltr'><strong>te</strong></span> <span class='ocrx_word' id='word_1_36' title='bbox 189 784 369 840; x_wconf 78' lang='lat' dir='ltr'><strong>amaverunt</strong></span> <span class='ocrx_word' id='word_1_37' title='bbox 394 779 494 839; x_wconf 89' lang='lat' dir='ltr'><strong>Deum</strong></span> <span class='ocrx_word' id='word_1_38' title='bbox 528 784 560 838; x_wconf 87' lang='lat' dir='ltr'><strong>et</strong></span> <span class='ocrx_word' id='word_1_39' title='bbox 580 777 675 838; x_wconf 91' lang='lat' dir='ltr'><strong>nimio</strong></span> <span class='ocrx_word' id='word_1_40' title='bbox 709 776 821 838; x_wconf 81' lang='lat' dir='ltr'><strong>affectu</strong></span> <span class='ocrx_word' id='word_1_41' title='bbox 843 774 1049 836; x_wconf 81' lang='lat' dir='ltr'><strong>adhaeserunt</strong></span> 
     </span>
     <span class='ocr_line' id='line_1_7' title="bbox 130 859 1049 941; baseline -0.005 -18"><span class='ocrx_word' id='word_1_42' title='bbox 130 863 276 931; x_wconf 83' lang='lat' dir='ltr'><strong>creaturis</strong></span> <span class='ocrx_word' id='word_1_43' title='bbox 295 868 331 923; x_wconf 86' lang='lat' dir='ltr'><strong>et</strong></span> <span class='ocrx_word' id='word_1_44' title='bbox 351 861 396 921; x_wconf 89' lang='lat' dir='ltr'><strong>eic</strong></span> <span class='ocrx_word' id='word_1_45' title='bbox 417 866 539 941; x_wconf 81' lang='lat' dir='ltr'><strong>praeter</strong></span> <span class='ocrx_word' id='word_1_46' title='bbox 559 865 705 941; x_wconf 85' lang='lat' dir='ltr'><strong>peccata,</strong></span> <span class='ocrx_word' id='word_1_47' title='bbox 737 878 817 940; x_wconf 83' lang='lat' dir='ltr'><strong>quae</strong></span> <span class='ocrx_word' id='word_1_48' title='bbox 849 859 988 920; x_wconf 82' lang='lat' dir='ltr'><strong>feceruut</strong></span> <span class='ocrx_word' id='word_1_49' title='bbox 1017 863 1049 918; x_wconf 84' lang='lat' dir='ltr'><strong>et</strong></span> 
     </span>
     <span class='ocr_line' id='line_1_8' title="bbox 129 943 1048 1024; baseline -0.007 -17"><span class='ocrx_word' id='word_1_50' title='bbox 129 945 311 1009; x_wconf 84' lang='lat' dir='ltr'><strong>deleverunt</strong></span> <span class='ocrx_word' id='word_1_51' title='bbox 337 962 393 1024; x_wconf 91' lang='lat' dir='ltr'><strong>per</strong></span> <span class='ocrx_word' id='word_1_52' title='bbox 430 943 662 1021; x_wconf 76' lang='lat' dir='ltr'><strong>contritionem,</strong></span> <span class='ocrx_word' id='word_1_53' title='bbox 692 943 920 1004; x_wconf 85' lang='lat' dir='ltr'><strong>confessionem</strong></span> <span class='ocrx_word' id='word_1_54' title='bbox 951 948 984 1002; x_wconf 86' lang='lat' dir='ltr'><strong>et</strong></span> <span class='ocrx_word' id='word_1_55' title='bbox 1002 959 1048 1002; x_wconf 76' lang='lat' dir='ltr'><strong>re</strong></span> 
     </span>
     <span class='ocr_line' id='line_1_9' title="bbox 128 1024 1048 1107; baseline -0.004 -18"><span class='ocrx_word' id='word_1_56' title='bbox 128 1028 307 1091; x_wconf 80' lang='lat' dir='ltr'><strong>missionem</strong></span> <span class='ocrx_word' id='word_1_57' title='bbox 331 1026 511 1107; x_wconf 78' lang='lat' dir='ltr'><strong>plenariam,</strong></span> <span class='ocrx_word' id='word_1_58' title='bbox 533 1024 634 1086; x_wconf 88' lang='lat' dir='ltr'><strong>adhuc</strong></span> <span class='ocrx_word' id='word_1_59' title='bbox 653 1025 829 1087; x_wconf 72' lang='lat' dir='ltr'><strong>immundae</strong></span> <span class='ocrx_word' id='word_1_60' title='bbox 850 1030 930 1103; x_wconf 83' lang='lat' dir='ltr'><strong>sunt,</strong></span> <span class='ocrx_word' id='word_1_61' title='bbox 956 1040 1048 1104; x_wconf 84' lang='lat' dir='ltr'><strong>prop</strong></span> 
     </span>
     <span class='ocr_line' id='line_1_10' title="bbox 126 1108 1050 1188; baseline -0.005 -17"><span class='ocrx_word' id='word_1_62' title='bbox 126 1118 172 1171; x_wconf 87' lang='lat' dir='ltr'><strong>ter</strong></span> <span class='ocrx_word' id='word_1_63' title='bbox 195 1110 288 1172; x_wconf 86' lang='lat' dir='ltr'><strong>talem</strong></span> <span class='ocrx_word' id='word_1_64' title='bbox 310 1108 454 1171; x_wconf 78' lang='lat' dir='ltr'><strong>affectum</strong></span> <span class='ocrx_word' id='word_1_65' title='bbox 476 1115 642 1187; x_wconf 86' lang='lat' dir='ltr'><strong>terrenum,</strong></span> <span class='ocrx_word' id='word_1_66' title='bbox 666 1127 734 1169; x_wconf 90' lang='lat' dir='ltr'><strong>cum</strong></span> <span class='ocrx_word' id='word_1_67' title='bbox 758 1121 819 1188; x_wconf 78' lang='lat' dir='ltr'><strong>qu&#39;c</strong></span> <span class='ocrx_word' id='word_1_68' title='bbox 839 1112 1050 1184; x_wconf 73' lang='lat' dir='ltr'><strong>recesserunt,</strong></span> 
     </span>
     <span class='ocr_line' id='line_1_11' title="bbox 127 1190 1050 1272; baseline -0.004 -18"><span class='ocrx_word' id='word_1_69' title='bbox 127 1200 159 1255; x_wconf 88' lang='lat' dir='ltr'><strong>et</strong></span> <span class='ocrx_word' id='word_1_70' title='bbox 187 1195 292 1272; x_wconf 88' lang='lat' dir='ltr'><strong>utique</strong></span> <span class='ocrx_word' id='word_1_71' title='bbox 320 1190 373 1253; x_wconf 88' lang='lat' dir='ltr'><strong>ille</strong></span> <span class='ocrx_word' id='word_1_72' title='bbox 401 1191 515 1252; x_wconf 77' lang='lat' dir='ltr'><strong>remitti</strong></span> <span class='ocrx_word' id='word_1_73' title='bbox 544 1210 608 1253; x_wconf 90' lang='lat' dir='ltr'><strong>non</strong></span> <span class='ocrx_word' id='word_1_74' title='bbox 630 1193 731 1271; x_wconf 88' lang='lat' dir='ltr'><strong>potuit</strong></span> <span class='ocrx_word' id='word_1_75' title='bbox 751 1211 807 1272; x_wconf 86' lang='lat' dir='ltr'><strong>per</strong></span> <span class='ocrx_word' id='word_1_76' title='bbox 826 1190 1050 1272; x_wconf 79' lang='lat' dir='ltr'><strong>indulgentiam</strong></span> 
     </span>
     <span class='ocr_line' id='line_1_12' title="bbox 128 1273 1049 1356; baseline -0.002 -20"><span class='ocrx_word' id='word_1_77' title='bbox 128 1276 310 1356; x_wconf 75' lang='lat' dir='ltr'><strong>plenariam,</strong></span> <span class='ocrx_word' id='word_1_78' title='bbox 331 1294 401 1336; x_wconf 92' lang='lat' dir='ltr'><strong>cum</strong></span> <span class='ocrx_word' id='word_1_79' title='bbox 422 1273 559 1335; x_wconf 86' lang='lat' dir='ltr'><strong>nondum</strong></span> <span class='ocrx_word' id='word_1_80' title='bbox 574 1273 698 1336; x_wconf 84' lang='lat' dir='ltr'><strong>abesset</strong></span> <span class='ocrx_word' id='word_1_81' title='bbox 711 1283 743 1336; x_wconf 83' lang='lat' dir='ltr'><strong>et</strong></span> <span class='ocrx_word' id='word_1_82' title='bbox 760 1273 880 1336; x_wconf 86' lang='lat' dir='ltr'><strong>deletus</strong></span> <span class='ocrx_word' id='word_1_83' title='bbox 900 1292 956 1355; x_wconf 83' lang='lat' dir='ltr'><strong>per</strong></span> <span class='ocrx_word' id='word_1_84' title='bbox 970 1278 1049 1334; x_wconf 85' lang='lat' dir='ltr'><strong>&#39;ccu-</strong></span> 
     </span>
     <span class='ocr_line' id='line_1_13' title="bbox 128 1356 1051 1438; baseline -0.004 -19"><span class='ocrx_word' id='word_1_85' title='bbox 128 1359 284 1425; x_wconf 78' lang='lat' dir='ltr'><strong>triticnem</strong></span> <span class='ocrx_word' id='word_1_86' title='bbox 307 1376 430 1438; x_wconf 87' lang='lat' dir='ltr'><strong>semper</strong></span> <span class='ocrx_word' id='word_1_87' title='bbox 456 1363 595 1418; x_wconf 78' lang='lat' dir='ltr'><strong>maneret</strong></span> <span class='ocrx_word' id='word_1_88' title='bbox 623 1364 655 1418; x_wconf 87' lang='lat' dir='ltr'><strong>et</strong></span> <span class='ocrx_word' id='word_1_89' title='bbox 676 1365 780 1419; x_wconf 85' lang='lat' dir='ltr'><strong>manet</strong></span> <span class='ocrx_word' id='word_1_90' title='bbox 802 1363 879 1418; x_wconf 58' lang='lat' dir='ltr'><strong>actu&gt;</strong></span> <span class='ocrx_word' id='word_1_91' title='bbox 894 1357 925 1417; x_wconf 91' lang='lat' dir='ltr'><strong>in</strong></span> <span class='ocrx_word' id='word_1_92' title='bbox 948 1356 1051 1419; x_wconf 81' lang='lat' dir='ltr'><strong>anima</strong></span> 
     </span>
     <span class='ocr_line' id='line_1_14' title="bbox 127 1439 1092 1521; baseline -0.005 -18"><span class='ocrx_word' id='word_1_93' title='bbox 127 1447 280 1521; x_wconf 79' lang='lat' dir='ltr'><strong>separata,</strong></span> <span class='ocrx_word' id='word_1_94' title='bbox 302 1459 361 1501; x_wconf 89' lang='lat' dir='ltr'><strong>nec</strong></span> <span class='ocrx_word' id='word_1_95' title='bbox 383 1439 563 1520; x_wconf 86' lang='lat' dir='ltr'><strong>purgatorio</strong></span> <span class='ocrx_word' id='word_1_96' title='bbox 584 1440 698 1500; x_wconf 87' lang='lat' dir='ltr'><strong>remitti</strong></span> <span class='ocrx_word' id='word_1_97' title='bbox 726 1445 847 1521; x_wconf 87' lang='lat' dir='ltr'><strong>potest,</strong></span> <span class='ocrx_word' id='word_1_98' title='bbox 864 1439 938 1500; x_wconf 69' lang='lat' dir='ltr'><strong>:nisi</strong></span> <span class='ocrx_word' id='word_1_99' title='bbox 965 1439 1050 1519; x_wconf 88' lang='lat' dir='ltr'><strong>prins</strong></span> <span class='ocrx_word' id='word_1_100' title='bbox 1089 1447 1092 1454; x_wconf 87' lang='grc'><strong>“</strong></span> 
     </span>
     <span class='ocr_line' id='line_1_15' title="bbox 128 1519 1050 1604; baseline -0.003 -20"><span class='ocrx_word' id='word_1_101' title='bbox 128 1523 319 1603; x_wconf 84' lang='lat' dir='ltr'><strong>displicuerit</strong></span> <span class='ocrx_word' id='word_1_102' title='bbox 337 1541 394 1604; x_wconf 88' lang='lat' dir='ltr'><strong>per</strong></span> <span class='ocrx_word' id='word_1_103' title='bbox 416 1522 632 1584; x_wconf 86' lang='lat' dir='ltr'><strong>contritionem</strong></span> <span class='ocrx_word' id='word_1_104' title='bbox 651 1528 682 1583; x_wconf 91' lang='lat' dir='ltr'><strong>et</strong></span> <span class='ocrx_word' id='word_1_105' title='bbox 696 1523 960 1603; x_wconf 77' lang='lat' dir='ltr'><strong>resipiscentiam..</strong></span> <span class='ocrx_word' id='word_1_106' title='bbox 973 1519 1050 1596; x_wconf 77' lang='lat' dir='ltr'><strong>Quis</strong></span> 
     </span>
     <span class='ocr_line' id='line_1_16' title="bbox 128 1605 1049 1687; baseline -0.001 -21"><span class='ocrx_word' id='word_1_107' title='bbox 128 1607 220 1687; x_wconf 74' lang='lat' dir='ltr'><strong>igitar</strong></span> <span class='ocrx_word' id='word_1_108' title='bbox 241 1605 336 1684; x_wconf 87' lang='lat' dir='ltr'><strong>dolet,</strong></span> <span class='ocrx_word' id='word_1_109' title='bbox 359 1623 393 1666; x_wconf 89' lang='lat' dir='ltr'><strong>ee</strong></span> <span class='ocrx_word' id='word_1_110' title='bbox 415 1605 553 1666; x_wconf 79' lang='lat' dir='ltr'><strong>timuisse</strong></span> <span class='ocrx_word' id='word_1_111' title='bbox 575 1607 652 1666; x_wconf 89' lang='lat' dir='ltr'><strong>mori</strong></span> <span class='ocrx_word' id='word_1_112' title='bbox 675 1613 707 1666; x_wconf 92' lang='lat' dir='ltr'><strong>et</strong></span> <span class='ocrx_word' id='word_1_113' title='bbox 727 1612 829 1667; x_wconf 78' lang='lat' dir='ltr'><strong>cessat</strong></span> <span class='ocrx_word' id='word_1_114' title='bbox 845 1606 954 1666; x_wconf 77' lang='lat' dir='ltr'><strong>timere</strong></span> <span class='ocrx_word' id='word_1_115' title='bbox 969 1623 1049 1666; x_wconf 89' lang='lat' dir='ltr'><strong>mor·</strong></span> 
     </span>
     <span class='ocr_line' id='line_1_17' title="bbox 128 1686 1051 1768; baseline -0.003 -18"><span class='ocrx_word' id='word_1_116' title='bbox 128 1696 201 1767; x_wconf 88' lang='lat' dir='ltr'><strong>tem,</strong></span> <span class='ocrx_word' id='word_1_117' title='bbox 222 1689 244 1749; x_wconf 91' lang='lat' dir='ltr'><strong>i.</strong></span> <span class='ocrx_word' id='word_1_118' title='bbox 267 1707 292 1748; x_wconf 88' lang='lat' dir='ltr'><strong>e.</strong></span> <span class='ocrx_word' id='word_1_119' title='bbox 314 1686 438 1755; x_wconf 86' lang='lat' dir='ltr'><strong>rebellis</strong></span> <span class='ocrx_word' id='word_1_120' title='bbox 459 1707 529 1749; x_wconf 86' lang='lat' dir='ltr'><strong>esse</strong></span> <span class='ocrx_word' id='word_1_121' title='bbox 549 1687 674 1750; x_wconf 86' lang='lat' dir='ltr'><strong>divinae</strong></span> <span class='ocrx_word' id='word_1_122' title='bbox 692 1688 852 1768; x_wconf 87' lang='lat' dir='ltr'><strong>voluntati,</strong></span> <span class='ocrx_word' id='word_1_123' title='bbox 873 1706 979 1748; x_wconf 88' lang='lat' dir='ltr'><strong>nonne</strong></span> <span class='ocrx_word' id='word_1_124' title='bbox 999 1686 1051 1766; x_wconf 89' lang='lat' dir='ltr'><strong>qni</strong></span> 
     </span>
     <span class='ocr_line' id='line_1_18' title="bbox 128 1769 1051 1852; baseline -0.001 -20"><span class='ocrx_word' id='word_1_125' title='bbox 128 1772 191 1833; x_wconf 88' lang='lat' dir='ltr'><strong>hcc</strong></span> <span class='ocrx_word' id='word_1_126' title='bbox 210 1772 335 1851; x_wconf 82' lang='lat' dir='ltr'><strong>ipsimet</strong></span> <span class='ocrx_word' id='word_1_127' title='bbox 357 1769 471 1848; x_wconf 82' lang='lat' dir='ltr'><strong>dicunt,</strong></span> <span class='ocrx_word' id='word_1_128' title='bbox 494 1769 577 1850; x_wconf 89' lang='lat' dir='ltr'><strong>quod</strong></span> <span class='ocrx_word' id='word_1_129' title='bbox 598 1770 808 1852; x_wconf 84' lang='lat' dir='ltr'><strong>indulgentiae</strong></span> <span class='ocrx_word' id='word_1_130' title='bbox 830 1777 1051 1852; x_wconf 85' lang='lat' dir='ltr'><strong>prosunt-con·</strong></span> 
     </span>
     <span class='ocr_line' id='line_1_19' title="bbox 130 1847 1053 1935; baseline -0.001 -21"><span class='ocrx_word' id='word_1_131' title='bbox 130 1855 209 1915; x_wconf 86' lang='lat' dir='ltr'><strong>tritis</strong></span> <span class='ocrx_word' id='word_1_132' title='bbox 232 1860 327 1933; x_wconf 85' lang='lat' dir='ltr'><strong>atque</strong></span> <span class='ocrx_word' id='word_1_133' title='bbox 349 1853 509 1932; x_wconf 77' lang='lat' dir='ltr'><strong>confessis,</strong></span> <span class='ocrx_word' id='word_1_134' title='bbox 529 1853 600 1914; x_wconf 48' lang='lat' dir='ltr'><strong>*eliis</strong></span> <span class='ocrx_word' id='word_1_135' title='bbox 623 1847 840 1935; x_wconf 79' lang='lat' dir='ltr'><strong>irequcquam?</strong></span> <span class='ocrx_word' id='word_1_136' title='bbox 871 1853 941 1916; x_wconf 75' lang='lat' dir='ltr'><strong>aec</strong></span> <span class='ocrx_word' id='word_1_137' title='bbox 956 1852 1053 1932; x_wconf 82' lang='lat' dir='ltr'><strong>dices,</strong></span> 
     </span>
     <span class='ocr_line' id='line_1_20' title="bbox 130 1936 1092 2018; baseline -0.001 -21"><span class='ocrx_word' id='word_1_138' title='bbox 130 1936 276 2001; x_wconf 85' lang='lat' dir='ltr'><strong>contritio</strong></span> <span class='ocrx_word' id='word_1_139' title='bbox 311 1936 449 2016; x_wconf 82' lang='lat' dir='ltr'><strong>perfecta</strong></span> <span class='ocrx_word' id='word_1_140' title='bbox 481 1955 536 2016; x_wconf 87' lang='lat' dir='ltr'><strong>per</strong></span> <span class='ocrx_word' id='word_1_141' title='bbox 568 1955 603 1997; x_wconf 91' lang='lat' dir='ltr'><strong>se</strong></span> <span class='ocrx_word' id='word_1_142' title='bbox 635 1936 717 1998; x_wconf 88' lang='lat' dir='ltr'><strong>tollit</strong></span> <span class='ocrx_word' id='word_1_143' title='bbox 742 1956 875 1999; x_wconf 50' lang='lat' dir='ltr'><strong>&#39;omnem</strong></span> <span class='ocrx_word' id='word_1_144' title='bbox 908 1954 1054 2018; x_wconf 72' lang='lat' dir='ltr'><strong>poenam</strong></span> <span class='ocrx_word' id='word_1_145' title='bbox 1088 1938 1092 1947; x_wconf 89' lang='lat'>&#39;</span> 
     </span>
     <span class='ocr_line' id='line_1_21' title="bbox 130 2019 1055 2100; baseline -0.001 -20"><span class='ocrx_word' id='word_1_146' title='bbox 130 2038 206 2100; x_wconf 79' lang='lat' dir='ltr'><strong>ergo</strong></span> <span class='ocrx_word' id='word_1_147' title='bbox 238 2039 300 2080; x_wconf 90' lang='lat' dir='ltr'><strong>non</strong></span> <span class='ocrx_word' id='word_1_148' title='bbox 331 2019 525 2083; x_wconf 84' lang='lat' dir='ltr'><strong>necessariae</strong></span> <span class='ocrx_word' id='word_1_149' title='bbox 556 2019 784 2100; x_wconf 89' lang='lat' dir='ltr'><strong>indulgentiae,</strong></span> <span class='ocrx_word' id='word_1_150' title='bbox 817 2020 889 2099; x_wconf 80' lang='lat' dir='ltr'><strong>quic</strong></span> <span class='ocrx_word' id='word_1_151' title='bbox 917 2019 1055 2099; x_wconf 81' lang='lat' dir='ltr'><strong>perfecte</strong></span> 
     </span>
     <span class='ocr_line' id='line_1_22' title="bbox 130 2100 1054 2183; baseline -0.001 -19"><span class='ocrx_word' id='word_1_152' title='bbox 130 2102 279 2165; x_wconf 87' lang='lat' dir='ltr'><strong>contritus</strong></span> <span class='ocrx_word' id='word_1_153' title='bbox 313 2102 415 2163; x_wconf 87' lang='lat' dir='ltr'><strong>stetim</strong></span> <span class='ocrx_word' id='word_1_154' title='bbox 445 2100 558 2164; x_wconf 83' lang='lat' dir='ltr'><strong>evolet.</strong></span> <span class='ocrx_word' id='word_1_155' title='bbox 606 2102 804 2183; x_wconf 84' lang='lat' dir='ltr'><strong>Respondeo,</strong></span> <span class='ocrx_word' id='word_1_156' title='bbox 831 2104 931 2164; x_wconf 84' lang='lat' dir='ltr'><strong>lctecr</strong></span> <span class='ocrx_word' id='word_1_157' title='bbox 952 2121 1054 2163; x_wconf 85' lang='lat' dir='ltr'><strong>meam</strong></span> 
     </span>
     <span class='ocr_line' id='line_1_23' title="bbox 130 2183 1054 2266; baseline 0 -22"><span class='ocrx_word' id='word_1_158' title='bbox 130 2186 354 2266; x_wconf 65' lang='lat' dir='ltr'><strong>ignorantiam</strong></span> <span class='ocrx_word' id='word_1_159' title='bbox 388 2184 525 2264; x_wconf 84' lang='lat' dir='ltr'><strong>perfecte</strong></span> <span class='ocrx_word' id='word_1_160' title='bbox 553 2186 701 2247; x_wconf 86' lang='lat' dir='ltr'><strong>contritus</strong></span> <span class='ocrx_word' id='word_1_161' title='bbox 729 2186 835 2247; x_wconf 85' lang='lat' dir='ltr'><strong>evolat</strong></span> <span class='ocrx_word' id='word_1_162' title='bbox 862 2187 929 2249; x_wconf 89' lang='lat' dir='ltr'><strong>sine</strong></span> <span class='ocrx_word' id='word_1_163' title='bbox 956 2183 1054 2246; x_wconf 85' lang='lat' dir='ltr'><strong>indol-</strong></span> 
     </span>
     <span class='ocr_line' id='line_1_24' title="bbox 130 2267 1054 2350; baseline -0.001 -21"><span class='ocrx_word' id='word_1_164' title='bbox 130 2269 261 2348; x_wconf 85' lang='lat' dir='ltr'><strong>gentiis,</strong></span> <span class='ocrx_word' id='word_1_165' title='bbox 292 2268 470 2348; x_wconf 84' lang='lat' dir='ltr'><strong>imperfecte</strong></span> <span class='ocrx_word' id='word_1_166' title='bbox 515 2273 618 2329; x_wconf 85' lang='lat' dir='ltr'><strong>eutem</strong></span> <span class='ocrx_word' id='word_1_167' title='bbox 652 2287 711 2329; x_wconf 90' lang='lat' dir='ltr'><strong>nec</strong></span> <span class='ocrx_word' id='word_1_168' title='bbox 745 2287 814 2330; x_wconf 91' lang='lat' dir='ltr'><strong>curn</strong></span> <span class='ocrx_word' id='word_1_169' title='bbox 845 2267 1054 2350; x_wconf 77' lang='lat' dir='ltr'><strong>indulgentiis,</strong></span> 
     </span>
     <span class='ocr_line' id='line_1_25' title="bbox 132 2349 1055 2431; baseline 0.001 -22"><span class='ocrx_word' id='word_1_170' title='bbox 132 2351 203 2428; x_wconf 87' lang='lat' dir='ltr'><strong>quia</strong></span> <span class='ocrx_word' id='word_1_171' title='bbox 234 2370 254 2410; x_wconf 84' lang='lat' dir='ltr'><strong>e</strong></span> <span class='ocrx_word' id='word_1_172' title='bbox 284 2351 415 2411; x_wconf 85' lang='lat' dir='ltr'><strong>contrito</strong></span> <span class='ocrx_word' id='word_1_173' title='bbox 450 2349 700 2430; x_wconf 62' lang='lat' dir='ltr'><strong>perfecte‘Deue</strong></span> <span class='ocrx_word' id='word_1_174' title='bbox 733 2351 807 2412; x_wconf 89' lang='lat' dir='ltr'><strong>nihil</strong></span> <span class='ocrx_word' id='word_1_175' title='bbox 837 2351 962 2431; x_wconf 82' lang='lat' dir='ltr'><strong>requirit</strong></span> <span class='ocrx_word' id='word_1_176' title='bbox 994 2369 1055 2411; x_wconf 88' lang='lat' dir='ltr'><strong>nec</strong></span> 
     </span>
     <span class='ocr_line' id='line_1_26' title="bbox 131 2431 1055 2513; baseline 0.001 -21"><span class='ocrx_word' id='word_1_177' title='bbox 131 2451 190 2512; x_wconf 87' lang='lat' dir='ltr'><strong>pro</strong></span> <span class='ocrx_word' id='word_1_178' title='bbox 213 2431 391 2508; x_wconf 77' lang='lat' dir='ltr'><strong>actualibus,</strong></span> <span class='ocrx_word' id='word_1_179' title='bbox 414 2451 473 2492; x_wconf 89' lang='lat' dir='ltr'><strong>nec</strong></span> <span class='ocrx_word' id='word_1_180' title='bbox 489 2452 545 2513; x_wconf 88' lang='lat' dir='ltr'><strong>pro</strong></span> <span class='ocrx_word' id='word_1_181' title='bbox 563 2432 778 2512; x_wconf 82' lang='lat' dir='ltr'><strong>hebitnnlibus,</strong></span> <span class='ocrx_word' id='word_1_182' title='bbox 801 2434 820 2497; x_wconf 84' lang='lat' dir='ltr'><strong>i.</strong></span> <span class='ocrx_word' id='word_1_183' title='bbox 844 2452 870 2496; x_wconf 89' lang='lat' dir='ltr'><strong>e.</strong></span> <span class='ocrx_word' id='word_1_184' title='bbox 893 2433 1000 2495; x_wconf 87' lang='lat' dir='ltr'><strong>fomite</strong></span> <span class='ocrx_word' id='word_1_185' title='bbox 1023 2439 1055 2493; x_wconf 88' lang='lat' dir='ltr'><strong>et</strong></span> 
     </span>
     <span class='ocr_line' id='line_1_27' title="bbox 131 2514 1054 2679; baseline 0.003 -23"><span class='ocrx_word' id='word_1_186' title='bbox 131 2514 264 2657; x_wconf 60' lang='lat' dir='ltr'><strong>tlt</strong></span> <span class='ocrx_word' id='word_1_187' title='bbox 292 2514 1054 2679; x_wconf 44' lang='lat' dir='ltr'><strong>itidem?ttlltllttttttt·</strong></span> 
     </span>
     <span class='ocr_line' id='line_1_28' title="bbox 131 2679 1052 2760; baseline 0.003 -21"><span class='ocrx_word' id='word_1_188' title='bbox 131 2679 321 2741; x_wconf 89' lang='lat' dir='ltr'><strong>redimuntur</strong></span> <span class='ocrx_word' id='word_1_189' title='bbox 341 2681 472 2755; x_wconf 78' lang='lat' dir='ltr'><strong>animae,</strong></span> <span class='ocrx_word' id='word_1_190' title='bbox 495 2680 604 2760; x_wconf 85' lang='lat' dir='ltr'><strong>quibus</strong></span> <span class='ocrx_word' id='word_1_191' title='bbox 626 2682 759 2744; x_wconf 77' lang='lat' dir='ltr'><strong>actualis</strong></span> <span class='ocrx_word' id='word_1_192' title='bbox 773 2683 974 2758; x_wconf 84' lang='lat' dir='ltr'><strong>remittuntur,</strong></span> <span class='ocrx_word' id='word_1_193' title='bbox 997 2679 1052 2743; x_wconf 82' lang='lat' dir='ltr'><strong>ead</strong></span> 
     </span>
     <span class='ocr_line' id='line_1_29' title="bbox 131 2762 1054 2844; baseline 0.002 -22"><span class='ocrx_word' id='word_1_194' title='bbox 131 2769 236 2824; x_wconf 83' lang='lat' dir='ltr'><strong>manet</strong></span> <span class='ocrx_word' id='word_1_195' title='bbox 288 2763 438 2844; x_wconf 87' lang='lat' dir='ltr'><strong>originale</strong></span> <span class='ocrx_word' id='word_1_196' title='bbox 488 2782 542 2823; x_wconf 89' lang='lat' dir='ltr'><strong>eeu</strong></span> <span class='ocrx_word' id='word_1_197' title='bbox 580 2763 761 2828; x_wconf 85' lang='lat' dir='ltr'><strong>habituale?</strong></span> <span class='ocrx_word' id='word_1_198' title='bbox 817 2764 895 2827; x_wconf 85' lang='lat' dir='ltr'><strong>Nam</strong></span> <span class='ocrx_word' id='word_1_199' title='bbox 944 2762 1054 2844; x_wconf 86' lang='lat' dir='ltr'><strong>quibus</strong></span> 
     </span>
     <span class='ocr_line' id='line_1_30' title="bbox 132 2843 1054 2925; baseline 0.003 -20"><span class='ocrx_word' id='word_1_200' title='bbox 132 2843 282 2925; x_wconf 78' lang='lat' dir='ltr'><strong>originale</strong></span> <span class='ocrx_word' id='word_1_201' title='bbox 317 2845 493 2924; x_wconf 86' lang='lat' dir='ltr'><strong>remittitur,</strong></span> <span class='ocrx_word' id='word_1_202' title='bbox 539 2851 570 2907; x_wconf 91' lang='lat' dir='ltr'><strong>et</strong></span> <span class='ocrx_word' id='word_1_203' title='bbox 613 2848 749 2925; x_wconf 68' lang='lat' dir='ltr'><strong>actuale,</strong></span> <span class='ocrx_word' id='word_1_204' title='bbox 787 2847 842 2910; x_wconf 80' lang='lat' dir='ltr'><strong>sed</strong></span> <span class='ocrx_word' id='word_1_205' title='bbox 880 2866 944 2910; x_wconf 88' lang='lat' dir='ltr'><strong>non</strong></span> <span class='ocrx_word' id='word_1_206' title='bbox 982 2865 1054 2908; x_wconf 90' lang='lat' dir='ltr'><strong>ccu-</strong></span> 
     </span>
     <span class='ocr_line' id='line_1_31' title="bbox 130 2927 1054 3011; baseline 0.003 -23"><span class='ocrx_word' id='word_1_207' title='bbox 130 2935 185 2988; x_wconf 82' lang='lat' dir='ltr'><strong>tra</strong></span> <span class='ocrx_word' id='word_1_208' title='bbox 240 2927 396 3009; x_wconf 89' lang='lat' dir='ltr'><strong>Originale</strong></span> <span class='ocrx_word' id='word_1_209' title='bbox 436 2927 505 2989; x_wconf 90' lang='lat' dir='ltr'><strong>dico</strong></span> <span class='ocrx_word' id='word_1_210' title='bbox 560 2930 696 2991; x_wconf 83' lang='lat' dir='ltr'><strong>fomitem</strong></span> <span class='ocrx_word' id='word_1_211' title='bbox 757 2950 796 2992; x_wconf 86' lang='lat' dir='ltr'><strong>ex</strong></span> <span class='ocrx_word' id='word_1_212' title='bbox 846 2931 965 3011; x_wconf 81' lang='lat' dir='ltr'><strong>origine</strong></span> <span class='ocrx_word' id='word_1_213' title='bbox 1007 2946 1054 2990; x_wconf 71' lang='lat' dir='ltr'><strong>rc</strong></span> 
     </span>
     <span class='ocr_line' id='line_1_32' title="bbox 130 3009 1055 3092; baseline 0.006 -24"><span class='ocrx_word' id='word_1_214' title='bbox 130 3009 249 3090; x_wconf 84' lang='lat' dir='ltr'><strong>lictum,</strong></span> <span class='ocrx_word' id='word_1_215' title='bbox 270 3011 476 3092; x_wconf 85' lang='lat' dir='ltr'><strong>pergratiam</strong></span> <span class='ocrx_word' id='word_1_216' title='bbox 506 3012 643 3073; x_wconf 91' lang='lat' dir='ltr'><strong>nondum</strong></span> <span class='ocrx_word' id='word_1_217' title='bbox 668 3020 810 3074; x_wconf 87' lang='lat' dir='ltr'><strong>sanatum</strong></span> <span class='ocrx_word' id='word_1_218' title='bbox 838 3021 870 3074; x_wconf 89' lang='lat' dir='ltr'><strong>et</strong></span> <span class='ocrx_word' id='word_1_219' title='bbox 889 3009 1055 3074; x_wconf 65' lang='lat' dir='ltr'><strong>mortifica»</strong></span> 
     </span>
     <span class='ocr_line' id='line_1_33' title="bbox 132 3093 1054 3175; baseline 0.001 -21"><span class='ocrx_word' id='word_1_220' title='bbox 132 3097 207 3170; x_wconf 83' lang='lat' dir='ltr'><strong>tum,</strong></span> <span class='ocrx_word' id='word_1_221' title='bbox 229 3102 263 3154; x_wconf 90' lang='lat' dir='ltr'><strong>ut</strong></span> <span class='ocrx_word' id='word_1_222' title='bbox 283 3093 444 3173; x_wconf 83' lang='lat' dir='ltr'><strong>apostolus</strong></span> <span class='ocrx_word' id='word_1_223' title='bbox 467 3093 555 3154; x_wconf 83' lang='lat' dir='ltr'><strong>Rom.</strong></span> <span class='ocrx_word' id='word_1_224' title='bbox 578 3098 597 3160; x_wconf 90' lang='grc'>6</span> <span class='ocrx_word' id='word_1_225' title='bbox 619 3101 651 3155; x_wconf 87' lang='lat' dir='ltr'><strong>et</strong></span> <span class='ocrx_word' id='word_1_226' title='bbox 670 3097 690 3159; x_wconf 88' lang='lat'>8</span> <span class='ocrx_word' id='word_1_227' title='bbox 713 3096 855 3175; x_wconf 88' lang='lat' dir='ltr'><strong>loquitur.</strong></span> <span class='ocrx_word' id='word_1_228' title='bbox 899 3097 947 3156; x_wconf 85' lang='lat' dir='ltr'><strong>An</strong></span> <span class='ocrx_word' id='word_1_229' title='bbox 973 3111 1054 3174; x_wconf 79' lang='lat' dir='ltr'><strong>quac</strong></span> 
     </span>
     <span class='ocr_line' id='line_1_34' title="bbox 132 3177 1053 3260; baseline 0.004 -25"><span class='ocrx_word' id='word_1_230' title='bbox 132 3183 324 3254; x_wconf 85' lang='lat' dir='ltr'><strong>meruerunt,</strong></span> <span class='ocrx_word' id='word_1_231' title='bbox 355 3183 389 3235; x_wconf 91' lang='lat' dir='ltr'><strong>ut</strong></span> <span class='ocrx_word' id='word_1_232' title='bbox 410 3177 441 3235; x_wconf 90' lang='lat' dir='ltr'><strong>in</strong></span> <span class='ocrx_word' id='word_1_233' title='bbox 462 3179 641 3258; x_wconf 87' lang='lat' dir='ltr'><strong>purgatorio</strong></span> <span class='ocrx_word' id='word_1_234' title='bbox 672 3178 722 3239; x_wconf 88' lang='lat' dir='ltr'><strong>vel</strong></span> <span class='ocrx_word' id='word_1_235' title='bbox 744 3185 844 3239; x_wconf 88' lang='lat' dir='ltr'><strong>morte</strong></span> <span class='ocrx_word' id='word_1_236' title='bbox 866 3177 958 3260; x_wconf 86' lang='lat' dir='ltr'><strong>digne</strong></span> <span class='ocrx_word' id='word_1_237' title='bbox 980 3195 1053 3239; x_wconf 87' lang='lat' dir='ltr'><strong>con·</strong></span> 
     </span>
     <span class='ocr_line' id='line_1_35' title="bbox 131 3258 1052 3342; baseline 0.002 -25"><span class='ocrx_word' id='word_1_238' title='bbox 131 3258 268 3319; x_wconf 73' lang='lat' dir='ltr'><strong>teruntur</strong></span> <span class='ocrx_word' id='word_1_239' title='bbox 289 3278 381 3339; x_wconf 86' lang='lat' dir='ltr'><strong>super</strong></span> <span class='ocrx_word' id='word_1_240' title='bbox 403 3259 510 3319; x_wconf 87' lang='lat' dir='ltr'><strong>lomite</strong></span> <span class='ocrx_word' id='word_1_241' title='bbox 531 3259 606 3337; x_wconf 87' lang='lat' dir='ltr'><strong>hcc,</strong></span> <span class='ocrx_word' id='word_1_242' title='bbox 639 3279 694 3340; x_wconf 86' lang='lat' dir='ltr'><strong>per</strong></span> <span class='ocrx_word' id='word_1_243' title='bbox 715 3261 922 3342; x_wconf 79' lang='lat' dir='ltr'><strong>indulgentius</strong></span> <span class='ocrx_word' id='word_1_244' title='bbox 945 3277 1052 3323; x_wconf 85' lang='lat' dir='ltr'><strong>conse·</strong></span> 
     </span>
     <span class='ocr_line' id='line_1_36' title="bbox 131 3337 1054 3483; baseline 0.005 -85"><span class='ocrx_word' id='word_1_245' title='bbox 131 3339 282 3483; x_wconf 68' lang='lat' dir='ltr'><strong>guantur?</strong></span> <span class='ocrx_word' id='word_1_246' title='bbox 303 3340 392 3401; x_wconf 90' lang='lat' dir='ltr'><strong>Hauc</strong></span> <span class='ocrx_word' id='word_1_247' title='bbox 414 3341 626 3404; x_wconf 84' lang='lat' dir='ltr'><strong>difficultatem</strong></span> <span class='ocrx_word' id='word_1_248' title='bbox 656 3362 716 3402; x_wconf 90' lang='lat' dir='ltr'><strong>uon</strong></span> <span class='ocrx_word' id='word_1_249' title='bbox 745 3337 948 3424; x_wconf 85' lang='lat' dir='ltr'><strong>perpendunt,</strong></span> <span class='ocrx_word' id='word_1_250' title='bbox 970 3341 1054 3422; x_wconf 89' lang='lat' dir='ltr'><strong>quod</strong></span> 
     </span>
     <span class='ocr_line' id='line_1_37' title="bbox 152 3423 1053 3506; baseline -0.002 -19"><span class='ocrx_word' id='word_1_251' title='bbox 152 3440 170 3487; x_wconf 75' lang='lat' dir='ltr'><strong>a</strong></span> <span class='ocrx_word' id='word_1_252' title='bbox 204 3423 316 3485; x_wconf 83' lang='lat' dir='ltr'><strong>fomitis</strong></span> <span class='ocrx_word' id='word_1_253' title='bbox 349 3424 586 3489; x_wconf 86' lang='lat' dir='ltr'><strong>mortificatione</strong></span> <span class='ocrx_word' id='word_1_254' title='bbox 614 3431 645 3485; x_wconf 89' lang='lat' dir='ltr'><strong>et</strong></span> <span class='ocrx_word' id='word_1_255' title='bbox 671 3425 798 3488; x_wconf 88' lang='lat' dir='ltr'><strong>radicali</strong></span> <span class='ocrx_word' id='word_1_256' title='bbox 831 3433 960 3506; x_wconf 88' lang='lat' dir='ltr'><strong>peccato</strong></span> <span class='ocrx_word' id='word_1_257' title='bbox 989 3444 1053 3486; x_wconf 79' lang='lat' dir='ltr'><strong>am·</strong></span> 
     </span>
     <span class='ocr_line' id='line_1_38' title="bbox 129 3504 1052 3584; baseline 0.003 -19"><span class='ocrx_word' id='word_1_258' title='bbox 129 3504 210 3584; x_wconf 86' lang='lat' dir='ltr'><strong>plius</strong></span> <span class='ocrx_word' id='word_1_259' title='bbox 232 3524 324 3566; x_wconf 88' lang='lat' dir='ltr'><strong>nemo</strong></span> <span class='ocrx_word' id='word_1_260' title='bbox 347 3512 396 3566; x_wconf 87' lang='lat' dir='ltr'><strong>eet</strong></span> <span class='ocrx_word' id='word_1_261' title='bbox 415 3507 576 3583; x_wconf 86' lang='lat' dir='ltr'><strong>sollicitus,</strong></span> <span class='ocrx_word' id='word_1_262' title='bbox 610 3514 727 3569; x_wconf 92' lang='lat' dir='ltr'><strong>tantum</strong></span> <span class='ocrx_word' id='word_1_263' title='bbox 749 3508 788 3570; x_wconf 89' lang='lat' dir='ltr'><strong>de</strong></span> <span class='ocrx_word' id='word_1_264' title='bbox 809 3507 981 3570; x_wconf 79' lang='lat' dir='ltr'><strong>actualibus</strong></span> <span class='ocrx_word' id='word_1_265' title='bbox 1003 3527 1052 3569; x_wconf 89' lang='lat' dir='ltr'><strong>cu-</strong></span> 
     </span>
     <span class='ocr_line' id='line_1_39' title="bbox 128 3588 1053 3671; baseline 0.006 -25"><span class='ocrx_word' id='word_1_266' title='bbox 128 3594 199 3647; x_wconf 84' lang='lat' dir='ltr'><strong>rant</strong></span> <span class='ocrx_word' id='word_1_267' title='bbox 231 3588 442 3667; x_wconf 81' lang='lat' dir='ltr'><strong>amputandis,</strong></span> <span class='ocrx_word' id='word_1_268' title='bbox 475 3590 682 3670; x_wconf 88' lang='lat' dir='ltr'><strong>conterendo,</strong></span> <span class='ocrx_word' id='word_1_269' title='bbox 715 3591 902 3671; x_wconf 85' lang='lat' dir='ltr'><strong>confitendo,</strong></span> <span class='ocrx_word' id='word_1_270' title='bbox 935 3590 1053 3652; x_wconf 80' lang='lat' dir='ltr'><strong>satiefa</strong></span> 
     </span>
    </p>
   </div>
   <div class='ocr_carea' id='block_1_3' title="bbox 168 3752 532 3826">
    <p class='ocr_par' dir='ltr' id='par_1_3' title="bbox 168 3752 532 3826">
     <span class='ocr_line' id='line_1_40' title="bbox 168 3752 532 3826; baseline 0.011 -15"><span class='ocrx_word' id='word_1_271' title='bbox 168 3752 215 3826; x_wconf 76' lang='grc'><strong>’*)</strong></span> <span class='ocrx_word' id='word_1_272' title='bbox 236 3758 349 3813; x_wconf 82' lang='lat' dir='ltr'><strong>Sincere</strong></span> <span class='ocrx_word' id='word_1_273' title='bbox 377 3759 532 3815; x_wconf 75' lang='lat' dir='ltr'><strong>Confessio.</strong></span> 
     </span>
    </p>
   </div>
   <div class='ocr_carea' id='block_1_4' title="bbox 0 0 1190 4200">
    <p class='ocr_par' dir='ltr' id='par_1_4' title="bbox 0 0 1190 4200">
     <span class='ocr_line' id='line_1_41' title="bbox 0 0 1190 4200; baseline 0 0"><span class='ocrx_word' id='word_1_274' title='bbox 0 0 1190 4200; x_wconf 95' lang='lat' dir='ltr'><strong> </strong></span> 
     </span>
    </p>
   </div>
  </div>
 </body>
</html>
