2356 4200
121 277 191 349 ,234
263 283 298 337 u.
318 270 429 338 nuilla
447 285 525 354 epist.
546 270 745 338 milianum
764 283 901 354 erema..

11 518 19 524 ,
129 455 185 516 sub
214 454 248 516 T.
277 435 551 516 reuerendissimas
581 453 776 514 Paternitatis
803 438 929 518 nomine
952 450 1053 534 edita,

130 538 240 601 dicitur
268 539 390 619 (utique
412 538 479 598 sine
499 537 534 603 Τ.
555 538 588 600 P.
611 536 885 621 reverendissimae
907 545 939 600 et
954 537 1052 599 scieri-

130 623 173 682 tia
195 626 225 682 et
247 623 424 698 consensu)
449 639 541 682 unam
562 619 774 701 principalium
796 623 961 704 gratiarum
982 640 1053 682 esse

12 739 22 754 κ
130 703 247 766 donum
275 703 350 765 illud
376 704 434 765 Dei
461 702 703 782 inaestimabile,
738 722 799 783 quo
837 705 1054 768 reconcilietur

92 818 110 833 -
132 787 317 866 homoDeo,
341 792 372 848 et
393 785 844 868 omnespoenaedeleantur¹)
873 789 1052 871 purgatorii.

127 868 216 952 Item,
239 869 321 950 quod
344 888 406 931 non
429 871 468 931 sit
489 871 666 931 necessaria
687 871 830 933 contritio
854 871 966 950 his2),
1000 869 1053 951 qui

129 954 248 1014 animas
270 952 320 1014 vel
341 952 582 1017 confessionalis
602 952 764 1016 redimunt.

209 1035 273 1098 Sed
294 1035 367 1117 quid
387 1037 498 1097 faciam
521 1037 637 1117 optime
650 1034 776 1097 Praesrd
798 1042 830 1097 et
846 1035 1072 1113 illustrissime·

128 1118 288 1199 Princeps,
316 1119 375 1179 nisi
401 1118 484 1198 quod
505 1138 560 1199 per
581 1117 748 1180 Dominum
768 1120 874 1181 desum
897 1118 1053 1179 Christum

129 1199 164 1264 T.
192 1200 478 1263 reverendissimam
513 1201 733 1263 Paternitatem
763 1197 864 1280 crem,
883 1204 885 1208 ’
901 1210 1080 1282 qnatenus·

132 1283 254 1346 oculum
267 1282 416 1365 paternae
428 1303 520 1346 curae
534 1284 562 1344 di
609 1290 676 1346 etur
689 1284 909 1364 admitteie³),
932 1291 963 1345 et
980 1280 1053 1345 sun-

132 1366 203 1428 dem
225 1367 362 1429 libellum
383 1367 505 1447 penitus
527 1367 572 1428 tol
585 1386 646 1448 erc,
669 1372 701 1428 et
721 1366 983 1449 praedicatoribus
1001 1387 1053 1429 ve-

134 1452 253 1511 niarum
292 1451 451 1532 imponere
483 1450 574 1511 aliam
609 1450 809 1532 praedicandi
835 1451 979 1529 formam,
1012 1471 1055 1511 ne

138 1531 217 1593 sorte
241 1532 350 1613 aliquis
373 1534 496 1594 tandem
520 1530 680 1616 exsurgat,
702 1535 753 1614 qni
776 1534 866 1595 editis
886 1529 999 1596 libellis
1024 1540 1056 1594 et

128 1615 199 1676 illos
224 1623 255 1677 et
276 1615 412 1678 libellum
434 1611 519 1678 illum
541 1615 696 1695 confutet,
718 1616 950 1698 advituperium
973 1636 1054 1677 sum·

129 1718 211 1759 mum
241 1698 465 1761 illustrissimae
486 1701 560 1760 ¹tuae
582 1698 793 1780 sublimitatis,
815 1700 897 1780 quod
920 1707 981 1783 ego
1001 1700 1054 1761 've-

129 1781 291 1866 hementer
313 1781 438 1863 quidem
459 1781 525 1843 fieri
547 1781 715 1862 abborreo,
744 1788 898 1844 ettamen
920 1783 1053 1844 firturnm

132 1865 238 1941 timeo,
260 1866 318 1926 nial
341 1866 403 1927 cito
427 1869 628 1929 succurratur.
695 1863 706 1880 ”

213 1948 300 2009 Haec
322 1968 410 2010 meae
433 1949 592 2030 parvitatis
613 1945 718 2009 fidelia
739 1947 856 2026 officia,
885 1967 979 2071 rapo,
1001 1955 1054 2009 tua

129 2028 337 2093 illustrissima
357 2033 457 2113 gratia
479 2030 627 2112 dignetur
642 2032 782 2112 accipere
808 2033 911 2093 animo
936 2039 950 2109 J
973 2032 1053 2112 prin-

128 2112 223 2194 cipali
248 2120 280 2175 et
301 2114 483 2196 episcopali,
506 2113 608 2189 idest,
631 2112 881 2194 clementissimo,
903 2115 1053 2196 sicutego

129 2216 167 2257 ea
197 2197 340 2258 exhibeo·
365 2197 459 2259 corde
479 2194 674 2276 fidelissimo,
702 2203 733 2258 et
752 2197 788 2257 Τ.
810 2198 843 2258 Ρ.
864 2194 1053 2258 reverendis-

131 2280 235 2339 simae
263 2280 470 2358 deditissimo,
498 2277 621 2360 qunndo
652 2284 683 2340 et
710 2299 768 2363 ego
788 2299 867 2423 pars
896 2280 988 2341 ovilis
1009 2282 1052 2341 tui

129 2361 250 2437 iuml)
306 2356 456 2424 Dominus
489 2362 576 2426 Iesus
610 2362 763 2424 custodiat
817 2409 824 2425 .
863 2362 1051 2424 reverendis-

129 2446 241 2514 simam
263 2445 482 2508 Paternitatem
505 2447 536 2505 iu
558 2450 727 2526 aeternum,
749 2447 857 2510 Amen.

211 2528 260 2588 Ex
275 2528 516 2611 Vuittemberga,
533 2528 564 2588 in
583 2527 688 2609 vigilia
699 2530 840 2589 ‘omnium
859 2528 1052 2606 Sanctorum,

128 2609 220 2672 Anno
242 2611 282 2673 M.
299 2612 341 2675 Ἰ).
369 2611 465 2675 XVlI.
537 2632 540 2637 ·
1016 2637 1018 2639 ¹

154 2695 156 2699 ’
212 2693 245 2756 Si
277 2693 311 2756 T.
341 2693 616 2756 reverendissimae
645 2692 679 2756 P.
707 2693 826 2788 placet,
854 2693 969 2791 poterit
993 2694 1051 2755 lias

130 2796 214 2837 meas
242 2775 520 2860 Disputationes*)
553 2775 676 2856 videre,
707 2782 740 2837 ut
766 2774 932 2858 intelligat,
960 2795 1051 2859 quam

129 2857 223 2920 dubia
251 2879 300 2921 res
335 2858 657 2943 sit'indulgentisrnm
681 2860 803 2940 opinio,
838 2878 930 2939 quam
952 2859 996 2920 illi
1019 2866 1051 2921 nt

128 2943 327 3003 certissimam
350 2942 551 3016 seminarat)

129 3102 132 3106 ι
211 3059 246 3122 Τ.
269 3059 543 3122 reverendissimae
563 3059 597 3120 P.

546 3175 579 3237 F.
601 3175 748 3236 Martinus
767 3174 965 3254 Lnthems.¹)

183 3428 213 3492 l)
235 3426 268 3480 ds
288 3428 343 3482 W.:
365 3427 499 3482 delentur.
537 3424 569 3494 2)
591 3426 626 3480 de
645 3426 702 3479 W.:
721 3427 764 3479 lis.
794 3426 825 3494 3)
839 3427 941 3497 deW,:
954 3428 1051 3482 sdver-

128 3501 195 3551 tcre.
233 3498 264 3567 4)
287 3497 377 3554 deW.:
398 3499 492 3553 modo.
531 3499 560 3561 5)
581 3498 615 3552 de
634 3499 690 3549 W.:
710 3513 771 3550 sum
791 3499 864 3551 enim
879 3504 1050 3568 etegopars

129 3569 210 3622 ovilis
231 3572 280 3621 tui.
304 3570 332 3629 6)
354 3571 454 3625 deW.:
474 3572 621 3634 somniant.
656 3568 688 3636 7)
702 3568 804 3623 deW.:
825 3569 1049 3641 Indignusfilius.

129 3639 261 3693 Martinus
292 3642 405 3709 Luther,
443 3641 590 3711 Angustia.
620 3640 725 3693 Doctor
751 3641 778 3693 S.
802 3641 898 3694 Theoi.
927 3649 1049 3697 vocatus.

185 3713 216 3779 ⁴)
238 3712 347 3766 Scilicet
367 3715 400 3768 de
421 3715 592 3782 poenitentia
611 3717 638 3766 et
655 3711 844 3781 indulgentiis,
865 3729 982 3785 quarum
1002 3716 1051 3768 ini·

128 3783 198 3836 tium
218 3790 277 3838 est:
296 3785 434 3841 Dominus
454 3790 481 3839 et
498 3780 744 3854 Magistcr'nostcr
761 3783 842 3839 tenu·
862 3785 997 3841 Christus.
