2356 4200
212 305 305 359 Resol.
329 303 437 372 Disput.
457 300 628 373 de'¹¹lndulg.¹
643 300 746 354 virtute
758 299 795 354 >lli
815 299 848 352 u.
869 299 947 354 Lutlr.
984 292 1046 362 123

123 468 271 535 butherirs
300 470 457 556 Episcopo
491 476 576 555 hnic,
610 474 807 536 Dloec'esano
841 479 947 554 utpote
978 480 1045 553 suc,

122 559 324 637 propositum·
338 577 426 618 snum
447 559 614 638 aperuerit,
636 558 709 636 licet
726 558 836 619 literae
859 576 921 619 non
944 558 1044 637 aeqne'

123 636 162 700 aa
180 640 265 719 illae,
288 658 363 720 quas
387 648 459 701 tunc
481 641 518 702 ad
542 641 818 721 Archiepiscopum
843 641 971 722 scripsit,
994 654 1046 700 ex·

123 730 219 783 stent:
250 731 281 784 et
302 727 347 784 sic
369 725 468 784 lucem
492 726 632 805 capiunt,
656 744 734 803 quae
751 723 1045 784 'Lntherns'ln‘litess

123 808 163 866 ris
186 805 225 866 ad
238 807 419 868 Pontificem
445 808 536 887 paulo
557 815 629 887 post
649 808 728 867 datis
747 808 848 886 refert,
871 818 911 868 se
926 808 1045 887 priva

123 891 190 950 tim
210 893 409 951 monuisse
432 892 801 970 aliquosmagnates
819 890 1046 979 ecelesiaess

123 973 189 1032 Nec
211 972 310 1032 minus
334 974 486 1034 coniicere
508 972 581 1033 inde
603 992 788 1053 possumus,
817 974 981 1034 bulherum
1003 975 1046 1054 ip·-

124 1070 192 1115 sum
213 1057 412 1136 probationes
434 1059 499 1117 sive
520 1057 737 1136 resolutiones,
760 1074 835 1136 quas
862 1056 952 1138 paulo
975 1062 1048 1137 post

124 1140 227 1199 theses
250 1142 423 1219 propositas
446 1147 539 1220 atque
560 1142 621 1200 iarn
643 1148 715 1200 ante
737 1158 851 1200 annum
876 1143 955 1204 1517
978 1138 1040 1199 dni

125 1230 187 1282 tum
212 1230 336 1301 paratas
359 1224 451 1283 luisse
474 1224 567 1284 modo
591 1224 810 1304 cognovimus,
839 1225 905 1284 sive
927 1224 1047 1284 ratione

123 1305 271 1385 Episcopi
293 1307 340 1365 sui
362 1306 465 1366 habita
478 1308 542 1366 sive
564 1315 742 1386 spe'aequa
763 1307 950 1387 impetrandi
965 1325 1046 1367 com

123 1396 242 1448 motum
267 1391 347 1468 typis
371 1389 517 1470 evulgare
539 1390 727 1468 aliquantum
751 1388 914 1452 distulisse.
946 1389 1047 1465 Quum

125 1490 198 1531 vero
222 1489 285 1530 non
304 1471 457 1549 deessent,
480 1473 531 1551 qui
553 1472 658 1533 obbas
673 1473 776 1533 theses
794 1473 956 1554 obiurgare
967 1493 1047 1553 eum,

123 1550 314 1634 impugnare,
338 1563 482 1634 tanquam
506 1555 693 1616 haereticum
714 1555 863 1617 infamare
884 1566 952 1617 n'on·
970 1557 1047 1618 desl-

125 1647 243 1716 nerent,
263 1637 462 1716 probationes
486 1656 589 1698 earum
612 1640 642 1701 in
655 1639 764 1720 vulgus
782 1639 873 1700 edere
885 1639 967 1720 apud
984 1640 1046 1700 ani⁴

125 1736 321 1779 mum-snum
351 1723 510 1782 constituit
547 1730 578 1803 et
598 1724 658 1782 iam
682 1722 733 1799 die
756 1723 807 1785 lX3
839 1725 953 1782 mensib
975 1723 1046 1783 Mali

124 1824 152 1864 a.
179 1804 275 1881 1518,
304 1823 395 1882 quum
432 1805 639 1886 Heidelberga
676 1810 879 1866 reverteretur
909 1805 1048 1866 Wittenr

124 1883 260 1965 bergam,
282 1884 451 1965 Erllrrdiae,
474 1888 525 1946 nbi
549 1897 611 1949 tum
625 1889 959 1968 inAugustinianorurn
983 1889 1069 1950 mc·'

125 1971 259 2029 nasterio
287 1969 445 2030 fruebatur
464 1971 659 2049 deversorio,
692 1971 814 2032 Jo'doco
837 1971 1047 2050 uisenenensi,

124 2067 181 2113 suo
198 2052 365 2130 quondam
395 2056 588 2133 praeceptori
622 2065 651 2114 et
681 2054 857 2134 theologiae
879 2055 1046 2134 professori

123 2135 324 2209 Erfurdienei,
347 2155 525 2214 quemvoce
548 2137 631 2197 adire
654 2157 709 2216 per
719 2138 863 2198 famulum
877 2137 1046 2217 ostiarium,

124 2218 207 2297 qnod
231 2219 346 2277 domini
371 2220 513 2279 valetudo
536 2220 681 2294 obstaret,
701 2222 761 2300 ipsi
783 2238 845 2280 non
864 2222 1044 2300 permissum

124 2309 189 2378 est,
219 2302 297 2361 haee
319 2303 437 2363 scribit:
482 2302 569 2384 „Ego
592 2322 667 2363 sane
683 2304 807 2381 tbteor,
831 2304 941 2364 vellem
963 2303 1046 2383 quod

124 2384 228 2444 nullas
260 2394 366 2444 essent
396 2388 425 2444 in
450 2393 515 2446 tbta
549 2387 681 2446 ecclesia
710 2382 935 2467 indulgentiae,
969 2404 1047 2466 ques

124 2487 183 2526 nec
217 2467 285 2526 ¹ltali
323 2476 430 2528 curant
470 2469 530 2528 vel
554 2470 671 2548 pilum:
715 2471 773 2529 nisi
813 2469 1067 2548 quod01ucrum.

122 2560 240 2610 tantum
263 2558 465 2628 promovent,
495 2553 557 2612 irnc
586 2554 685 2631 ipsum
709 2553 937 2633 luorumatque
963 2553 1046 2614 aliud

125 2633 200 2693 nihil
220 2642 421 2711 promovent:
467 2641 498 2694 ut
522 2635 611 2694 latius
634 2635 732 2694 dicam
755 2637 785 2695 in
809 2636 1047 2715 probationi-

125 2717 191 2776 bus
221 2718 318 2791 meis,
342 2718 408 2776 Deo
446 2718 586 2792 volente,
616 2720 768 2778 statim
805 2718 1048 2798 vulga·ndis;“

126 2797 232 2882 (Loth.
255 2800 332 2878 Epp.
357 2800 404 2860 ed.
428 2801 522 2860 Aurif.
545 2801 566 2878 l,
591 2805 640 2879 bl,
664 2802 702 2861 de
723 2801 835 2862 Wette·
850 2802 877 2876 1,
901 2822 928 2881 p.
956 2805 1044 2878 109.)

126 2882 380 2962 Wltternbergam
403 2884 496 2962 igitur
515 2884 666 2945 sabbatho
680 2892 751 2967 post
769 2885 970 2946 Ascensionis
993 2885 1046 2945 dc·

126 2967 259 3024 minicae
287 2965 397 3024 festum
429 2966 533 3039 (Luth.
563 2967 640 3047 Epp.
670 2967 717 3030 ed.
741 2967 838 3028 Auril.
860 2967 887 3043 1·‚
923 2972 977 3048 62,
1007 2962 1048 3029 de

125 3048 230 3108 Wette
252 3048 274 3119 1,
298 3068 326 3126 p.
340 3052 415 3122 110)
441 3068 580 3110 reversus
603 3052 663 3110 iam
687 3052 715 3110 d.
738 3051 820 3111 XXll
844 3068 883 3111 m.
898 3052 969 3112 Mali
991 3051 1047 3111 has

124 3130 344 3191 Resolutiones
353 3131 522 3212 descriptas
531 3133 721 3212 Hieronymo
731 3133 877 3211 sculteto,
889 3135 1048 3216 Episcopo

125 3213 276 3274 ecclesiae
311 3215 628 3295 brandenburgensis,
667 3217 823 3277 ordinario
857 3236 928 3295 suo,
967 3219 1050 3278 misit

125 3299 252 3375 eiusque
269 3297 392 3356 arbitrio
422 3318 458 3357 ac
478 3298 591 3358 iudicio
618 3294 753 3358 maxima
778 3319 847 3359 cum
875 3302 1049 3361 reverentia

126 3381 255 3440 subiecit
294 3380 399 3449 (Loth.
432 3382 509 3461 Epp.
541 3381 588 3441 ed.
619 3382 716 3443 Auris:
747 3385 773 3457 b,
802 3402 830 3462 p.
858 3388 896 3448 63
920 3404 986 3464 sqq.
1008 3384 1048 3444 de

124 3463 230 3523 Wette
254 3464 276 3540 l,
304 3466 358 3525 112
382 3482 447 3543 sqq.
456 3482 479 3543 j,
503 3473 534 3523 et
556 3466 646 3544 paulo
671 3465 812 3544 postdie
827 3465 910 3527 XXX
934 3467 1048 3528 mensis

125 3548 197 3607 Maii
218 3547 345 3605 easdem
366 3546 500 3607 lohanni
519 3548 669 3626 Staupitio
694 3549 775 3607 misit
796 3561 909 3628 rogans
932 3557 986 3628 „ut
1006 3552 1049 3615 in·

125 3632 225 3709 eptias
248 3650 317 3689 suas
340 3632 510 3708 susciperet
539 3625 569 3690 ct
590 3648 651 3710 qua
671 3631 737 3691 lie-ri
762 3639 868 3709 posset
900 3633 1050 3695 industria

125 3713 164 3774 ad
187 3712 367 3773 Pontificem
398 3713 530 3773 Leonem
562 3714 713 3774 decimum
748 3715 987 3792 transmitteret,
1016 3723 1049 3781 ut

125 3805 230 3858 essent
265 3796 322 3856 sibi
349 3796 497 3859 adversus
525 3797 626 3861 studia
648 3797 879 3878 malignantium
902 3800 970 3870 vice
990 3798 1049 3867 alb
