2356 4200
111 282 175 358 418
302 233 317 243 ·
504 285 638 355 asterisci
742 371 744 376 Ι

112 452 163 513 tia.
211 451 291 513 Ideo?
316 453 416 531 gratia
451 469 573 531 semper
606 440 770 531 praeeedit
797 454 1035 525 sacramentum,

110 536 196 595 iuxta
217 534 332 594 dictum
352 533 427 594 illud
450 535 747 594 communissimum:
779 533 1036 593 Nonsecramcu-

112 624 186 696 tum,
208 617 264 679 sed
293 615 370 677 fides
394 618 578 692 sacramenti
600 615 759 693 iustificat,
781 623 813 676 et
832 615 868 679 B.
890 615 1036 695 Augusti-

113 718 185 761 nus:
230 698 301 761 Non
326 701 398 779 quia
419 698 462 778 fit,
486 699 541 760 sed
564 701 636 778 quia
659 698 799 759 creditur.

193 782 304 844 Eccius
326 801 401 843 vero
425 782 604 844 obelisticus
627 782 790 860 theologus
820 801 860 841 ex
881 781 936 840 illo
960 780 1037 841 Sco-

111 867 172 927 tico
208 863 349 946 procedit
381 867 519 943 somnio,
555 864 638 944 quod
674 869 865 924 sacramenta
900 861 1038 923 efficiunt

111 950 239 1029 gratiam
261 950 328 1008 siue
350 966 444 1027 opere
465 948 599 1009 hominis
631 947 825 1026 accipientis,
853 945 946 1006 modo
970 965 1035 1006 non

111 1039 208 1110 ponat
238 1031 368 1091 obicem.
421 1030 507 1106 Quae
536 1033 688 1091 sententia
719 1028 960 1090 horrendissima
987 1037 1039 1091 est

18 1165 21 1171 .
110 1113 260 1191 haeresis,
294 1132 331 1173 ac
355 1115 415 1173 iam
446 1132 507 1174 non
530 1115 728 1175 Bohemicum
751 1113 842 1190 virus,
864 1111 918 1172 ssd
941 1111 1034 1171 inier-

111 1197 181 1257 nale
204 1197 361 1257 aconitum
384 1203 441 1274 est,
466 1199 570 1256 omnia
591 1203 784 1256 sacramenta
805 1193 1036 1255 ecclesiaeillu-

112 1279 188 1340 dens
212 1287 243 1339 et
264 1278 454 1356 subvertens,
478 1287 511 1339 ut
533 1299 588 1340 suo
613 1287 751 1358 temp-ore
773 1277 982 1339 ostendemus„

195 1360 287 1436 Quod
317 1380 389 1421 vero
420 1361 512 1438 dicit,
540 1381 641 1423 novae
669 1362 747 1441 legis
776 1369 969 1420 sacramenta
995 1379 1039 1420 eo

112 1446 249 1524 separari
271 1463 290 1503 a
312 1445 423 1504 veteris
447 1444 524 1525 legis
547 1446 757 1521 sacramentis,
780 1443 862 1522 quod
878 1443 957 1503 haec
971 1461 1035 1503 uon

110 1526 285 1587 efficiebant
303 1528 444 1607 gratiam,
464 1546 563 1608 aeque
579 1536 626 1588 est
644 1527 871 1603 scholasticum,
883 1544 921 1586 ac
932 1543 1035 1606 prope

112 1610 310 1694 haereticum.
352 1609 421 1671 Hoc
447 1613 550 1690 potius
579 1610 778 1688 differebant,
813 1607 895 1688 quod
928 1616 1039 1670 nostra

112 1700 183 1752 sunt
203 1694 351 1772 pauciora
371 1700 402 1753 et
425 1693 572 1770 faciliora,
595 1693 648 1753 illa
669 1712 742 1752 vero
767 1692 898 1771 plurima
919 1698 950 1754 et
968 1709 1036 1772 gra·

112 1776 256 1853 vissima3
284 1775 333 1834 vel
356 1782 457 1849 certe,
480 1776 562 1855 quod
583 1776 637 1836 illa
659 1775 758 1836 solum
781 1775 881 1834 carnis
905 1773 1035 1854 erantl)

67 1858 68 1865 ’
111 1857 303 1937 baptismata
316 1863 347 1918 et
368 1856 600 1919 iustificationes
622 1860 657 1918 iun
675 1857 760 1934 cibis,
784 1857 918 1936 potibus,
941 1858 1033 1918 vesti·

112 1939 178 2018 bus,
200 1941 297 2019 sestis,
320 1939 487 2018 sacrificiis,
509 1940 771 2021 purificationibus
795 1940 900 2020 leprae
921 1939 1035 2018 etc.²),

112 2041 191 2103 quae
214 2022 388 2104 figurabant
408 2023 561 2104 baptisma
582 2044 675 2084 unum
699 2030 833 2083 etunsm
847 2021 1034 2083 iustificatio-

111 2126 183 2171 num
200 2105 282 2185 fidei,
305 2125 385 2185 quae
404 2126 485 2167 nunc
500 2107 651 2186 impletur.
674 2106 726 2167 Sic
738 2107 819 2166 enim
832 2123 895 2166 non
908 2105 1035 2169 Schola·

113 2190 189 2266 stici‚
212 2189 267 2250 sed
289 2189 498 2268 ecclesiastici,
520 2192 582 2250 imo
604 2190 748 2249 coelestis
761 2188 871 2248 Paulus
890 2188 1033 2268 loquitur.

181 2271 248 2332 Ec.
270 2271 311 2332 Et
335 2274 479 2351 quoniam
508 2271 739 2353 poenitentia³)
771 2290 833 2331 nou
862 2278 968 2350 potest
1003 2273 1042 2341 in.

111 2354 231 2434 culpam
254 2355 335 2433 apud
357 2362 402 2433 te,
428 2375 484 2435 per
510 2356 739 2415 conclusionem
771 2358 800 2418 6.
833 2353 920 2416 dabis
951 2372 1035 2435 ergo,

109 2437 194 2515 'quod
217 2439 315 2516 possit
336 2439 366 2496 in
388 2457 522 2517 poenam
544 2445 575 2498 et
595 2446 723 2498 reatum.

195 2519 282 2582 Luth.
304 2521 363 2580 Per
380 2522 603 2600 poenitentiam
622 2521 673 2580 hic
694 2521 837 2600 intelligit
859 2539 1035 2581 sacramen-

113 2610 176 2663 tum
197 2604 418 2682 poenitentiae,
441 2611 472 2664 et
493 2603 626 2664 officium
649 2604 779 2663 clavium
807 2604 868 2676 (sic
889 2604 970 2664 euim
992 2604 1035 2664 lc·

114 2687 223 2764 quitur,
249 2693 281 2744 ut
303 2705 424 2764 semper
439 2688 478 2746 sit
494 2686 691 2746 divinandum
719 2686 757 2746 de
780 2705 835 2745 sua
857 2688 1035 2764 sententia),

112 2769 227 2849 alioqui
249 2770 439 2847 poenitentia
460 2788 518 2829 nac
539 2772 570 2829 in
593 2769 731 2849 culpam,
762 2787 820 2828 nec
848 2769 880 2828 iu
901 2788 1034 2848 poenam

112 2859 225 2931 potest.
269 2850 348 2925 Quid
372 2859 474 2912 autem
496 2853 535 2912 de
556 2852 616 2912 hac
637 2871 670 2912 re
692 2854 839 2929 sentiam,
868 2853 898 2910 in
923 2851 1035 2912 Proba·

113 2935 247 2999 tionibus
270 2936 345 2994 meis
366 2933 584 3016 declarab0.*)
619 2935 697 2994 Nam
709 2935 789 2994 hauc
802 2942 918 2994 sextam
933 2953 1034 2996 meam

113 3018 299 3098 positionem
322 3036 385 3078 non
407 3036 447 3079 cx
462 3020 572 3078 auimo
595 3019 699 3097 posui,
722 3017 775 3078 sed
798 3024 926 3097 propter
948 3036 1034 3078 usum

113 3100 252 3161 aliorum.
294 3100 378 3161 Nam.
396 3103 476 3160 sicut
487 3101 560 3177 dixi,
578 3098 798 3242 vilissimum?
822 3099 895 3159 mihi
907 3101 1035 3178 videtur,

114 3186 140 3243 si
168 3184 271 3243 claves
300 3184 458 3243 remittant
486 3203 603 3264 poenas
633 3184 726 3245 solas.
790 3182 848 3242 deo
877 3183 1034 3262 quomodo

36 3318 45 3329 a
114 3265 418 3346 remittentlculpam
440 3272 473 3325 ut
494 3273 541 3326 est
562 3266 702 3326 omnibus
725 3266 909 3346 dubitatum,
941 3268 1037 3326 itaet

111 3368 172 3430 ego
194 3367 295 3411 meum
316 3367 431 3428 ponam
452 3347 576 3411 dubium
597 3347 627 3409 in
651 3349 890 3429 probationibus.

168 3514 524 3582 1)1uia:erantcarnn.
562 3514 594 3574 2)
616 3513 647 3565 Iu
667 3513 709 3564 ed.
729 3512 802 3564 tien:
827 3519 860 3566 et
899 3513 931 3580 3)
953 3514 1035 3567 ibiuz

112 3589 318 3654 poenitentiam.
358 3587 390 3650 4)
421 3585 504 3638 ibin:
530 3585 716 3638 utilissimum.

166 3655 197 3726 ')
226 3657 299 3711 Nota
318 3656 380 3710 edit.
401 3646 475 3711 iob:
518 3656 599 3710 Vides
618 3655 677 3720 hic,
706 3657 817 3722 Lector,
845 3656 994 3707 asteriscos
1020 3669 1035 3704 a

109 3730 229 3782 Lutbero
260 3731 377 3798 scriptos
417 3733 481 3781 ante
518 3728 710 3781 Resolutiones
745 3725 970 3799 propositionum
1001 3723 1034 3776 ds

110 3802 212 3855 virtute
230 3799 475 3872 Indulgentiarun.
637 3840 641 3847 .
783 3810 831 3855 ³01.
