2356 4200
436 309 442 324 .
463 272 590 328 silvestri
608 275 758 329 Priariatia.
988 269 1050 359 818

123 442 322 523 plectendus,
361 450 392 504 et
423 442 461 503 ad
499 462 633 507 omnem
656 443 806 505 haeresim
847 441 1046 525 abiunndarn

124 525 293 607 cogendus
390 587 392 593 ,

208 609 589 685 81)1111111“111111111
610 578 774 671 licentiosa
790 598 947 673 veniarum
943 574 1047 691 prae·

124 676 319 771 dicatio,ut
347 712 405 754 uec
433 693 638 753 reverentiam
660 712 760 773 papae
783 692 874 752 facile
895 692 935 753 sit
956 692 1048 759 etiam
1090 745 1101 759 ,

126 775 228 836 doctis
250 776 323 835 viris
344 776 496 837 redimere
517 796 536 836 a
559 776 731 854 calumniis,
753 782 806 835 aut
828 780 911 835 certe
934 775 1048 855 argutis

126 858 357 938 quaestionibus
382 859 542 921 laicorum

208 940 262 1004 Sil.
286 941 415 1002 Pulchre
438 942 494 1002 sub
518 941 624 1003 colore
647 961 830 1003 excessuum
852 958 973 1016 eorum,
996 920 1047 1019 qui

125 1023 453 1102 declamant,t1ternm
476 1026 647 1105 impingere
667 1026 714 1084 vis
735 1024 929 1104 pontificem,
957 1041 1048 1101 quaa·

124 1106 627 1187 11111111111111111111111111111,
652 1107 705 1169 sed
728 1128 797 1189 age,
820 1128 860 1169 eu
874 1105 1048 1167 reverentie

123 1198 273 1255 etamor
303 1190 342 1250 ad
372 1190 550 1270 pontificem
572 1190 698 1252 docebit
686 1198 768 1251 tme
790 1190 912 1253 solvere
933 1187 1047 1257 insolu-

123 1273 231 1335 biliat
219 1281 281 1352 tua,
304 1274 422 1352 incipe:
568 1328 574 1338 .

157 1354 267 1452 ,82)
290 1356 395 1421 Mart.
386 1355 534 1419 Scilicet
561 1375 614 1417 cnr
641 1374 722 1436 papa
744 1375 806 1417 non
827 1326 1047 1435 1111111111-

124 1406 280 1520 guterium
302 1446 428 1518 propter
440 1441 664 1500 sanctissimam
678 1439 835 1499 caritatem
852 1444 883 1499 et
897 1456 1047 1501 summam

124 1523 296 1583 animarum
317 1522 543 1600 necessitatem,
566 1528 599 1583 ut
618 1541 743 1582 causam
765 1522 900 1583 omnium
922 1518 1049 1582 iustissi-

123 1625 231 1702 mam,
253 1603 323 1683 si*J
356 1604 491 1666 infinitas
520 1606 639 1665 animas
666 1604 790 1665 redimit
778 1610 937 1685 tpropter
958 1622 1048 1684 pecus

123 1690 206 1751 niam
229 1689 469 1770 funestissimam
492 1687 533 1749 ad
554 1695 737 1749 structuram
757 1687 913 1765 basilicae,
934 1694 1049 1747 1111111-

126 1791 192 1832 sam
219 1772 416 1835 levissimam

208 1853 259 1916 Sil
283 1854 384 1932 Dens,
408 1855 460 1933 qni
482 1859 628 1933 tanquam
650 1873 747 1934 agana
770 1872 960 1934 supremum,
984 1828 1047 1932 cup

126 1938 182 1997 nia
204 1938 295 1999 vertit
316 1957 353 1998 ac
374 1936 505 2016 dirigit
497 1957 528 1997 ru
550 1935 643 1999 finem
672 1943 878 2034 postremum3
906 1934 1049 1995 undet
1017 1941 1049 1995 et

126 2012 241 2085 omnes
260 2008 403 2080 homines
421 2018 488 2081 vult
499 2019 603 2083 salvos
618 2019 693 2098 lieri,
708 2019 782 2081 nulli
794 2019 893 2080 voluit
907 2019 1048 2099 gratiam,

125 2123 190 2184 qua
210 2104 242 2164 in
272 2102 366 2163 linem
392 2102 476 2163 illum
506 2101 653 2182 dirigatur
679 2109 711 2162 et
740 2102 887 2179 salvetur,
916 2101 1048 2181 elargiri,

124 2188 184 2246 nisi
208 2206 247 2245 ex
268 2193 356 2265 parte
378 2186 453 2264 eius,
471 2187 521 2264 qui
533 2186 661 2265 gratiam
674 2192 740 2245 erat
752 2190 1049 2264 accepturus,·esset

122 2271 320 2349 praeparatio
344 2268 504 2348 quaedam,
528 2269 710 2329 etmeritum
723 2268 934 2348 congrnitatis,
956 2285 1046 2346 quern

124 2357 306 2433 apparatum
330 2353 382 2429 qui
403 2351 517 2412 habere
529 2359 695 2430 nequeunt,
714 2359 746 2412 ut
758 2351 901 2430 infantes,
922 2349 969 2410 bis
983 2349 1049 2423 vult

124 2434 286 2515 suffragari
317 2455 372 2514 per
401 2434 489 2495 alios.
534 2434 672 2495 Christus
695 2453 818 2514 quoque
841 2435 892 2513 qui
914 2452 971 2512 pro
994 2451 1047 2493 no·

123 2519 171 2579 bis
193 2516 332 2577 infinitae
353 2517 570 2578 satisfactionis
592 2519 768 2597 passionem
791 2518 875 2594 tulit,
896 2535 961 2577 non
982 2515 1048 2581 vult

124 2600 210 2661 illam
233 2600 323 2660 nobis
346 2599 521 2680 suffragari,
548 2601 607 2660 nisi
634 2618 692 2662 nos
721 2620 776 2680 per
802 2605 940 2661 nostram
962 2599 1047 2660 satis·

122 2684 291 2744 factionem
314 2681 550 2743 insufficientem
573 2684 638 2743 eius
661 2683 863 2744 satisfactioni
886 2680 1048 2741 sufficienti
1115 2711 1122 2722 =

125 2773 157 2837 et
178 2764 439 2845 superabundanti
462 2767 631 2847 iungamur.
676 2765 751 2826 (lum
775 2785 849 2846 ergo
871 2765 955 2827 Deus
977 2771 1049 2844 post

52 2867 57 2874 ’
122 2867 258 2929 poenam
282 2849 405 2907 animae
427 2867 466 2907 ex
488 2849 672 2910 contritione
701 2857 732 2909 et
765 2848 902 2909 clavibus
932 2848 1045 2923 miseri-

124 2931 260 2993 corditer
282 2930 494 3006 abolitam**)
528 2952 566 2992 ex
596 2951 651 2991 sua
674 2932 762 2991 simul
786 2928 996 2991 misericordia
1017 2937 1048 2991 et

122 3015 241 3076 iustitia
264 3014 356 3074 talem
381 3015 513 3075 animam
536 3013 690 3074 addixerit
715 3013 769 3074 tali
796 3033 918 3094 poenae
947 3012 1047 3077 exsol-

124 3098 264 3174 vendae,
292 3104 367 3176 puta
394 3116 542 3157 annorum
573 3104 710 3176 centurn,
733 3117 794 3176 qua
814 3097 934 3157 ratione
956 3094 1049 3169 debet
1087 3143 1092 3163 ,

123 3180 265 3260 pontifex
297 3187 393 3241 totam
421 3179 506 3239 illam
538 3198 689 3260 poenam,
723 3180 773 3240 vel
808 3181 900 3240 etiam
928 3184 1047 3258 partem

123 3263 265 3324 relaxare
289 3282 358 3322 cum
380 3269 465 3323 tanto
487 3263 676 3342 praeiudicio
690 3262 968 3340 iustitiaedivinae,
990 3262 1048 3335 nisi

125 3367 165 3406 ex
196 3355 283 3425 parte
314 3345 383 3404 talis
411 3347 532 3406 animae
561 3345 688 3425 aliquod
721 3348 862 3407 meritum
893 3343 1047 3422 afferatur,

123 3436 207 3510 puta.
223 3428 434 3506 eleemosyna,
456 3437 508 3489 aut
528 3430 686 3506 ieiunium,
709 3436 762 3491 aut
784 3429 973 3505 1111111111,
996 3433 1049 3489 aut

123 3512 164 3575 ab
185 3512 248 3572 alio
271 3529 327 3591 pro
350 3530 384 3571 se
407 3512 567 3572 oblatum?
610 3513 685 3573 lude
708 3520 769 3591 est,
799 3511 881 3591 quod
912 3512 1048 3571 clamant

180 3795 266 3863 1’)’111
283 3792 539 3849 11111111111111
562 3794 599 3845 at.
637 3793 685 3861 ”j
707 3792 793 3847 ibid:
813 3793 957 3846 abolitam.
