2356 4200
132 291 175 359 30
372 297 529 366 Responsio
550 295 583 353 D.
602 297 680 352 llari.
700 295 812 351 Ludrarl

131 470 231 544 vocat,
253 463 395 526 attidem
416 468 508 527 vertit
526 468 558 527 in
572 465 702 527 Utrum?
723 471 756 526 ut
777 466 867 527 nosti.
901 464 963 526 Gur
980 473 1057 548 ergo

133 547 221 624 mihi,
244 566 370 627 quaeso,
397 568 461 610 non
482 551 631 630 permittis
653 550 809 630 disputare
831 547 870 608 de
891 549 929 608 iis
950 549 1055 628 rebus,

131 638 293 708 quaesunt
308 631 583 693 dnbiosissimaeet
604 651 666 692 non
679 631 923 692 determinatae?
962 631 1056 691 Numa

130 712 203 791 quid
225 730 284 793 ego
308 715 441 775 ecclesia
465 733 541 795 sum,
564 717 626 776 imo
648 714 716 794 plus
739 733 832 794 quam
854 714 997 793 ecclesia,
1019 721 1055 795 ut

131 814 220 856 meae
249 797 471 877 disputationes
499 817 555 879 pro
584 797 813 859 delinitionibus
840 797 1055 878 accipiantur?

132 877 194 940 Sed
207 881 398 942 consuetudo
419 883 479 942 ista
494 881 748 959 estThomistica,
771 898 831 960 qua
852 882 957 941 omnia
973 898 1053 942 asse·

131 980 199 1023 rere
221 963 343 1041 soletis,
366 965 457 1024 etiam
481 983 560 1043 quae
582 965 766 1044 disputative
789 965 978 1044 proponitis,
1002 971 1054 1025 aut

132 1044 164 1104 in
190 1045 309 1106 Th0ma
340 1046 451 1127 legitis.
500 1047 574 1107 Ideo
602 1053 634 1107 et
661 1066 711 1106 me
738 1053 921 1108 assertorem
944 1045 1052 1125 credis,

132 1147 196 1188 uon
218 1129 447 1208 disputatorem.
491 1127 606 1190 Verum·
628 1136 661 1189 ut
684 1129 801 1190 videbis
823 1131 855 1189 in
872 1127 1054 1190 declaratio·

132 1210 230 1290 nibus,
252 1213 320 1271 siin
334 1213 397 1273 ulla
411 1231 546 1273 mearum
559 1213 806 1293 propositionum
819 1221 904 1292 parte
918 1210 1051 1292 disputo,

131 1294 299 1374 hesperie
322 1297 454 1356 maxime
475 1295 607 1375 disputo,
630 1303 662 1355 et
682 1297 725 1355 ita
747 1295 880 1376 disputo,
903 1301 937 1356 ut
953 1314 1053 1356 meam

132 1379 315 1439 sententiam
338 1377 452 1439 firmius
474 1379 606 1459 probare
634 1378 707 1438 mihi
728 1377 849 1456 videar,
876 1395 968 1457 quam
1001 1385 1051 1439 tua

132 1461 238 1540 opinio
260 1462 299 1521 sit
320 1461 458 1541 probata,
481 1481 544 1523 non
567 1468 670 1522 tamen
683 1460 807 1537 definio,
830 1460 885 1520 sed
906 1459 1051 1521 iudicium

132 1543 282 1604 ecclesiae
309 1551 466 1624 exspecto.
514 1544 588 1605 Ideo
615 1546 745 1624 ignosco
781 1544 855 1622 tibi,
889 1545 972 1622 quod
1004 1560 1052 1604 me

130 1625 315 1686 haereticum
339 1645 452 1706 vocas,
474 1629 574 1688 sciens
596 1627 677 1687 hunc
699 1646 768 1687 esse
790 1645 909 1687 morem
929 1627 1051 1688 'l'homi-

131 1715 254 1788 starum,
277 1717 310 1770 ut
321 1710 490 1770 haereticus
504 1729 583 1788 esse,
602 1710 686 1789 velit,
708 1711 794 1794 nolit,
818 1717 956 1790 cogatur,
979 1709 1051 1770 dun·

130 1798 217 1851 taxat
237 1791 318 1872 apud
340 1793 530 1871 Thomistas,
563 1794 614 1872 qui
645 1794 807 1873 opiniones
828 1793 967 1854 Thomas
990 1810 1050 1854 uon

131 1873 222 1934 fuerit
242 1882 373 1938 secutus.
417 1876 507 1936 Nunc
528 1875 655 1955 reliqua.

213 1958 323 2037 Prima,
345 1960 461 2038 inquis,
483 1959 599 2020 falsitas
623 1965 686 2037 est,
710 1958 793 2037 quod
817 1965 922 2037 aperte
943 1959 1051 2035 innuo,-

130 2058 195 2119 eos,
217 2042 269 2120 qui
291 2043 322 2100 in
344 2042 522 2122 purgatorio
544 2047 623 2119 sunt,
645 2044 773 2119 nescire,
796 2060 865 2101 sese
885 2041 1050 2102 salvandos

130 2142 208 2204 esse,
230 2131 315 2184 utet
338 2127 385 2189 te.
408 2125 620 2204 propositione
643 2124 716 2185 dixi.
748 2125 793 2184 Tu
806 2142 880 2184 vero
898 2142 967 2184 cum
980 2123 1051 2185 divo

129 2205 258 2285 Thoma,
280 2208 365 2267 ouius
388 2207 559 2281 doctrinam
570 2208 598 2286 ¹)
623 2226 678 2287 per
695 2207 832 2287 regulam
850 2205 931 2285 fidei,
946 2207 1050 2268 Eccle-

66 2341 68 2345 .
129 2291 205 2350 siam
238 2290 426 2368 Romanam,
457 2298 487 2350 et
520 2290 689 2350 discussam
725 2298 756 2350 et
783 2288 943 2370 probatam
967 2291 1049 2368 dicis,

129 2373 231 2452 ponis,
254 2372 336 2452 quod
359 2375 459 2433 sciunt
480 2392 514 2433 se
535 2373 725 2452 liberandos,
750 2373 885 2452 alioquin
909 2372 1052 2454 suffragia

130 2474 193 2516 non
217 2462 407 2535 expeterent.

212 2538 416 2617 Respondeo:
444 2539 520 2599 Rem
543 2540 642 2618 ipsam
664 2540 790 2617 omitto,
820 2539 890 2618 quia
918 2537 1051 2619 disputo,

130 2628 161 2681 et
182 2622 319 2686 intrati).
334 2621 533 2682 conclusione
555 2642 617 2682 non
642 2641 749 2683 omnes
772 2640 841 2682 esse
864 2628 963 2681 certas
980 2621 1050 2699 dixi,

129 2704 202 2764 licet
223 2704 344 2783 aliquae
356 2705 434 2764 forte
450 2710 651 2785 cognoscant,
674 2705 713 2765 de
735 2704 843 2783 quibus
865 2704 926 2764 late
948 2706 979 2764 in
1002 2705 1050 2765 de

130 2787 363 2864 clarationibus,
391 2789 417 2847 si
440 2795 646 2867 pervenerunt
666 2795 719 2847 aut
741 2788 922 2866 pervenient
942 2789 974 2847 iu
990 2806 1049 2848 ma-

129 2888 186 2929 nus
208 2876 286 2930 tuas.
335 2870 414 2930 Nam
431 2871 462 2929 id
493 2870 585 2930 credo
617 2889 666 2930 me
688 2871 819 2950 probare
842 2876 872 2930 et
891 2869 1048 2948 probasse,

130 2953 212 3032 quod
242 2971 305 3013 non
344 2972 451 3013 omnes
481 2955 580 3012 sciant
608 2972 642 3012 se
670 2971 738 3013 esse
766 2953 932 3013 salvandos
945 2951 990 3034 ²),
1009 2961 1049 3016 rut

129 3040 278 3095 testantur
304 3037 445 3116 exempla
474 3036 569 3096 multa
596 3035 635 3096 de
659 3035 822 3113 animabus
846 3037 988 3096 euntibus
1011 3035 1048 3096 ad

128 3118 273 3178 iudicium
297 3126 355 3179 etc.

210 3201 411 3263 Probationes
433 3210 500 3262 tuas
522 3207 640 3262 tantum
661 3200 829 3261 videamus.
873 3201 975 3263 Primo
998 3223 1045 3262 au·

11 3357 15 3365 .
128 3285 283 3345 toritatem
301 3286 336 3345 B.
357 3285 496 3345 Thomas
516 3283 643 3362 inducis,
668 3285 752 3343 cuius
774 3287 957 3344 sententiam
982 3304 1046 3345 sen-

128 3368 294 3442 tentiam³)
329 3375 504 3429 sanatorum
537 3385 630 3428 vocas
658 3385 786 3426 numero
807 3367 934 3446 plurali,
969 3369 1046 3428 forte

127 3452 317 3511 reverentiae
339 3470 442 3513 causa.
486 3452 526 3510 ut
547 3457 580 3511 ut
600 3450 670 3510 huic
692 3448 825 3528 credam,
850 3450 925 3511 dicis
948 3468 967 3510 a
989 3451 1046 3511 Ro·

185 3724 213 3787 1)
236 3722 266 3773 ln
286 3721 350 3774 edit.
369 3724 455 3791 princ.
472 3728 498 3775 et
516 3723 575 3775 Jen.
597 3721 713 3792 legitur:
733 3722 867 3778 doctrina.
905 3725 937 3789 2)
959 3725 990 3778 In
1004 3714 1044 3778 ed.

114 3790 204 3862 jem:
222 3791 380 3848 salvandas.
417 3795 433 3850 3
439 3799 449 3861 J
470 3794 538 3848 lbid.
566 3809 622 3847 non
640 3797 790 3865 repetitur:
810 3799 984 3869 sententiam.
