2356 4200
436 311 539 365 Contra
554 309 632 365 obul.
651 310 734 364 Eccii.
981 306 1044 373 443

127 481 488 543 somniiscontamlnare.
531 482 658 542 lhuctus
674 482 750 540 istos
762 479 1046 580 poeniteutiaedig·

94 585 100 602 ·
128 580 184 625 nos
205 566 339 644 ipsemet
351 566 503 644 exposuit,
522 565 645 643 quando
661 564 768 624 turbae
783 565 951 645 quaerenti,
974 563 1046 644 qnid

126 647 272 724 iacerent,
296 647 475 728 respondit:
500 647 558 722 Qui
583 647 762 706 habetduas
785 648 902 709 tunicas
925 652 993 726 cto,
1015 647 1046 706 id

123 736 181 808 est,
205 738 239 790 ut
260 730 339 790 bene
361 732 508 791 viverent.
553 730 602 790 sic
625 730 841 790 enimfsatisiii
861 728 937 790 Deo.
1011 750 1015 758 ⁴

208 813 277 894 Ego
301 821 404 874 tamen
427 814 476 873 hic
498 813 690 873 scholasticis
714 812 890 874 doctoribus
912 813 1000 873 simul
1017 819 1049 873 st

127 895 221 957 Eccio
245 896 469 970 consuluerim,
498 903 532 956 ut
559 897 675 956 omisso
708 896 836 957 Christo·
852 895 1047 956 erJnhunne

127 976 263 1058 Baptista
296 981 384 1058 (quia
415 997 477 1039 uon
506 986 577 1039 sunt
615 977 809 1061 scholastici)
851 977 889 1038 ad
929 986 1046 1060 patrem

127 1080 212 1121 sunm
243 1061 442 1122 Aristotelem
471 1062 667 1142 confugiant,
699 1071 730 1121 et
757 1079 795 1122 eo
824 1062 953 1122 doctore
979 1062 1047 1122 freti

126 1145 198 1204 mihi
221 1146 412 1241 ogganniunt
401 1144 506 1204 tillud
526 1146 721 1204 sacerrimum
740 1145 912 1205 oraculum·
935 1144 982 1204 Ab
996 1164 1047 1204 au-

127 1229 250 1288 toritate
271 1229 415 1308 negative
437 1247 500 1288 non
521 1228 605 1286 valet
627 1229 858 1325 consequentia.
902 1227 962 1288 Sed
982 1229 1047 1288 mit·

128 1318 225 1370 tamus
250 1311 435 1371 scholastica
456 1310 510 1370 illa
532 1312 754 1390 nugacissima,
784 1310 895 1371 Eccius
918 1328 979 1371 oon
1004 1311 1047 1371 lo·

127 1396 226 1472 qttitur
247 1394 441 1454 scholast't.10e

430 1529 509 1589 XXI.
533 1527 748 1610 Obelisouai‘)

137 1664 140 1675 ·
208 1645 263 1706 lile.
287 1645 394 1705 Melius
416 1647 490 1705 lacit
511 1647 675 1723 meritorie,
696 1652 758 1725 non
782 1647 993 1725 satisfactorie,
1017 1655 1049 1707 ut

127 1730 193 1839 ipse
215 1728 353 1803 declarat
376 1729 575 1788 conclusione
598 1729 747 1809 sequenti
834 1736 838 1745 “

180 1798 311 1870 Initia·
327 1811 459 1872 lterum
467 1830 505 1870 ex
537 1811 661 1893 Caho¹)
700 1813 878 1893 opinionum
916 1814 1050 1873 somniat

127 1893 208 1954 aliud
232 1895 482 1972 satisfactionem,
505 1894 587 1953 alind
610 1896 747 1954 meritum
752 1894 869 1974 quod
888 1898 979 1997 supra
1002 1915 1047 1955 sa·

122 1979 163 2079 >tis
188 1982 236 2037 est
257 1977 474 2056 improbatum.
682 1986 686 1997 ’

411 2113 503 2173 xxti.
527 2112 698 2175 Obeliscus.
708 2112 763 2194 Η)

176 2229 264 2288 Ec.
289 2229 406 2288 Scimus
431 2248 549 2308 omnes,
572 2232 716 2310 quoniam
734 2249 833 2312 egeno
856 2231 886 2289 in
903 2231 1047 2290 extremis

127 2313 177 2372 vel
200 2313 287 2390 quasi
305 2314 472 2372 constituto
490 2314 528 2372 sit
542 2313 782 2373 subveniendum
799 2312 855 2374 sub
869 2320 1047 2394 praecepto,

128 2396 274 2537 mim
264 2393 388 2454 modo
382 2402 426 2454 rnt
414 2395 568 2475 telligatur
591 2396 628 2506 de
641 2396 774 2456 habente
792 2396 893 2456 solnm
907 2415 1049 2456 necessa-

124 2496 169 2538 na
214 2479 286 2538 omi.
497 2492 500 2498 “

208 2558 296 2620 Lutli.
319 2560 403 2620 llaec
425 2570 471 2620 est
493 2561 546 2620 illa
567 2561 676 2621 felixt
664 2561 823 2642 theolog-ia
854 2562 1049 2639 scholastica,
1134 2606 1143 2621 ,

128 2643 168 2704 ob
191 2660 281 2722 quam
305 2642 355 2702 vei
378 2643 476 2703 solam
499 2662 606 2703 omnes
630 2644 805 2704 scholastici
833 2645 916 2726 digni
946 2653 1050 2704 essent

127 2726 259 2821 favore&
285 2744 374 2805 quem
406 2726 477 2786 oiim
507 2728 639 2787 Romani
666 2727 874 2807 philosophis,
909 2734 940 2789 ct
960 2726 1047 2787 Plato

128 2811 229 2889 poetis
251 2809 280 2867 in
304 2808 421 2889 liepub
446 2808 661 2869 decernebant.
701 2809 836 2870 Onont
825 2810 972 2893 theologi,
995 2810 1048 2870 sed

127 2892 196 2972 plut
198 2891 300 2970 oiogi
326 2892 442 2951 scilicet
464 2894 597 2952 necessit
587 2900 680 2951 tatem
703 2892 792 2953 nobis
814 2895 994 2979 interpre
1002 2898 1051 2955 iur

127 2983 319 3046 extremam
342 2975 390 3033 vel
416 2976 520 3053 quusi,
543 2972 680 3035 Obsecro
703 2982 746 3053 te,
777 2976 843 3055 quis
869 2994 949 3071 ange
961 2970 1048 3037 or'um
1155 3052 1160 3059 1

128 3059 358 3137 permitteretur
379 3057 458 3116 hanc
481 3058 632 3118 seminare
653 3059 799 3138 glossam

210 3139 294 3219 Ergo
317 3158 379 3199 non
403 3149 450 3199 cst
471 3141 670 3200 mutuandum
694 3142 811 3222 egenti,
834 3160 891 3200 nec
913 3160 1047 3202 commo-

128 3222 262 3282 dandum
286 3224 392 3299 utenti,
417 3242 475 3282 nec
498 3231 564 3283 vest
553 3223 673 3284 tiendus
696 3224 812 3302 nudus,
841 3243 899 3283 nec
926 3225 1047 3285 visitan-

128 3305 185 3365 dus
215 3305 361 3364 infirmus.
411 3305 550 3402 Denique
577 3298 691 3365 nullum
729 3327 805 3389 opus
839 3308 922 3388 pieta
905 3310 961 3367 atis
996 3315 1049 3368 aut

127 3388 263 3448 caritatis
292 3387 481 3462 iaciendum
517 3390 575 3448 nisi
598 3389 668 3448 dum
692 3411 729 3452 eo
750 3391 925 3472 pervenerit
942 3393 1047 3483 proxi-

181 3677 211 3732 *i
236 3674 375 3726 Adversus
396 3675 438 3728 43.
460 3674 588 3728 Conclus.
609 3672 727 3725 Lutheri.
772 3669 819 3738 ”l
844 3671 982 3727 Adversus
998 3675 1045 3728 'iit

127 3745 256 3800 Conclus.
276 3746 395 3798 Lutheri.
432 3759 436 3767 ·

182 3817 213 3886 t)
233 3817 312 3885 Apud
332 3817 458 3873 loerch:
480 3833 517 3871 cx
535 3816 615 3870 chao.
