2356 4200
469 280 496 321 a
515 265 586 325 1516
603 265 702 323 batth
953 272 956 277 '
988 264 1052 334 131

150 438 193 497 hm
214 435 296 498 nudo
319 434 416 498 verbo
439 436 537 499 credit
558 439 625 501 sine
648 456 759 519 opere,
788 438 867 499 sicut
893 436 944 499 hio
965 457 1052 519 regu·

148 519 195 598 lus,
226 525 392 600 postquam
428 518 545 582 audivit
573 522 632 582 sibi
654 522 761 602 negari
785 522 875 601 signa
896 526 928 581 ct
949 521 1051 600 prodi·

143 603 196 747 ἓξ,
225 603 396 683 captivavit
424 621 458 665 sc
496 604 535 673 inf
562 603 690 666 verbum
712 603 824 665 Christi
856 608 888 664 et
908 602 1050 669 eredidit.

186 732 195 766 l

215 685 266 747 hic
289 705 307 745 0
331 686 452 765 quantis
473 686 573 768 plagis
597 706 674 767 opus
693 693 749 765 est,
771 692 937 764 antequam
955 685 1050 749 homo

141 767 278 831 rdhanc
308 767 415 835 tidem,
434 770 609 849 perveniat!
660 769 789 843 Quoties
822 769 938 832 resistit
970 768 1049 850 Deo,

140 851 249 930 quoties
272 853 351 932 petit
371 853 474 932 signal
516 851 604 914 Haec
624 851 702 913 [ides
731 872 794 913 uon
827 872 881 932 per
913 851 1050 931 specula

138 935 242 997 tionem
283 936 451 1015 acquiritur
485 942 517 996 at
554 935 739 1014 intenditur,
779 936 835 996 sed
864 953 920 1014 per
949 936 1051 997 vivam

136 1019 313 1097 practicam,
348 1018 483 1098 scilicet,
516 1020 587 1098 quia
609 1020 693 1080 Deus
714 1019 852 1098 plurimis
875 1016 974 1079 modis
995 1019 1049 1078 im-

134 1099 212 1180 pedit
241 1101 405 1162 eonsilium
434 1101 568 1162 hominis
595 1109 626 1164 et
656 1103 770 1183 frangit
803 1119 926 1163 sensum
957 1100 1050 1182 illius,

134 1183 227 1245 donec
256 1184 403 1264 desperet
432 1184 470 1246 de
497 1204 531 1245 se
552 1192 584 1246 et
605 1204 661 1246 suo
694 1203 801 1263 sensu,
837 1185 1049 1263 experimento

133 1265 216 1328 discit
237 1285 274 1327 se
295 1285 360 1329 non
381 1285 474 1348 posse
497 1266 586 1348 dirigi
613 1289 633 1329 a
654 1287 688 1328 se
709 1269 778 1347 ipso
803 1274 833 1328 et
855 1269 917 1327 iam
938 1272 1050 1346 sponte

132 1349 228 1411 hadat
249 1351 300 1411 sui
318 1349 465 1431 habenas,
486 1358 611 1430 paratus
634 1353 726 1412 etiam
751 1350 819 1411 solo
849 1349 945 1412 verbo
968 1349 1049 1430 duci,

131 1434 198 1511 quia
218 1431 339 1513 didicit,
361 1433 443 1513 quod
469 1452 529 1494 nec
550 1434 611 1493 suis
636 1433 790 1514 operibus,
813 1452 871 1494 nec
890 1434 953 1494 suis
976 1451 1049 1495 con·

130 1515 202 1576 siliis
223 1517 329 1597 potuit
348 1514 483 1596 efficere,
506 1535 585 1597 quae
607 1517 713 1579 voluit.
757 1516 842 1578 Sicut
870 1517 901 1576 in
924 1515 1048 1577 Psalmo

130 1597 218 1661 dicit:
242 1598 370 1679 Sepicm
391 1600 474 1661 dam
490 1605 573 1661 tuam
589 1601 685 1680 spinis
701 1606 733 1660 et
754 1601 872 1679 sepiam
894 1617 964 1661 eam
987 1617 1049 1659 ma-

128 1683 225 1762 ceria,
260 1689 292 1743 et
314 1682 413 1760 dicet,
445 1690 581 1744 reuertar
608 1682 648 1744 ed
678 1685 759 1744 viam
782 1701 882 1753 meum
905 1683 1049 1761 priorem,

128 1764 199 1844 quia
219 1765 332 1826 melius
361 1765 435 1827 mihi
462 1772 528 1826 erat
554 1772 643 1847 tunc,
676 1785 768 1845 quam
790 1784 880 1829 nunc,
922 1764 1049 1825 Talibus

125 1848 226 1928 iisque
249 1848 477 1928 impedimentis
499 1849 703 1911 discit'homo
726 1866 851 1909 sensum
878 1867 965 1908 suum
997 1846 1049 1908 de-

124 1932 244 2012 spicere
267 1949 305 1991 ac
326 1932 388 1991 suis
418 1931 614 2012 opinionibus
637 1951 700 1993 non
722 1929 894 2009 confidere,
928 1936 1047 2010 promte

123 2013 249 2074 alterius
287 2015 392 2075 sensui
432 2013 577 2093 eredere,
608 2033 660 2093 ac
679 2016 723 2074 sic
755 2014 888 2074 libenter
915 2013 982 2074 Deo
1018 2021 1049 2073 et

124 2096 191 2157 aliis
213 2095 357 2177 credere,
394 2097 452 2158 soli
474 2096 536 2166 sibi¹
553 2117 675 2178 semper
697 2096 886 2174 discredere,
920 2096 977 2156 sibi
1001 2115 1047 2155 su·

124 2186 264 2260 spectum
289 2199 377 2257 esse,
416 2199 492 2240 aea
521 2201 554 2241 se
582 2183 652 2260 ipso
674 2199 748 2260 prae
772 2178 912 2239 omnibus
935 2196 1046 2239 cavere

124 2270 155 2322 et
176 2265 297 2324 timere.
340 2262 431 2337 Quod
454 2263 503 2324 ubi
532 2264 645 2324 factum
673 2264 777 2340 luerit,
812 2260 1046 2342 perfectafides

123 2347 205 2407 iacta
226 2353 285 2407 est.
328 2346 412 2406 Haec
436 2348 517 2405 eninr
538 2353 585 2406 est
606 2346 758 2426 perfecta,
793 2364 871 2423 quae
895 2364 956 2406 non
981 2351 1045 2406 tan-

123 2437 187 2488 tum
208 2449 272 2491 non
297 2448 402 2509 opera,
425 2428 478 2489 sed
506 2449 563 2490 nec
579 2429 675 2490 verba
694 2429 822 2508 quaerit,
845 2428 955 2508 quibus
974 2447 1046 2489 con-

123 2517 259 2573 tentetur
293 2531 330 2572 ac
363 2511 524 2591 doceatur,
561 2514 633 2592 quin
664 2513 757 2572 etiam
780 2513 823 2571 ita
844 2519 968 2591 promta
990 2519 1046 2589 est,

123 2601 156 2655 ut
199 2601 329 2674 quaerat
369 2596 463 2655 alium
505 2595 685 2673 ductorem,
727 2594 825 2674 fugiat
871 2615 905 2655 se
946 2596 1045 2674 ipsum

124 2679 306 2759 magistrum
350 2679 398 2737 sui
446 2698 525 2740 esse.
579 2679 658 2739 Nam
694 2680 724 2737 in
763 2678 861 2757 prima
894 2676 954 2737 lide
987 2677 1046 2737 ior-

124 2761 239 2822 manda
260 2759 427 2821 offeruntur
441 2764 530 2843 signa
555 2781 618 2822 non
634 2758 850 2842 cogitantibus,
873 2779 932 2820 nee
955 2779 1045 2838 quae·

123 2843 272 2923 rentibus,
296 2843 351 2904 sed
373 2845 434 2904 alia
456 2845 672 2924 quaerentibus
696 2850 727 2904 et
748 2844 859 2920 noxia,
887 2845 917 2903 in
940 2862 1046 2903 secun·

124 2926 164 2986 da
186 2946 261 2989 vero
287 2927 505 2987 subtrahuntur
526 2929 624 3008 signa,
648 2926 865 3007 quaerentibus
886 2943 922 2985 ac
939 2925 1045 2985 volen-

124 3009 215 3090 tibus,
238 3017 270 3071 et
292 3008 459 3070 offeruntur
481 3010 591 3089 verba,
622 3010 676 3070 sed
700 3011 790 3070 etiam
814 3028 877 3069 non
900 3027 1045 3087 quaeren-

125 3092 204 3153 tibus
229 3112 329 3172 neque
352 3093 545 3169 volentibus,
577 3095 649 3174 quia
676 3094 770 3173 signis
801 3097 985 3152 revocantur
1007 3090 1045 3151 ab
1088 3135 1093 3140 -

125 3195 230 3236 errore
251 3175 439 3237 infidelitatis
462 3183 493 3237 et
515 3176 667 3238 erroribus
681 3175 842 3256 Aegypti,
871 3174 980 3254 quibus
1003 3175 1045 3233 in·

124 3258 265 3338 tendunt,
287 3259 388 3319 verbis
410 3266 513 3320 autem
535 3258 694 3320 trahuntur
715 3279 733 3319 a
755 3259 850 3339 signis
873 3278 928 3336 per
946 3256 1045 3317 deser·
1087 3320 1091 3329 ,

124 3349 186 3403 tum
224 3342 264 3402 ad
302 3341 373 3402 fidei
405 3343 586 3423 proiectum.
638 3342 760 3402 interea
789 3360 862 3401 vero
895 3339 956 3400 fide
984 3341 1045 3400 iam

124 3426 191 3505 ipse
214 3445 273 3486 nec
296 3426 385 3506 signa
406 3446 464 3486 nec
486 3427 581 3487 verba
601 3427 727 3505 requirit
749 3424 806 3484 sibi
823 3423 971 3502 exhiberi,
991 3423 1044 3483 sed

124 3508 251 3569 exhibet
263 3528 296 3568 se
309 3510 376 3588 ipse
395 3509 474 3568 ultra
488 3511 577 3590 signa
592 3515 623 3568 et
635 3509 730 3568 verba
748 3508 839 3566 etiam
858 3504 896 3566 ad
909 3507 1045 3566 minutis·

124 3593 235 3652 simum
248 3598 334 3652 motu
349 3591 516 3652 voluntatis
530 3593 605 3670 eius,
625 3593 672 3651 cui
694 3588 833 3668 credidit,
854 3590 911 3668 eui,
930 3590 954 3649 si
975 3608 1044 3649 eum

123 3676 226 3754 sciret,
248 3675 473 3754 promtissimus
497 3682 580 3735 esset
600 3695 655 3754 per
678 3674 791 3736 omnia.
819 3671 1044 3752 Respondetur,

123 3761 206 3839 prius
228 3758 286 3818 fuit
306 3765 447 3836 ternpore
469 3759 623 3836 quaesitus
647 3763 678 3818 et
700 3761 839 3838 vocatus,
862 3774 946 3819 nuuc
968 3756 1049 3840 gerit

789 3859 835 3931 9*
