2356 4200
129 298 171 368 ro
465 296 745 386 stramentorum

127 468 219 551 tlixit,
250 471 346 534 verbo
367 470 492 536 Domini
519 472 600 535 ‘coeli
621 472 733 534 firmati
760 479 848 553 sunt,
877 473 1048 553 etiterum,

129 554 237 616 omnia
259 555 290 615 in
314 557 465 636 sapientia
486 556 595 618 iecisti.
638 555 678 618 Et
700 555 828 631 Salomo
851 557 992 618 similitor
1009 564 1050 617 'et

129 657 209 719 quae
231 637 270 699 de
287 640 440 720 sapientia
460 641 549 702 Prov.
563 643 592 706 8.
612 646 747 723 perorat.
791 638 943 720 Secunda,
985 632 1048 701 aco

16 767 19 774 f
128 722 173 782 'sic
201 723 351 802 aptiorem
385 730 416 785 et
440 722 657 804 perfectiorem
688 725 770 784 vlam
798 652 992 805 intelligenti
1020 729 1051 783 et

126 804 316 866 ascendendi
346 807 377 867 in
399 805 545 867 deitatem
567 805 635 867 Filii
663 813 694 868 et
715 807 920 888 pluralitatem
944 822 1050 887 perso·

127 902 234 949 narum
257 902 325 948 curn
347 888 507 951 identitate
528 895 655 952 naturae
671 889 761 952 nobis
783 891 914 972 paravit.
957 888 1049 965 Quod

127 976 162 1033 ut
184 972 357 1053 capiamus,
385 973 572 1053 notandum,
603 973 685 1053 quod
708 972 823 1054 duplex
846 975 885 1034 sit
904 971 1070 1051 verbum,

60 1063 62 1067 ’
126 1056 257 1136 primum
291 1062 338 1116 est
368 1053 540 1136 internum,
575 1055 657 1136 quod
692 1058 903 1137 propriissime
940 1056 1050 1116 dicitur

70 1197 75 1213 ,
127 1138 272 1216 verbum,
295 1146 327 1199 et
346 1140 601 1220 perfectissimum
623 1147 679 1218 est,
702 1146 734 1200 et
753 1140 1048 1221 repraesentativum

128 1228 160 1282 et
185 1221 384 1284 indicativum
405 1223 473 1284 Filii
493 1223 569 1302 Dei,
597 1223 711 1306 quippe
733 1222 868 1303 quodie
890 1222 960 1284 'sola
980 1240 1050 1303 per-

127 1305 295 1366 fectissima
314 1313 440 1386 natura,
462 1307 580 1368 scilicet
600 1305 801 1368 intellectuali
823 1306 872 1368 vel
893 1304 1048 1384 rationali,

126 1389 295 1468 invonitur,
318 1389 401 1469 quod
423 1406 463 1450 ex
484 1389 603 1470 vulgari
624 1389 707 1451 dioto
731 1390 893 1471 accipitur,
924 1387 1049 1470 quando

127 1472 208 1533 solet
230 1471 289 1533 dici
318 1473 356 1534 de
385 1471 639 1554 cogitationibus,
671 1491 744 1533 ecce
772 1492 875 1534 secum
899 1470 1048 1533 in'corde

127 1554 278 1635 loquitur,
306 1574 362 1618 seu
384 1555 468 1619 titolo
490 1554 560 1637 berg
591 1558 651 1636 logt
678 1558 733 1620 orit
760 1559 823 1621 boo.
866 1555 898 1618 Si
920 1574 974 1616 cor
996 1554 1051 1617 tibi

128 1636 216 1718 dicit,
239 1658 313 1722 ergo
334 1639 461 1701 verbum
485 1645 546 1717 est,
567 1639 630 1700 imo
647 1638 881 1720 itaperiectum
903 1638 1048 1717 verbum,

126 1728 160 1782 ut
190 1742 247 1802 per
272 1730 354 1784 tuam
389 1721 611 1803 experientiam
646 1723 778 1797 sentias,
810 1720 893 1802 quod
920 1721 1047 1783 verbum

129 1806 190 1866 oris
211 1805 492 1887 incomparabiliter
520 1806 619 1866 minus
648 1812 747 1867 estet
767 1803 924 1868 infirmius.
966 1804 1046 1865 Nam

126 1888 202 1949 nulli
228 1897 319 1970 potes
345 1908 401 1969 per
419 1887 546 1950 verbum
574 1889 636 1949 oris
659 1908 713 1950 cor
734 1908 876 1967 movere,
899 1895 1047 1969 quantum

127 1980 175 2033 est
196 1990 250 2033 oor
271 1979 355 2034 tuum
379 1979 494 2034 motum
515 1991 534 2032 a
555 1970 720 2034 verbotuo
744 1973 881 2050 interius,
905 1974 984 2033 sicut
997 1989 1046 2032 so·

127 2055 225 2116 lomus
247 2055 364 2133 dicere,
387 2055 510 2136 quando
534 2061 641 2131 nosoa
663 2056 808 2134 coneilio,
831 2056 971 2135 querelas
995 2060 1048 2114 aut

127 2140 244 2200 monita
264 2139 316 2200 alii
337 2139 447 2200 nolunt
468 2139 562 2200 corde
581 2139 750 2220 percipere,
774 2138 818 2203 oc
841 2141 903 2220 gebi
923 2137 982 2219 ibor
1006 2139 1050 2200 nit

125 2238 158 2304 to
179 2222 299 2305 metten,
320 2224 340 2283 i.
364 2241 391 2283 e.
414 2240 476 2283 non
499 2228 605 2284 movet
625 2221 686 2283 hoc
707 2223 773 2283 eius
795 2238 864 2302 cor,
898 2223 976 2283 sicut
994 2239 1047 2280 no-

125 2312 229 2368 strum.
271 2306 411 2367 Moverat
431 2312 549 2385 autem,
572 2306 597 2366 si
618 2306 718 2386 ipsum
740 2306 892 2367 internum
914 2304 1042 2366 verbum

124 2407 286 2471 possemus
307 2391 340 2450 in
362 2404 467 2451 eorum
491 2408 546 2451 cor
567 2389 697 2468 mittere,
719 2404 801 2449 nunc
822 2395 925 2450 autem
942 2388 1042 2449 solum

125 2471 252 2535 verbum
276 2480 436 2535 externum
457 2474 604 2535 mittimus
625 2473 657 2533 in
680 2490 787 2534 eorum
809 2492 878 2553 oor,
909 2473 973 2532 imo
1001 2472 1045 2530 in-

127 2556 376 2638 comparabiliter
397 2558 496 2617 minus
517 2563 659 2618 movetur
678 2554 718 2616 ab
741 2575 790 2637 eo,
812 2574 904 2637 quam
926 2574 984 2615 nos
1007 2553 1046 2616 ab

126 2641 194 2722 ipso
215 2642 348 2702 interno.
392 2639 479 2715 Quae
500 2641 525 2700 si
547 2645 688 2701 notasset
708 2641 788 2701 inter
808 2639 870 2700 alia
886 2637 1047 2718 mirabilia,

128 2742 207 2805 quae
229 2744 269 2785 ex
289 2723 351 2785 hoc
373 2732 551 2804 sequuntur,
572 2729 606 2783 ut
626 2722 705 2784 inlla
726 2722 890 2784 dicendum
908 2727 964 2801 eet,
986 2720 1047 2781 hoc

127 2808 258 2889 primum
271 2809 416 2887 sequitur,
440 2806 521 2888 quod
539 2808 599 2868 hoo
611 2807 737 2868 verbum
760 2813 820 2867 est
841 2810 888 2867 est
910 2805 1047 2866 omnium

128 2890 290 2952 verborum
313 2892 583 2972 perfectissimum:
606 2889 754 2970 secundo,
775 2889 858 2971 quod
880 2894 985 2949 manet
1002 2888 1047 2947 in*

128 2982 176 3036 tus
198 2980 230 3035 et
250 2979 354 3056 potest
374 2974 515 3056 pertundi
537 2974 636 3036 foras:
658 2974 760 3052 tertio,
783 2971 865 3052 quod
889 2990 980 3033 nerno
1002 2971 1046 3052 ιρι

127 3076 195 3118 eum
217 3059 313 3139 novit,
337 3058 395 3118 uisi
421 3060 488 3139 ipse
517 3059 568 3137 qui
589 3055 697 3137 habet,
723 3062 849 3136 quarto,
883 3053 965 3135 quod
986 3054 1048 3114 hoc

127 3140 254 3202 verbum
276 3148 323 3202 est
340 3143 511 3222 consilium,
534 3141 692 3238 cogitatio,
709 3139 870 3222 sapientia,
892 3137 1047 3217 iudicium,

127 3226 251 3304 veritas,
273 3225 447 3286 intellectus
468 3223 724 3306 ipsiushomlnrs:
752 3223 859 3304 quinto
882 3220 965 3301 quod
986 3221 1048 3281 hoo

127 3307 255 3370 verbum
285 3327 349 3370 non
372 3310 460 3370 citius
482 3308 565 3368 sorae
592 3305 735 3385 mittitur,
758 3324 812 3367 seu
838 3305 1049 3366 manifestatur

128 3387 238 3453 melius
266 3410 357 3473 quam
381 3390 585 3474 perverbum
608 3390 684 3469 oris,
706 3388 757 3450 vel
779 3406 857 3470 opus
876 3387 959 3449 aliud
982 3406 1047 3449 cor-

112 3477 221 3557 poris.
265 3475 316 3539 sie
336 3491 419 3536 nuno
440 3475 543 3554 cogita
564 3471 693 3553 debeo,
715 3471 798 3552 quod
821 3472 940 3553 etipse
962 3471 1047 3533 solus

129 3578 233 3620 secum
248 3559 382 3639 loquitur
392 3564 424 3618 et
436 3557 510 3617 dloit
529 3557 560 3617 in
571 3555 666 3616 corde
678 3575 745 3635 suo,
768 3554 851 3635 quod
864 3561 912 3616 est
922 3552 1048 3616 verbum

129 3643 265 3703 omnium
285 3641 552 3723 perfectissimum,
574 3638 692 3719 dequo
714 3634 935 3700 hicJohannes
953 3638 1048 3718 loqui·

128 3734 186 3807 tur,
208 3723 291 3807 quod
312 3731 418 3807 manet
437 3725 469 3784 in
490 3724 557 3785 Deo
579 3741 638 3783 neo
659 3728 764 3805 potest
784 3721 899 3783 effundi
912 3722 994 3783 loros
1016 3725 1048 3783 et

129 3814 217 3872 extra
236 3808 346 3889 Deum,
368 3807 423 3870 sed
445 3813 550 3869 manet
571 3804 654 3888 apud
675 3806 793 3886 Deum,
822 3812 855 3868 et
871 3811 923 3867 eet
944 3805 1061 3869 Deuca
