2356 4200
446 291 473 333 s.
494 275 564 334 1517
581 275 679 333 habia

492 524 637 645 Sermo

252 724 305 788 die
326 724 539 786 conversionis
560 724 648 786 Pauli
681 745 710 790 a.
734 725 859 807 ·1517*)

321 889 607 952 derelictione
634 891 811 953 omnium.

183 1057 368 1138 centuplum
390 1057 523 1136 accipiet
544 1062 576 1117 et
597 1057 690 1117 vitam
713 1063 871 1117 aeternam
883 1053 1017 1135 posside·
1117 1058 1124 1070 '
1156 1028 1158 1035 Ι

97 1143 152 1204 bit.
195 1141 255 1202 Hie
284 1140 413 1201 habetur
443 1138 638 1219 evangelium
666 1148 697 1200 et
726 1139 776 1199 hic
798 1138 866 1199 linis
889 1144 937 1199 est
958 1156 1021 1199 om·

98 1228 181 1288 nium
205 1222 420 1285 mandatorum
441 1222 516 1302 Dei,
550 1229 583 1282 ut
610 1222 683 1282 nudi
704 1240 852 1283 exuamur
874 1221 913 1282 ab
936 1221 1020 1281 omni

99 1307 367 1388 concupiscentia,
394 1324 488 1385 puros
514 1305 595 1365 enim
618 1314 649 1366 et
670 1311 794 1366 sanctos
817 1324 854 1365 ao
874 1306 1019 1364 immacu-

99 1393 180 1452 latos
204 1409 262 1451 nos
284 1407 353 1450 esse
377 1392 500 1468 oportet
521 1395 552 1448 et
578 1389 654 1448 nulli
682 1407 806 1468 prorsus
835 1389 879 1448 rei
909 1405 1019 1448 conon-

98 1472 268 1555 piscendae
289 1470 467 1532 adhaerere.
511 1469 613 1546 Quare
635 1472 829 1552 evangelium
849 1471 923 1530 nihil
936 1469 1018 1530 aliud

100 1563 158 1636 est,
183 1574 274 1636 quam
295 1553 443 1615 revelatio
465 1559 497 1614 et
518 1555 728 1634 interpretatio
751 1554 863 1614 vetaris
885 1551 1021 1637 legis⁸)‚

101 1641 174 1719 qnia
194 1657 258 1700 uon
281 1637 448 1716 moechari,
470 1655 532 1696 non
555 1638 655 1716 irasci,
677 1655 739 1698 non
761 1637 868 1715 furari,
890 1655 924 1696 re
948 1655 1022 1697 vena

62 1719 68 1733 '
99 1730 132 1783 et
152 1728 239 1782 reeta
259 1720 466 1801 intelligentia
485 1719 561 1779 nihil
582 1727 629 1792 est
649 1718 733 1780 alind
750 1738 841 1799 quam
863 1738 926 1779 uon
950 1737 1021 1780 con-

100 1805 270 1885 cupiscere,
291 1802 367 1862 nulli
390 1801 558 1863 adhaerere
579 1808 747 1882 creaturae,
770 1821 803 1862 se
817 1803 916 1882 ipsum
929 1809 1022 1881 atque

100 1890 236 1948 animam
258 1905 345 1946 suam
367 1885 482 1954 odisse.
526 1885 606 1945 Nam
629 1885 682 1946 illa
702 1885 953 1966 concupiscentia
974 1891 1022 1946 est

100 1989 196 2031 eausa
218 1970 355 2030 omnium
377 1969 520 2046 rixarum,
542 1969 651 2048 litium,
673 1968 839 2048 bellorum,
869 1966 1019 2045 caedium,

101 2053 285 2114 tumultuum
308 2051 402 2112 totius
424 2051 544 2132 mundi,
567 2057 601 2112 ut
621 2070 694 2112 vere
720 2049 831 2111 dixerit
851 2050 1021 2130 apostolus,

101 2135 255 2216 cupiditas
276 2132 365 2194 radix
387 2134 521 2194 omnium
545 2133 708 2212 malorum,
736 2133 808 2212 quia
828 2152 936 2212 parum
959 2150 1021 2193 om-

101 2220 177 2279 niuo
200 2223 339 2298 praestat
359 2217 417 2276 nisi
435 2216 621 2277 abstinentia
642 2224 672 2276 et
692 2216 852 2277 relictione
876 2217 1021 2276 omnium.

101 2301 205 2378 Quare
235 2301 408 2378 relinquere
437 2301 542 2360 omnia
571 2299 633 2359 hoc
660 2301 760 2379 ipsum
780 2298 868 2359 radix
890 2304 937 2358 est
959 2317 1022 2359 om-

99 2387 187 2444 nium
210 2382 373 2443 bonorum.
415 2381 527 2442 Nonne
549 2382 642 2442 mirus
666 2381 742 2444 ordo
765 2387 796 2441 et
817 2380 1022 2461 permutatio?

101 2466 265 2547 Cupiditas
300 2464 451 2525 bonorum
491 2472 538 2525 est
569 2464 657 2525 radix
690 2466 826 2526 omnium
861 2464 1020 2543 malorum,

101 2554 276 2611 contemtus
308 2546 459 2608 bonorum
497 2555 544 2608 est
574 2547 663 2607 radix
702 2549 838 2607 omnium
860 2549 1022 2608 bonorum.

100 2632 160 2707 Qui
189 2631 315 2709 reliquit
342 2629 440 2703 bona,
473 2631 554 2690 hunc
589 2638 815 2710 prosequuntur
841 2629 941 2707 bona3
971 2630 1021 2708 qui

101 2715 187 2794 eupit
208 2713 293 2775 bona
315 2716 347 2772 et
366 2713 580 2792 prosequitur,
613 2714 694 2773 huno
723 2713 900 2792 relinquunt
928 2712 1021 2776 bona.

100 2799 161 2873 Qui
184 2815 259 2877 ergo
279 2814 341 2856 uon
357 2796 511 2874 relinquit,
533 2796 731 2874 relinquetur,
754 2797 805 2874 qui
819 2801 920 2855 autern
933 2794 1022 2854 relin-

100 2881 174 2960 quit,
199 2897 261 2939 nou
285 2878 482 2957 relinquetur.
525 2877 605 2938 Vide
626 2879 731 2958 itaque
753 2879 919 2938 vanitatem
940 2878 1022 2957 cupi-

99 2964 219 3040 ditatis,
242 2963 305 3022 imo
328 2962 442 3021 malurn
465 2962 540 3021 eius.
583 2961 649 3021 lmo
672 2968 704 3021 et
725 2961 916 3040 experientia
936 2959 1018 3020 vide-

99 3065 177 3124 mus,
200 3043 283 3124 quod
302 3043 452 3122 cupiditas
469 3062 531 3111 non
547 3045 688 3104 satiatur:
714 3042 785 3121 quid
801 3050 849 3103 est
865 3043 946 3102 enirn
959 3061 1021 3102 non
1095 3069 1100 3080 r

99 3128 204 3188 satiari
242 3125 383 3206 cupidum
420 3145 511 3206 quarn
543 3126 672 3205 relinqui
705 3127 744 3186 ab
767 3145 821 3204 eo,
851 3124 932 3204 quod
954 3126 1022 3205 ipse

98 3230 162 3272 non
185 3209 350 3288 relinquit?
382 3211 535 3288 quianon
559 3210 757 3288 consequitur
774 3216 925 3287 quantum
947 3208 1021 3284 vult,

98 3300 254 3354 ettamen
276 3293 367 3372 eupit.
403 3291 454 3352 Sic
475 3291 514 3352 de
527 3292 658 3353 Tantalo
681 3298 794 3371 poetae
816 3291 945 3373 tingunt,
969 3292 1021 3370 qui
1067 3344 1068 3347 ,

100 3382 265 3436 oretenus
287 3375 318 3432 in
341 3376 427 3453 aquis
449 3376 569 3454 positus
591 3375 654 3434 sitit
675 3375 889 3453 vehementer,
917 3381 948 3434 et
979 3380 1021 3434 ta-

162 3637 193 3692 ⁸l
217 3635 364 3689 Loeseher.
386 3635 405 3700 Ι,
426 3635 477 3690 785
498 3652 557 3705 sqq.
594 3636 700 3688 Wslch.
720 3636 753 3700 X,
775 3653 801 3704 p.
825 3636 892 3691 1176
911 3650 969 3703 sqq.

101 3706 321 3834 doodrldadenuo
332 3707 508 3775 evangelium
524 3710 630 3776 capitur
643 3708 697 3760 late
710 3724 759 3776 pro
774 3710 839 3760 novi
854 3709 1022 3761 Testamenti
