2356 4200
183 261 247 335 234
436 265 635 329 &bladow
651 266 761 339 orma
781 265 858 323 tna

182 437 305 501 etiamsi
325 445 432 499 essent
453 439 546 501 vernt
589 439 679 503 Nune
706 457 775 501 oum
803 439 927 501 sistat
956 435 1111 517 impiant

183 519 278 597 falsa,
310 520 406 583 multo
429 523 528 602 magis
549 528 622 585 sunt
641 520 846 602 explodenda
875 517 976 583 -flene'
996 525 1034 583 et
1049 536 1110 600 ogo

184 604 325 684 superius
347 605 482 684 permisi,
503 623 597 684 posse
619 623 737 685 poenas
757 603 881 681 remitti,
903 602 1001 663 stiam
1014 602 1060 665 iis
1070 604 1110 680 Ι),

185 687 238 767 qui
257 705 321 747 non
343 688 569 767 summoniti,
589 687 673 768 quod
695 687 739 749 ilii
756 693 882 767 negant.
903 683 965 747 Hie
977 704 1111 763 rursum,

186 769 270 849 quod
291 769 336 831 illi
357 769 521 846 affirmant,
543 769 719 851 negandum
742 777 828 850 puto.
851 768 954 847 Atque
975 765 1112 833 docon-

184 851 449 933 tasionntibum
471 853 594 932 quidem
615 854 697 915 idem
722 853 806 931 mihi,
828 850 914 932 quod
936 849 979 911 de
1000 848 1113 930 poeuis

186 935 331 997 indieinm
357 944 420 1014 est,
448 936 567 997 soilioet
593 937 755 1015 utrobique
776 953 840 996 non
860 933 975 1013 requiri
998 934 1111 997 munt

186 1019 319 1097 tionem,
348 1037 450 1097 neque
471 1019 573 1097 quoad
594 1019 839 1099 redemptionem
859 1035 987 1093 eorum,
1008 1034 1111 1096 neuun

185 1101 289 1181 quoad
317 1121 424 1178 usum,
451 1101 535 1180 quod
556 1109 687 1184 negant,
714 1101 852 1163 similiter
885 1106 917 1161 et
944 1099 976 1159 in
1000 1098 1112 1179 poenis

181 1183 402 1280 remittendis(
415 1183 664 1264 quandoquidem
692 1204 763 1265 pars
796 1181 1038 1245 confessionalis
1064 1189 1113 1243 est

185 1285 591 1411 demlzddddrdbldddmendis
613 1349 773 1412 animabus
795 1350 924 1411 omnino
956 1347 1111 1411 dissentio

186 1438 221 1495 et
239 1438 331 1513 peto,
353 1439 386 1493 nt
406 1432 540 1512 probent
560 1433 644 1494 diota
663 1452 728 1497 sna
772 1431 841 1512 Ego
861 1430 988 1511 quidem
1010 1431 1045 1493 in
1065 1451 1112 1495 ro·

184 1514 339 1581 dimendis
360 1515 521 1577 animabus
543 1515 637 1596 longe
659 1515 743 1578 aliud
766 1513 863 1575 videri
892 1509 985 1594 puto,
1018 1532 1112 1594 qoam

184 1599 217 1661 in
240 1598 422 1661 remissione
443 1618 625 1679 poenarum,
646 1600 671 1659 si
696 1597 820 1679 quidem
831 1596 1111 1661 inremissionibut

185 1699 309 1761 poenne
334 1680 431 1763 homo
462 1683 572 1762 reoipit
605 1680 735 1760 bonnm,
769 1679 824 1742 sed
857 1681 888 1740 in
920 1678 1112 1743 redimendis

185 1762 347 1825 animabus
368 1765 442 1825 facit
461 1764 587 1827 bonum.
630 1765 672 1826 At
691 1764 803 1844 impius
825 1764 963 1844 resipere
993 1761 1111 1825 bonnm

186 1852 305 1927 potest,
335 1847 391 1909 sed
414 1846 498 1908 nullo
521 1847 755 1925 monstenem,
782 1865 842 1907 neo
862 1852 967 1926 potest
986 1845 1114 1925 pinsere

186 1927 1056 2092 ιιιιιιιιιιιιιιιιιιιι

270 2096 391 2157 Deinde
411 2106 520 2157 eontra
541 2097 721 2175 scripturam
744 2102 802 2172 est,
823 2103 858 2155 ut
877 2094 947 2172 quis
967 2089 1111 2176 primo²)

186 2177 275 2239 alteri
298 2180 487 2254 miserentur,
511 2198 602 2257 quam
624 2180 746 2239 animae
767 2197 852 2256 snae,
874 2184 906 2240 et
920 2177 1004 2256 prins
1021 2176 1113 2239 festu·

189 2280 256 2323 eam
279 2261 320 2321 de
341 2262 432 2323 ooulo
454 2262 555 2323 trabis
576 2262 693 2337 eiiciat,
728 2280 819 2340 quum
851 2260 972 2321 trabem
993 2259 1037 2321 de
1057 2278 1113 2321 suo

187 2351 282 2423 atque
303 2346 430 2405 omnino
453 2353 486 2405 ut
506 2364 613 2404 servus
635 2342 751 2406 diaboii
774 2343 905 2405 redimat
925 2341 1022 2403 filiam
1046 2342 1113 2417 Dei,

188 2432 220 2497 et
241 2427 302 2488 hoo
323 2427 404 2508 opud
426 2429 526 2507 ipsum
540 2425 680 2507 Deum³)
704 2426 864 2488 ridioulum
885 2433 943 2508 est,
965 2432 999 2486 nt
1015 2425 1113 2487 bostis

186 2528 244 2589 pro
267 2511 368 2571 nmieo
390 2512 470 2591 regis
493 2509 671 2571 intercedat.
715 2507 808 2584 Quis,
828 2528 923 2590 rogo,
953 2509 1040 2568 furor
1066 2507 1114 2567 hio

189 2592 256 2653 est?
290 2594 340 2672 qui
370 2596 421 2668 (ut
448 2593 614 2654 vilissimae
641 2611 763 2672 poenae
785 2593 998 2653 remissionem
1021 2589 1112 2651 etad

189 2675 318 2735 salutem
342 2675 480 2737 inutilem
495 2674 708 2756 magnificent)
732 2680 871 2755 peecata,
893 2693 1025 2753 quorum
1040 2691 1112 2754 poe·

190 2759 318 2819 nitentia
347 2757 416 2822 sois
451 2757 551 2821 fueret
580 2757 823 2838 magnifiennda,
851 2760 1032 2819 extenuent
1082 2755 1112 2816 Si

188 2839 249 2901 hoo
271 2860 332 2902 non
356 2848 405 2903 nst
424 2841 630 2917 haereticum,
652 2841 862 2916 malesanam,
883 2839 1113 2914 seandalosunt,

189 2925 308 3003 piarum
331 2925 447 2984 surium
470 2922 670 3001 offensivum,
692 2923 765 3002 quid
787 2923 909 2984 tandem
933 2931 998 3000 est,
1031 2920 1113 3002 qnod

156 3066 160 3073 .
190 3005 239 3066 his
259 3008 418 3068 nominum
440 3008 591 3087 portentis
613 3007 762 3087 appellnn'
784 3006 905 3087 possit?
938 3006 987 3067 An
1010 3005 1060 3066 bis
1080 3006 1113 3065 ti-

197 3129 488 3140 .--—--.—---
493 3129 530 3135 —-
535 3130 558 3136 ...
590 3131 595 3135 .

264 3200 293 3265 ιι
314 3201 342 3252 ln
362 3200 405 3254 es.
424 3200 499 3256 ren:
519 3201 572 3255 nra.
609 3201 638 3268 ι)
655 3173 688 3255 in
706 3199 749 3254 er.
768 3200 841 3255 Jen.:
858 3201 974 3268 psmus.
1012 3198 1045 3255 st
1068 3198 1115 3250 tm·

192 3271 254 3325 dem
276 3278 413 3324 commate
433 3274 638 3342 interpungitur
659 3279 723 3340 post
742 3287 802 3325 voc.
823 3271 922 3323 Deum.

265 3342 294 3412 *)
321 3344 350 3397 tn
368 3343 478 3405 vscholio
501 3350 638 3399 vorarunt
659 3343 882 3399 confessionalis
903 3343 1010 3410 roripta
1031 3357 1067 3394 ao
1088 3340 1114 3392 li-

144 3411 147 3417 ’
192 3413 298 3482 butor,
329 3416 428 3484 quibus
459 3415 607 3469 confitendi
631 3417 740 3469 turmae
769 3426 798 3467 et
821 3430 902 3467 nasus
929 3414 1114 3469 eonscientiae

193 3485 506 3552 comprehendebantur.
544 3487 573 3539 ln
595 3489 671 3537 curia
692 3487 818 3539 Romana
843 3490 943 3539 vocant
961 3484 1114 3539 Confessio·

192 3558 270 3613 nulia
288 3557 396 3610 indulta
414 3559 564 3625 pontificia,
583 3558 683 3627 quibus
702 3556 872 3615 vendebatur
891 3554 1013 3627 eligendi
1033 3554 1114 3608 incul-

192 3630 471 3694 tas'conIessnrtnm,
497 3631 544 3699 qul
570 3628 718 3681 autoritate
745 3629 881 3696 pontificis
906 3628 1058 3699 commissa
1082 3627 1114 3678 ab

191 3698 321 3754 omnibns
352 3699 396 3753 rel
420 3696 519 3754 solim
536 3698 701 3770 quibusdum
721 3696 832 3752 caribus
859 3700 1010 3752 serenam
1035 3697 1117 3752 conti·

193 3775 299 3828 m
315 3770 461 3825 morsus
478 3776 576 3842 posset
593 3775 645 3824 ato·
