2356 4200
194 267 258 345 288
368 272 860 343 ‚1.=»Disputsti0b{.1.utnsri..
930 342 933 351 Ι

192 441 284 519 stris,
307 441 357 520 qui
379 460 434 521 per
454 440 490 501 lit
478 447 559 504 teras
581 442 739 512 veniarum
761 460 886 505 seouros
908 460 977 503 sese
989 440 1120 503 eredunt

196 523 234 584 de
257 543 312 583 sna
333 523 443 586 salute.
494 576 507 596 ,
721 571 723 575 -

278 607 336 682 33)
360 590 497 674 cavendi
519 614 591 669 sunt
612 609 713 688 nimis,
723 609 787 704 ‘qul
810 607 916 668 dieunt
927 626 1034 669 vemas
1046 606 1117 668 illas

194 709 295 771 papae
317 688 432 751 donum
455 709 525 751 esse
545 689 622 751 illud
643 690 730 752 Dei
721 710 809 752 maes
810 689 962 772 timebis,
986 709 1047 770 quo
1069 710 1118 751 re·

195 772 377 834 conciliatur
397 772 492 835 homo
514 773 592 843 Deo.
710 827 714 840 ,

277 857 335 932 34)
362 855 488 917 Gratiae
519 856 602 918 enim
622 855 695 920 illae
716 857 851 919 veniales
880 841 997 918 tantum
1020 857 1117 936 respi-

195 940 279 1001 oiunt
300 957 418 1020 poenas
440 939 659 1009 satisfactionis
682 940 913 1009 sacramentalis
934 939 975 1008 ab
987 939 1116 1001 homme

195 1023 386 1086 constitutas.

277 1107 336 1182 35)
359 1105 430 1167 Non
441 1105 606 1202 ebri'stiana
616 1105 806 1187 praedicant,
830 1125 881 1186 qur
873 1105 1017 1186 decent,
1031 1105 1115 1184 quod

193 1160 394 1269 redempturis
416 1188 534 1249 animas
556 1187 606 1250 vel
627 1189 865 1251 confessionalis
879 1209 941 1251 non
955 1190 994 1250 sit
1011 1207 1117 1274 nenes-

198 1272 279 1333 saria
301 1272 456 1332 contritio.

277 1356 335 1430 36)
361 1353 496 1429 Quilibet
519 1353 707 1417 Christianus
741 1374 813 1416 vere
836 1360 1036 1436 compunctus
1059 1354 1116 1415 ha-

195 1438 247 1499 bet
268 1438 480 1499 remissionem
501 1437 672 1517 plenariam
694 1458 713 1498 a
734 1457 837 1519 poena
849 1444 881 1500 et
898 1437 998 1518 eulpa,
1021 1438 1116 1499 etiem

196 1521 262 1581 sine
285 1520 380 1581 literis
403 1521 559 1581 veniarum
580 1519 638 1583 sibi
659 1520 804 1607 debitam.

274 1605 336 1682 37)
360 1602 497 1678 Quilibet
518 1623 607 1666 verus
631 1603 830 1683 Christianus,
852 1605 917 1664 sive
938 1604 1026 1664 vivus
1049 1603 1116 1664 sive

195 1692 348 1766 mortuus,
380 1685 474 1749 habet
505 1687 771 1767 participationem
799 1688 935 1749 omnium
963 1684 1117 1749 bonorum

192 1768 306 1839 Christi
336 1776 367 1831 et
394 1769 561 1849 eeclesiae,
593 1770 685 1831 etiam
711 1771 780 1831 sine
799 1770 895 1831 literis
917 1770 1075 1830 veniarum
1088 1788 1117 1829 a

195 1853 262 1914 Deo
285 1851 344 1914 sibi
368 1851 483 1914 datam.

278 1936 335 2010 38)
359 1936 513 1997 Remissio
536 1941 638 1997 tamen
661 1955 679 1998 e
680 1936 877 2016 tpartieipat
869 1955 899 1998 ιο
913 1954 1015 2016 papae
1027 1935 1113 1997 nullo

197 2018 291 2079 modo
314 2025 362 2079 est
374 2017 624 2116 ιοιιιιιιιιιιιιιιι,
646 2020 732 2099 quia,
755 2026 789 2080 ut
812 2018 885 2098 dixi,
908 2025 955 2081 est
976 2017 1112 2081 deelara-

196 2103 240 2164 tio
262 2102 452 2164 remissionis
475 2102 607 2164 divinae.

281 2187 339 2262 39)
361 2183 583 2247 Difficillimum
604 2190 652 2246 est
674 2186 766 2247 etiam
788 2183 1113 2260 doctrinamentum

197 2267 295 2348 logis,
328 2268 417 2328 simul
439 2275 493 2328 ext
480 2268 590 2329 tollere
611 2270 767 2329 veniarum
790 2267 962 2350 largitatem
991 2274 1022 2329 et
1043 2286 1114 2329 aon·

196 2351 329 2415 tritionis
350 2353 510 2413 veritatem
532 2370 637 2413 eoram
654 2351 781 2432 populo.

268 2436 336 2512 40)
361 2433 561 2496 contritionis
583 2436 696 2496 veritae
714 2453 833 2516 poenas
847 2434 966 2513 quaerit
979 2439 1010 2496 et
1021 2440 1114 2513 amat,

195 2517 353 2578 veniarum
375 2523 478 2578 autern
499 2518 626 2599 largitas
639 2517 783 2597 relaxat‘
793 2523 823 2579 et
836 2516 939 2579 odisse
951 2517 1033 2595 feeit,
1056 2516 1114 2584 sal·

194 2607 258 2662 tem
280 2601 455 2663 occasione.

277 2686 335 2761 41)
361 2684 457 2746 Caute
486 2691 557 2744 sunt
583 2685 694 2746 veniae
719 2683 914 2765 apostolicae
934 2682 1113 2765 praedican-

196 2766 270 2847 dae,
296 2786 335 2828 ne
356 2767 491 2848 populus
513 2767 591 2828 false
612 2767 782 2864 intelligat,
812 2786 864 2828 eas
886 2766 1033 2848 praeferri
1066 2785 1113 2828 ee·

195 2852 268 2917 teris
290 2850 381 2913 bonis
404 2849 549 2931 operibus
571 2852 715 2912 caritatis

277 2935 336 3010 42)
363 2932 503 2994 Doeendi
525 2952 581 2993 sun
584 2933 781 3030 tChristiani‚
803 2930 887 3010 quod
907 2952 1009 3014 papae
1023 2951 1134 2995 mens*

195 3036 258 3079 non
280 3024 337 3095 est,
358 3016 600 3097 redemptionem
623 3018 781 3077 veniarum
804 3013 867 3075 ulla
880 3023 1114 3096 expartecom·

194 3099 362 3182 parandam
386 3119 456 3160 esse
479 3097 884 3194 operibusmiserioprdiae.
1168 3110 1170 3117 ¹

276 3185 335 3259 43)
358 3181 503 3244 Doeendi
531 3189 603 3244 sunt
623 3182 803 3260 Christiani,
831 3181 915 3261 quod
944 3181 1020 3244 dans
1042 3201 1113 3263 pau·

194 3268 334 3348 perient
354 3272 497 3327 mutuans
520 3268 623 3347 egenti
646 3265 754 3328 melius
776 3265 867 3344 facit,
903 3266 1041 3345 quamsi
1064 3286 1113 3325 ve·

193 3351 261 3411 nias
283 3350 455 3410 redimeret.

276 3434 335 3510 44)
359 3431 438 3507 ouis
468 3451 523 3512 per
549 3450 626 3513 opus
655 3434 789 3493 caritatis
817 3432 928 3492 erescit
949 3433 1061 3491 <raritas
1084 3438 1114 3491 et

193 3515 228 3578 lit
248 3515 343 3576 homo
366 3515 484 3594 melior,
507 3514 561 3576 sed
584 3535 641 3597 per
661 3517 768 3576 venias
790 3534 854 3576 non
869 3514 904 3576 fit
914 3514 1035 3590 melior,
1059 3513 1113 3574 sed

193 3597 407 3660 tantummodo
430 3617 449 3659 a
470 3616 573 3678 poena
594 3598 729 3663 liberior.

251 3781 280 3850 l)
301 3779 383 3850 Apud
403 3799 427 3834 v.
446 3778 474 3834 d.
486 3780 586 3835 Hardt:
600 3782 781 3836 ιιιιιιιιιιιιι.
