2356 4200
123 266 186 359 Ἀθ
380 293 576 351 Resoluuunss
594 293 704 365 Disput.
723 294 802 351 nuth.
895 336 899 347 .
983 314 987 321 ·

314 424 317 429 ·
670 418 690 460 s

129 482 237 525 omnes
258 466 366 546 venias
387 465 418 525 in
440 464 612 527 Jerusalem
634 471 665 525 et
686 465 787 527 Romu
807 463 943 528 efferret.
994 464 1057 529 ssd

127 564 199 607 non‘
212 545 315 625 placet
335 546 415 609 adeo
436 556 519 609 recte
541 565 665 627 sapere,
693 546 765 609 ideo
800 547 952 609 tradimur
977 549 1054 627 inl)

127 629 281 693 desideria
301 638 416 692 nostra

212 713 316 775 Tertia
338 721 386 775 est
406 718 499 775 causa
515 711 696 777 ,afflictionis
719 718 750 773 et
771 712 887 776 laboris
908 732 968 794 pro
983 732 1057 795 pea-

128 803 215 876 cato,
248 816 339 875 qnam
372 795 464 856 credo
496 814 565 855 raro
595 797 776 877 contingere
809 796 920 857 saltem
944 796 1056 861 solam.

127 881 204 941 Nam
230 888 261 940 et
281 879 364 939 domi
386 885 494 960 posset
514 897 583 938 sese
605 877 742 959 affligere
772 886 804 939 et
830 878 996 959 laborare,
1031 881 1056 940 si

128 962 267 1024 laborem
295 961 509 1022 tantummodo
544 968 713 1040 quaereret,
774 961 804 1022 Si
835 968 939 1021 tamen
971 962 1056 1042 iacit,

129 1052 262 1109 nonest
284 1045 408 1121 malum,
428 1045 492 1105 imo
515 1043 639 1105 bonurn.
1059 1084 1064 1093 .

210 1127 335 1205 Quarta,
356 1127 506 1203 honesta,
526 1125 683 1207 scilieet²)
707 1128 734 1186 si
754 1126 809 1187 fiat
830 1127 979 1206 singulari
1005 1128 1055 1190 de

129 1213 257 1274 vadona
280 1229 337 1291 pro
358 1209 480 1270 honore
502 1216 677 1270 sanctorum
701 1216 732 1270 et
751 1210 1055 1290 glonuDei,acsuo

130 1294 279 1376 proiectu,
302 1293 381 1353 sicut
400 1290 432 1352 S.
454 1288 549 1353 Lu‘cic
570 1291 609 1353 ad
631 1293 666 1354 B.
687 1292 851 1373 Agamem,
874 1299 906 1352 et
928 1294 1054 1373 quidam

129 1377 227 1438 sancti
250 1383 352 1456 patres
376 1375 508 1435 Romam
531 1376 712 1452 visitarunt,
735 1374 818 1455 qnod
839 1395 902 1437 non
925 1376 1056 1438 fecerint

129 1460 321 1535 curiositate,
351 1459 450 1517 exitus
487 1456 640 1537 probavit.
688 1458 821 1519 Proinde
848 1458 922 1518 mihi
951 1460 1056 1539 placet

129 1544 160 1603 in
181 1542 247 1601 istis
269 1540 473 1606 facultatibus,
497 1538 579 1618 qn‘od
602 1542 694 1600 etiarn
709 1549 782 1602 vota
800 1540 906 1601 talium
919 1544 1054 1624 peregri·

128 1625 287 1686 nationum
310 1623 574 1697 commntantur³)
603 1624 636 1682 in
657 1622 719 1684 alia
740 1642 852 1703 opera,
881 1629 977 1704 atque
1000 1627 1054 1687 uti·

128 1725 200 1769 nam
218 1707 313 1788 gratis
335 1710 603 1768 commutarentur.

323 1900 325 1904 ’
428 1904 642 1965 Conclusio
663 1902 750 1966 XLI.

213 2032 309 2095 Caute
343 2038 415 2094 sunt
449 2033 559 2094 veniae
590 2031 784 2112 apostolieae
815 2030 1056 2114 praedicandae,

130 2136 170 2178 ne
190 2115 323 2196 papulus
351 2116 429 2177 false
449 2116 603 2196 intelligat
624 2135 678 2175 ees
699 2116 844 2193 praeferri
865 2116 980 2177 ceteris
1003 2117 1054 2179 bo·

129 2201 178 2261 nis
200 2198 344 2278 operibus
366 2200 509 2259 caritatis.

211 2281 280 2363 Ego
314 2282 359 2342 sic
388 2281 521 2342 dicerem
554 2280 593 2341 ad
632 2281 794 2361 populum:
828 2280 911 2340 Ecce
935 2281 1053 2358 fiatroe,

112 2366 210 2427 'scire
231 2384 288 2426 vos
309 2371 450 2444 oportet,
474 2363 557 2443 quod
577 2362 690 2443 triplex
712 2371 760 2424 est
781 2382 878 2442 genus
900 2363 1052 2426 bonorum

132 2467 275 2528 operum,
311 2445 395 2527 quad
416 2445 656 2527 expensionibus
678 2448 828 2525 pecuniae
849 2444 917 2505 fieri
940 2454 1052 2526 potest

131 2530 263 2592 Primum
292 2536 323 2590 et
349 2537 421 2590 ante
444 2531 563 2607 omnia,
595 2530 621 2588 si
649 2531 716 2607 quis
738 2527 924 2608 pauperibus
948 2528 1052 2607 donet

132 2619 185 2675 aut
204 2614 347 2693 proximo
372 2613 623 2692 egentimutuet,
645 2613 814 2673 etcmnino
826 2613 856 2670 in
870 2626 1053 2693 quacunque

134 2697 319 2758 necessitate
341 2695 493 2756 laboranti
512 2694 685 2756 subveniat.
742 2693 810 2753 Hoc
838 2711 918 2773 opus
943 2696 989 2755 sic
1009 2702 1054 2756 est

132 2778 303 2860 agendum,
335 2784 369 2838 ut
400 2779 492 2839 etiam
520 2776 767 2838 intermittendae
794 2777 855 2835 sint
882 2783 1052 2839 structurae

133 2861 348 2939 ecclesiarum,
379 2867 410 2921 et
438 2859 627 2921 omittendae
660 2859 834 2920 oblationes
863 2858 903 2918 ad
927 2879 1004 2921 vasa
1026 2866 1054 2920 et

131 2949 313 3005 ornamenta
334 2943 543 3005 ecclesiarum.
595 2942 761 3021 Postquam
789 2940 850 3000 hoc
881 2941 975 3003 fuerit
995 2943 1051 3003 fac

131 3033 212 3104 turn,
243 3033 274 3088 et
295 3045 358 3088 nan
378 3032 475 3087 restat
497 3027 548 3106 qui
568 3031 674 3104 egeat,
707 3032 770 3085 tum
792 3022 963 3085 secundum
980 3025 1051 3103 erit,

132 3115 254 3171 nostras
287 3109 374 3171 etin
403 3109 516 3169 nostris
543 3109 631 3168 terris
655 3107 801 3168 ecclesias
823 3114 855 3166 et
886 3106 1052 3188 hospitalis

133 3199 165 3253 et
193 3190 340 3272 publicae
374 3190 510 3252 utilitatis
552 3196 718 3251 structuras
765 3189 895 3268 primum
934 3191 1050 3252 iuvare.

132 3275 297 3356 Postquam
320 3282 422 3335 autem
442 3274 475 3334 id
495 3273 586 3333 fuerit
606 3273 738 3350 iactum,
765 3279 829 3332 tum
850 3271 992 3352 demum,
1029 3273 1051 3333 si

131 3358 244 3501 placet,
268 3358 397 3440 potestis
420 3363 451 3418 et
470 3375 526 3436 pro
549 3355 747 3437 indulgentiis
760 3354 949 3416 redimendis
963 3357 1050 3417 tertio

146 3458 203 3502 cco
232 3439 314 3501 dare.
366 3439 444 3514 Quia
472 3441 502 3498 in
532 3440 630 3518 primo
664 3443 711 3498 est
731 3437 907 3498 mandatum
932 3438 1050 3515 Christi,

132 3524 164 3583 in
186 3523 354 3584 novissimo
376 3522 430 3584 illo
452 3522 567 3582 nullum
590 3521 776 3584 mandatum,

84 3678 87 3684 ¹
187 3721 219 3786 1)
239 3721 270 3776 ln
288 3721 331 3777 ed.
349 3723 429 3777 lent
447 3727 475 3776 et
491 3723 528 3779 in.
557 3722 588 3789 2)
603 3722 673 3776 Ibid.
686 3721 777 3777 deest:
797 3720 909 3776 scilicet
941 3721 1049 3792 dllhid

131 3792 248 3866 legitur:
267 3798 479 3848 commutentur.
561 3800 583 3827 ·'
792 3840 796 3847 .
