2356 4200
321 285 355 342 da
374 288 475 341 virtute
493 285 738 374 induigenttmn.
758 363 764 381 x
936 281 998 350 143

73 456 209 536 quotidie
231 459 385 520 minuatur
406 477 463 538 per
485 459 718 519 renovationem
754 457 865 517 montis
886 456 926 517 de
947 455 998 517 die

71 543 103 600 in
128 540 221 604 diem.
935 566 938 573 ⁴

155 623 289 702 Quarto,
323 625 433 686 saltem
457 644 561 704 poena
583 624 689 684 mortio
720 628 826 683 manet
847 623 878 680 in
902 622 999 683 omnis

73 706 140 785 bus,
163 708 255 768 timor
277 709 369 768 etiam
390 708 515 786 mortis
536 715 621 768 certe
642 725 745 804 poena
766 706 906 766 omnium
926 723 998 785 poe·

73 809 191 860 uarum
214 792 273 850 et
260 810 334 887 ipsa
355 791 478 871 gravior
506 798 621 867 morte,
652 791 685 850 iu
712 789 865 869 plurimis,
895 797 928 848 ut
954 795 998 848 tv

74 891 161 933 ceam
183 873 221 934 de
246 875 355 935 timore
377 873 480 934 iudicii
503 881 535 934 et
555 874 686 951 inferni,
708 872 748 932 de
769 877 904 932 tremore
926 888 998 937 ocu

74 957 222 1017 scientiae
245 955 303 1019 etc
891 989 894 993 ·
993 981 998 989 ·

395 1155 611 1218 Conclusio
634 1154 671 1218 V.

157 1282 243 1362 Papa
263 1287 325 1344 nou
348 1285 421 1361 vuit,
445 1304 503 1345 uec
523 1291 628 1365 potest
647 1283 804 1344 remittere
824 1282 902 1342 ullas
926 1246 999 1363 poe-

74 1384 130 1425 nas
152 1372 274 1445 praeter
296 1386 359 1446 eas,
383 1387 458 1447 quas
474 1368 523 1428 vel
546 1386 613 1445 suo,
636 1365 684 1426 vel
704 1385 858 1427 canonum
873 1365 998 1427 arbitrio

73 1451 115 1508 im
139 1449 228 1511 osuit.

117 1468 245 1592 pHanc
265 1530 406 1611 disputo,
436 1541 467 1599 et
475 1533 594 1594 -doceri
615 1532 769 1593 humiliter
791 1539 880 1612 peto,
908 1539 939 1593 et
967 1538 1000 1593 ut

75 1616 107 1675 in
130 1615 322 1712 praefatione
344 1618 463 1697 rogavi,
485 1618 529 1677 ita
550 1616 652 1676 adhuc
674 1633 762 1696 rogo,
784 1634 909 1674 manum
930 1633 999 1695 por·

74 1699 154 1778 rigat
175 1699 226 1777 qui
248 1706 367 1777 potest
402 1707 433 1761 et
466 1719 535 1761 mea
563 1701 679 1760 motiva
706 1697 854 1759 attendat
898 1698 999 1760 Primo

76 1781 259 1877 colligamus
295 1801 411 1861 genera
447 1802 637 1864 poenarum,
672 1800 748 1861 quaa
784 1780 892 1841 fideles
930 1799 1000 1861 pos-

78 1872 149 1924 eunt
170 1866 244 1944 pati.

120 1947 260 2009 Prima
281 1955 330 2008 est
350 1956 495 2044 aeterua,
525 1949 671 2030 gehenna
692 1888 923 2025 damnatorum,
959 1946 999 2008 de

77 2047 138 2109 qua
158 2030 232 2092 nihil
254 2032 293 2091 ad
317 2033 455 2111 proposit
456 2052 516 2092 um.
560 2032 684 2093 Certum
712 2037 760 2090 eat
787 2031 888 2106 euim,
914 2029 999 2108 quod

76 2113 154 2175 haec
175 2132 234 2176 uec
256 2115 287 2175 in
315 2116 426 2175 summi
454 2134 512 2176 nec
537 2115 634 2176 infimi
660 2112 815 2194 pontificis
844 2119 1000 2194 potestate

76 2204 138 2273 est,
172 2206 205 2257 ut
226 2217 334 2258 omues
355 2199 385 2258 iu
410 2206 475 2258 totu
496 2198 628 2259 ecclesia
650 2205 771 2274 tenent,
802 2215 894 2276 quam
914 2195 999 2256 solue

77 2281 161 2342 Deus
184 2299 239 2360 per
258 2282 473 2342 remissionem
494 2283 604 2362 culpae
625 2282 761 2342 remittit.

159 2363 302 2424 Secunda
325 2373 373 2425 est
393 2367 571 2446 purgatorii,
594 2366 634 2426 de
654 2384 715 2445 qua
732 2362 811 2423 intra
826 2361 999 2423 videbimus

76 2448 107 2506 in
130 2467 187 2506 sua
209 2448 419 2524 conclusione,
441 2449 562 2509 interim
576 2449 743 2528 accipimus
759 2466 821 2507 non
838 2465 908 2507 ease
929 2465 998 2506 eam

77 2531 107 2589 in
131 2537 287 2609 potestate
310 2529 474 2610 pontificis,
496 2540 548 2593 aut
569 2532 658 2591 ultius
680 2529 823 2591 hominis.
873 2572 875 2577 -
963 2560 987 2573 -ι

63 2614 68 2624 ’
159 2613 263 2674 Tertia
297 2616 366 2694 ipsa
397 2614 569 2676 voluntaria
600 2628 632 2675 et
652 2613 848 2693 evangelica,
877 2612 916 2672 de
938 2629 999 2690 qua

74 2715 168 2775 supra
199 2697 399 2774 dictumest,
429 2698 512 2777 qnod
539 2719 609 2760 eam
635 2706 779 2778 operetur
808 2695 1000 2776 poenitentia

75 2780 251 2859 spiritualis,
273 2781 442 2841 secundum
462 2782 535 2842 iliud
565 2787 588 2844 t.
612 2782 682 2842 Gor.
705 2784 757 2843 il:
780 2778 811 2839 Si
835 2779 999 2858 nosipsos

75 2862 294 2940 indicaremus,
328 2884 390 2925 non
426 2867 530 2944 utique
566 2865 771 2926 iudicaremur
803 2882 822 2923 a
854 2862 999 2922 Domino.

75 2945 161 3008 Haec
189 2954 236 3006 est
263 2967 337 3007 crux
365 2948 418 3008 illa
446 2957 477 3008 et
511 2948 707 3008 mortificatio
736 2945 931 3026 passionum,
967 2950 1001 3005 ut

75 3049 168 3108 supra
188 3031 323 3091 conclus.
347 3031 396 3094 lit.
441 3033 517 3091 Cum
544 3039 647 3092 autem
669 3032 747 3091 haec
774 3029 814 3089 sit
834 3034 1000 3110 praecepta

75 3112 256 3189 achmete,
284 3122 315 3174 et
348 3114 387 3174 de
423 3116 558 3175 essentia
586 3113 795 3194 poenitentiae
823 3111 999 3191 spiritualis,

74 3215 112 3254 ac
134 3198 259 3257 omnino
283 3196 321 3257 de
346 3199 531 3259 necessitate
561 3198 686 3274 salutis,
715 3194 800 3256 nullo
831 3194 925 3256 modo
952 3200 1000 3256 est

75 3280 105 3337 in
128 3288 283 3357 potestate
296 3280 386 3342 uilius
399 3281 579 3357 sacerdotis,
602 3300 702 3359 neque
719 3285 883 3358 utaugent,
899 3296 999 3357 neque

76 3369 109 3423 ut
130 3364 253 3423 minuat.
296 3364 366 3424 Nou
401 3366 483 3426 enim
513 3385 551 3425 ex
573 3364 697 3424 arbitrio
720 3361 835 3442 pendet
856 3361 998 3439 hominis,

76 3445 131 3505 sed
153 3465 192 3506 ex
213 3454 282 3527 gra
270 3448 312 3507 ia
335 3456 366 3507 et
393 3449 510 3528 spiritu.
562 3448 628 3508 lmo
661 3447 739 3508 haec
770 3464 873 3525 poena
900 3445 998 3505 miuus

76 3530 170 3591 astru
192 3538 347 3609 potestate
368 3551 485 3629 papae,
515 3551 606 3610 quam
635 3550 743 3591 omnes
765 3529 845 3590 aliae
866 3546 999 3608 poenae,

27 3676 29 3679 ,
76 3614 284 3692 cuiuscunque
306 3633 437 3678 nominis
452 3625 532 3679 suut
565 3614 723 3701 Siquidem
738 3621 907 3695 aeternam,
930 3631 999 3693 pur

75 3698 242 3777 gatonem,
270 3697 448 3759 afflictivcm
470 3698 581 3761 saltem
602 3694 742 3759 oratione
765 3702 868 3776 potest
889 3684 1000 3758 mttere

75 3779 158 3861 apud
173 3781 285 3860 Deum,
305 3782 383 3843 sicut
404 3787 509 3862 potest
528 3782 665 3861 gratiam
671 3778 912 3842 iustificantem
904 3797 999 3859 impos
