2356 4200
373 280 793 353 .uevoas0anrngsm·san.
988 279 1051 346 tito

210 454 333 530 Tertio,
358 454 383 512 si
405 452 500 513 clavis
518 453 657 513 tenditur
677 453 707 512 iu
724 452 956 533 purgatorium,
978 451 1050 530 quid

126 540 239 599 frustra
259 535 424 597 laborant?
448 536 508 596 Cur
529 555 592 597 non
614 535 727 596 tollunt
744 535 872 597 uerbum
895 533 1051 615 suffragii?

127 621 190 682 Gur
212 639 274 681 non
297 618 485 699 persuadent
505 618 660 698 pontifici,
691 625 724 678 ut
745 618 828 679 dicat
848 635 903 696 per
925 617 1050 678 modum

126 704 302 785 potestatis,
325 708 357 762 et
378 703 540 762 autoritate
562 703 684 781 potius,
708 708 800 779 qnam
822 699 967 779 suffragio
991 701 1051 761 sol-

125 805 200 847 vere
228 791 258 846 et
274 784 398 866 ligare?
431 785 561 864 quippe,
581 783 797 863 Quodcunque
818 784 945 845 solverit
967 788 1050 857 (tan-

126 879 190 929 tum
201 875 310 928 caveat
331 887 370 927 ne
393 869 432 928 sit
453 867 621 947 mortuus),
644 868 777 928 solutum
794 869 867 927 erit.
890 864 970 940 Quid
991 886 1049 927 nos

126 951 271 1016 obtundit
305 949 458 1015 vocabulo
488 949 639 1031 suffragii,
674 950 759 1029 quod
785 969 877 1011 nemo
907 949 1071 1030 intelligi*

126 1040 328 1116 potestatem,
361 1033 415 1093 sed
439 1052 546 1094 omnes
569 1033 844 1097 intercessionem?
886 1033 965 1109 Quin
987 1051 1050 1092 am-

125 1118 206 1198 piius
227 1117 374 1178 faciemus
399 1116 447 1196 ¹),
469 1123 502 1177 et
521 1136 666 1197 rogemus
688 1136 816 1196 papam,
845 1123 879 1177 nt
905 1122 1048 1198 purgato·

125 1202 204 1261 rium
227 1200 354 1260 omuino
377 1199 468 1260 tollat
488 1199 643 1260 derorum
667 1207 785 1260 natura.
829 1199 862 1262 Si
885 1200 965 1259 enim
989 1199 1051 1258 cla·

125 1302 180 1344 ves
195 1283 356 1360 ecelesiae,
380 1283 471 1343 etiam
483 1282 585 1361 quoad
602 1282 783 1343 solvendum
798 1283 958 1362 duntaxat,
977 1281 1051 1358 illac

124 1385 195 1428 sese
223 1365 408 1440 extendunt,
440 1366 497 1425 erit
524 1367 555 1424 in
578 1385 670 1426 mauu
698 1367 764 1426 eius
786 1373 884 1427 toturn
906 1371 1049 1446 purgato·

125 1450 213 1511 rium.
236 1448 327 1524 Quod
347 1448 446 1528 probo
470 1449 523 1526 sic,
547 1448 600 1508 det
622 1448 763 1509 omnibus
786 1448 816 1509 in
839 1448 892 1509 illo
916 1450 1050 1509 existen-

124 1532 206 1598 tibus
226 1532 441 1592 remissionem
453 1531 633 1611 plenariam,
656 1531 803 1609 secundo,
826 1531 967 1593 omnibus
985 1549 1049 1591 mo·

124 1614 417 1676 riturisChristianis
439 1613 568 1674 eandem
592 1614 730 1675 similiter
752 1612 804 1674 det
824 1615 1049 1692 remissionem,

125 1704 201 1759 tunc
221 1703 337 1758 certum
360 1697 430 1774 erit,
452 1703 485 1756 ut
505 1697 607 1757 nullus
627 1698 660 1756 in
682 1716 721 1758 ec
740 1703 872 1775 maneat,
885 1697 996 1757 nulius

123 1783 224 1862 ipsum
247 1781 359 1857 veniat,
383 1799 490 1840 omnes
501 1787 605 1840 autem
627 1781 766 1857 evolent-,2
783 1787 816 1840 et
825 1787 927 1840 cesset
938 1698 1059 1860 pur&

124 1865 247 1926 terium.
290 1863 391 1923 Debet
418 1863 573 1922 autemid
596 1863 714 1938 facere,
743 1871 775 1923 et
797 1863 902 1924 subest
922 1863 1048 1923 iustissi-

123 1967 176 2008 ma
199 1965 309 2024 causa,
339 1946 457 2006 scilicet
477 1947 605 2024 cantas,
634 1965 712 2025 quae
733 1966 789 2026 per
812 1947 936 2022 omnia,
958 1964 1050 2025 snper

124 2030 250 2108 omnia,
272 2029 302 2088 in
324 2028 467 2090 omnibus
489 2029 675 2108 quaerenda.
718 2029 785 2090 Nec
806 2027 973 2089 timendum
993 2030 1049 2104 est,

125 2111 210 2192 quod
231 2112 348 2173 iustitia
370 2111 474 2171 divina
495 2111 669 2172 offendatur
690 2132 709 2172 a
732 2113 874 2188 caritate,
893 2110 934 2171 sd
957 2128 1048 2190 quam

124 2196 228 2275 potius
261 2195 330 2274 ipsa
359 2213 417 2254 nos
452 2202 550 2274 urget.
593 2194 683 2270 Quod
718 2215 785 2255 cunr
815 2194 927 2255 factum
949 2194 1048 2271 fuerit,

125 2278 318 2358 deponamus
340 2283 438 2337 totum
458 2276 592 2337 officium
615 2277 838 2353 defunctorum,
860 2278 935 2338 satis
955 2275 1049 2338 hodie

126 2361 308 2437 molestum,
333 2366 364 2420 et
385 2361 559 2440 neglectum
584 2368 705 2437 tamen,
729 2368 942 2439 mutamusque
963 2359 993 2419 i'd
1015 2360 1047 2419 in

126 2443 229 2504 officia
252 2443 391 2504 festiva,
845 2450 847 2457 ’
927 2464 930 2471 ’

210 2525 325 2601 Quarto
348 2532 379 2585 et
401 2525 524 2604 ultimo,
554 2527 580 2585 si
608 2527 776 2606 purgatorii
807 2545 910 2606 poena
932 2531 979 2586 cst
1001 2543 1049 2584 aa

126 2610 287 2689 stigatoria
309 2610 339 2668 et
360 2607 515 2686 afflictiva,
539 2616 571 2668 ut
594 2628 686 2689 supra
699 2614 727 2674 5.
744 2609 953 2685 conclusione,
978 2615 1049 2667 tunc

127 2699 244 2753 eertum
268 2699 324 2767 est,
347 2709 415 2751 eam
438 2709 500 2751 non
524 2711 617 2771 posse
639 2692 717 2753 solvi
734 2699 891 2771 potestate
907 2691 1049 2751 ciavium.

125 2775 169 2836 At
194 2795 256 2836 non
286 2793 356 2835 esse
378 2774 490 2852 aliam,
524 2776 597 2834 satis
619 2781 694 2854 puto
717 2795 757 2835 ex
779 2773 944 2834 sufficienti
975 2772 1049 2832 divi-

125 2859 215 2919 sione
237 2864 351 2937 patere.
376 2857 464 2916 Patet
484 2859 588 2936 itaque
609 2859 709 2937 prima
729 2877 800 2937 pars
815 2857 904 2916 huius
927 2854 1049 2916 conclu·
1165 2860 1168 2867 '

124 2941 237 3017 sionis,
275 2958 312 2999 ac
345 2959 402 3018 per
427 2939 488 3000 hoc
510 2947 576 3000 tota
603 2941 677 2999 satis
700 2939 898 3020 probabiliter
920 2937 1048 3015 firmata,

126 3023 209 3102 quod
247 3021 441 3102 suffragium,
480 3042 541 3082 non
575 3022 743 3083 iurisdictio
778 3025 871 3083 intret
904 3026 1047 3101 purgato*

126 3126 216 3168 rrum.
863 3172 866 3179 ‚

210 3187 393 3266 Secundum,
416 3188 534 3248 scilicet
556 3187 665 3249 modus
681 3189 734 3248 ille
748 3187 892 3269 suffragii,
915 3187 972 3247 etsi
986 3204 1064 3246 non·

123 3273 182 3333 fuit
204 3291 223 3331 a
246 3291 294 3332 me
317 3274 469 3351 positum,
498 3279 530 3332 ut
556 3273 779 3351 inquireretur,
807 3289 866 3331 nec
887 3270 1050 3348 requiritur

125 3354 166 3416 ad
188 3356 358 3435 positiones
382 3373 466 3415 mess
488 3357 576 3433 scire,
599 3357 666 3435 quis
682 3362 734 3415 aut
747 3355 846 3432 qualis
861 3350 917 3428 bit,
942 3360 1046 3413 tamen
1117 3384 1120 3389 ·

129 3437 239 3499 volens
273 3455 426 3516 exponam
458 3458 506 3498 rna
538 3439 568 3498 in
592 3458 646 3518 eo,
683 3437 765 3518 quod
801 3438 884 3498 iuste
909 3443 1050 3515 poteram

127 3522 286 3600 omittere,
315 3539 354 3580 ne
377 3519 648 3602 videar·aagulum
672 3539 836 3601 quaerere,
866 3520 952 3580 salva
974 3537 1051 3579 sem-

182 3793 211 3858 1)
230 3792 262 3845 In
281 3792 323 3848 ed.
342 3793 418 3846 ian:
437 3792 578 3846 faciamus.
