<?xml version="1.0" encoding="UTF-8"?>
<!DOCTYPE html PUBLIC "-//W3C//DTD XHTML 1.0 Transitional//EN"
    "http://www.w3.org/TR/xhtml1/DTD/xhtml1-transitional.dtd">
<html xmlns="http://www.w3.org/1999/xhtml" xml:lang="en" lang="en">
 <head>
  <title>
</title>
<meta http-equiv="Content-Type" content="text/html;charset=utf-8" />
  <meta name='ocr-system' content='tesseract 3.04.00' />
  <meta name='ocr-capabilities' content='ocr_page ocr_carea ocr_par ocr_line ocrx_word'/>
</head>
<body>
  <div class='ocr_page' id='page_1' title='image "./dmartinilutheri01luthgoog_0434.png"; bbox 0 0 2356 4200; ppageno 0'>
   <div class='ocr_carea' id='block_1_1' title="bbox 125 279 1045 696">
    <p class='ocr_par' dir='ltr' id='par_1_1' title="bbox 125 279 1045 696">
     <span class='ocr_line' id='line_1_1' title="bbox 252 279 1045 419; baseline 0 -85"><span class='ocrx_word' id='word_1_1' title='bbox 252 299 302 419; x_wconf 44' lang='lat'>*¹</span> <span class='ocrx_word' id='word_1_2' title='bbox 434 280 538 334; x_wconf 79' lang='lat' dir='ltr'>Contra</span> <span class='ocrx_word' id='word_1_3' title='bbox 556 279 635 335; x_wconf 85' lang='lat' dir='ltr'>Obsi.</span> <span class='ocrx_word' id='word_1_4' title='bbox 655 281 736 333; x_wconf 87' lang='lat' dir='ltr'>Eceii.</span> <span class='ocrx_word' id='word_1_5' title='bbox 983 279 1045 346; x_wconf 78' lang='grc'>431</span> 
     </span>
     <span class='ocr_line' id='line_1_2' title="bbox 125 437 1045 525; baseline 0.001 -17"><span class='ocrx_word' id='word_1_6' title='bbox 125 446 396 524; x_wconf 70' lang='lat' dir='ltr'>effundendcrum,</span> <span class='ocrx_word' id='word_1_7' title='bbox 433 448 486 508; x_wconf 90' lang='lat' dir='ltr'>sed</span> <span class='ocrx_word' id='word_1_8' title='bbox 522 449 763 510; x_wconf 84' lang='lat' dir='ltr'>auferendorum.</span> <span class='ocrx_word' id='word_1_9' title='bbox 797 437 921 525; x_wconf 74' lang='lat' dir='ltr'>&#39;Quod‘</span> <span class='ocrx_word' id='word_1_10' title='bbox 943 457 1045 511; x_wconf 85' lang='lat' dir='ltr'>tamen</span> 
     </span>
     <span class='ocr_line' id='line_1_3' title="bbox 126 531 1044 612; baseline 0 -20"><span class='ocrx_word' id='word_1_11' title='bbox 126 532 193 592; x_wconf 89' lang='lat' dir='ltr'>idco</span> <span class='ocrx_word' id='word_1_12' title='bbox 222 531 317 592; x_wconf 80' lang='lat' dir='ltr'>credo</span> <span class='ocrx_word' id='word_1_13' title='bbox 355 551 424 591; x_wconf 90' lang='lat' dir='ltr'>eum</span> <span class='ocrx_word' id='word_1_14' title='bbox 456 532 558 590; x_wconf 85' lang='lat' dir='ltr'>fecere</span> <span class='ocrx_word' id='word_1_15' title='bbox 596 534 766 612; x_wconf 85' lang='lat' dir='ltr'>meritoque</span> <span class='ocrx_word' id='word_1_16' title='bbox 794 535 839 592; x_wconf 91' lang='lat' dir='ltr'>eis</span> <span class='ocrx_word' id='word_1_17' title='bbox 873 533 1044 610; x_wconf 81' lang='lat' dir='ltr'>dissentire,</span> 
     </span>
     <span class='ocr_line' id='line_1_4' title="bbox 126 614 1045 696; baseline 0.003 -22"><span class='ocrx_word' id='word_1_18' title='bbox 126 616 237 694; x_wconf 76' lang='lat' dir='ltr'>quiain</span> <span class='ocrx_word' id='word_1_19' title='bbox 250 614 297 674; x_wconf 88' lang='lat' dir='ltr'>his</span> <span class='ocrx_word' id='word_1_20' title='bbox 314 615 458 679; x_wconf 75' lang='lat' dir='ltr'><strong>obeliscis</strong></span> <span class='ocrx_word' id='word_1_21' title='bbox 476 614 550 673; x_wconf 87' lang='lat' dir='ltr'>nihil</span> <span class='ocrx_word' id='word_1_22' title='bbox 570 616 786 675; x_wconf 85' lang='lat' dir='ltr'>scholasticum</span> <span class='ocrx_word' id='word_1_23' title='bbox 805 616 903 676; x_wconf 78' lang='lat' dir='ltr'>voluit</span> <span class='ocrx_word' id='word_1_24' title='bbox 917 634 1045 696; x_wconf 87' lang='lat' dir='ltr'>ponere.</span> 
     </span>
    </p>
   </div>
   <div class='ocr_carea' id='block_1_2' title="bbox 437 741 788 842">
    <p class='ocr_par' dir='ltr' id='par_1_2' title="bbox 437 741 788 842">
     <span class='ocr_line' id='line_1_5' title="bbox 437 741 788 842; baseline 0 -39"><span class='ocrx_word' id='word_1_25' title='bbox 437 741 489 804; x_wconf 87' lang='lat' dir='ltr'>XI.</span> <span class='ocrx_word' id='word_1_26' title='bbox 513 741 752 842; x_wconf 72' lang='lat' dir='ltr'>Obeliscus.²&#39;&#39;)¹</span> <span class='ocrx_word' id='word_1_27' title='bbox 782 779 788 790; x_wconf 47' lang='grc' dir='ltr'><em>ι</em></span> 
     </span>
    </p>
   </div>
   <div class='ocr_carea' id='block_1_3' title="bbox 119 857 1048 3506">
    <p class='ocr_par' dir='ltr' id='par_1_3' title="bbox 127 857 1047 1103">
     <span class='ocr_line' id='line_1_6' title="bbox 207 857 1047 938; baseline 0 -19"><span class='ocrx_word' id='word_1_28' title='bbox 207 859 260 919; x_wconf 81' lang='lat' dir='ltr'>Ele.</span> <span class='ocrx_word' id='word_1_29' title='bbox 274 857 396 919; x_wconf 75' lang='lat' dir='ltr'>Frivola</span> <span class='ocrx_word' id='word_1_30' title='bbox 407 860 589 938; x_wconf 80' lang='lat' dir='ltr'>propositio,</span> <span class='ocrx_word' id='word_1_31' title='bbox 603 866 700 920; x_wconf 86' lang='lat' dir='ltr'>totum</span> <span class='ocrx_word' id='word_1_32' title='bbox 711 861 849 920; x_wconf 85' lang='lat' dir='ltr'>ordinem</span> <span class='ocrx_word' id='word_1_33' title='bbox 858 859 1047 920; x_wconf 85' lang='lat' dir='ltr'>hierarchiae</span> 
     </span>
     <span class='ocr_line' id='line_1_7' title="bbox 128 941 1047 1021; baseline 0.001 -20"><span class='ocrx_word' id='word_1_34' title='bbox 128 943 356 1003; x_wconf 84' lang='lat' dir='ltr'>ecclesiasticae</span> <span class='ocrx_word' id='word_1_35' title='bbox 379 941 580 1021; x_wconf 85' lang='lat' dir='ltr'>confundens,</span> <span class='ocrx_word' id='word_1_36' title='bbox 605 960 683 1021; x_wconf 86' lang='lat' dir='ltr'>quae</span> <span class='ocrx_word' id='word_1_37' title='bbox 700 944 853 1003; x_wconf 83' lang='lat' dir='ltr'>exmultis</span> <span class='ocrx_word' id='word_1_38' title='bbox 868 943 1047 1003; x_wconf 83' lang='lat' dir='ltr'>fundamen·</span> 
     </span>
     <span class='ocr_line' id='line_1_8' title="bbox 127 1025 484 1103; baseline 0 -19"><span class='ocrx_word' id='word_1_39' title='bbox 127 1026 163 1084; x_wconf 92' lang='lat' dir='ltr'>tis</span> <span class='ocrx_word' id='word_1_40' title='bbox 185 1025 344 1103; x_wconf 89' lang='lat' dir='ltr'>reprobari</span> <span class='ocrx_word' id='word_1_41' title='bbox 366 1030 484 1103; x_wconf 88' lang='lat' dir='ltr'>posset.</span> 
     </span>
    </p>

    <p class='ocr_par' dir='ltr' id='par_1_4' title="bbox 119 1106 1048 2511">
     <span class='ocr_line' id='line_1_9' title="bbox 206 1106 1045 1187; baseline 0.002 -21"><span class='ocrx_word' id='word_1_42' title='bbox 206 1107 293 1168; x_wconf 88' lang='lat' dir='ltr'>Luth.</span> <span class='ocrx_word' id='word_1_43' title='bbox 318 1106 369 1167; x_wconf 82' lang='lat' dir='ltr'>Sic</span> <span class='ocrx_word' id='word_1_44' title='bbox 390 1113 508 1183; x_wconf 87' lang='lat' dir='ltr'>tamen,</span> <span class='ocrx_word' id='word_1_45' title='bbox 539 1115 571 1167; x_wconf 89' lang='lat' dir='ltr'>ut</span> <span class='ocrx_word' id='word_1_46' title='bbox 600 1107 799 1168; x_wconf 86' lang='lat' dir='ltr'>fundamenta</span> <span class='ocrx_word' id='word_1_47' title='bbox 819 1111 880 1168; x_wconf 91' lang='lat' dir='ltr'>sint</span> <span class='ocrx_word' id='word_1_48' title='bbox 901 1108 1045 1187; x_wconf 83' lang='lat' dir='ltr'>Ecciana,</span> 
     </span>
     <span class='ocr_line' id='line_1_10' title="bbox 126 1189 1045 1271; baseline 0.001 -22"><span class='ocrx_word' id='word_1_49' title='bbox 126 1189 236 1266; x_wconf 87' lang='lat' dir='ltr'>idest,</span> <span class='ocrx_word' id='word_1_50' title='bbox 259 1209 322 1251; x_wconf 92' lang='lat' dir='ltr'>non</span> <span class='ocrx_word' id='word_1_51' title='bbox 343 1189 536 1252; x_wconf 86' lang='lat' dir='ltr'>scholastica.</span> <span class='ocrx_word' id='word_1_52' title='bbox 581 1190 656 1265; x_wconf 76' lang='lat' dir='ltr'>Quis</span> <span class='ocrx_word' id='word_1_53' title='bbox 678 1210 751 1252; x_wconf 79' lang='lat' dir='ltr'>vero</span> <span class='ocrx_word' id='word_1_54' title='bbox 774 1200 836 1251; x_wconf 88' lang='lat' dir='ltr'>tam</span> <span class='ocrx_word' id='word_1_55' title='bbox 858 1192 1045 1271; x_wconf 68' lang='lat' dir='ltr'>pertinacem</span> 
     </span>
     <span class='ocr_line' id='line_1_11' title="bbox 127 1272 1047 1354; baseline 0.002 -22"><span class='ocrx_word' id='word_1_56' title='bbox 127 1281 156 1333; x_wconf 90' lang='lat' dir='ltr'>et</span> <span class='ocrx_word' id='word_1_57' title='bbox 177 1272 332 1334; x_wconf 83' lang='lat' dir='ltr'>assiduam</span> <span class='ocrx_word' id='word_1_58' title='bbox 361 1273 561 1333; x_wconf 79' lang='lat' dir='ltr'>temeritatem</span> <span class='ocrx_word' id='word_1_59' title='bbox 588 1274 666 1333; x_wconf 79' lang='lat' dir='ltr'>l&#39;erat</span> <span class='ocrx_word' id='word_1_60' title='bbox 686 1279 748 1334; x_wconf 86' lang='lat' dir='ltr'>tam</span> <span class='ocrx_word' id='word_1_61' title='bbox 770 1275 899 1354; x_wconf 87' lang='lat' dir='ltr'>insignis</span> <span class='ocrx_word' id='word_1_62' title='bbox 920 1274 1047 1334; x_wconf 87' lang='lat' dir='ltr'>inertiae</span> 
     </span>
     <span class='ocr_line' id='line_1_12' title="bbox 127 1355 1048 1434; baseline 0 -18"><span class='ocrx_word' id='word_1_63' title='bbox 127 1361 156 1416; x_wconf 89' lang='lat' dir='ltr'>et</span> <span class='ocrx_word' id='word_1_64' title='bbox 175 1355 337 1416; x_wconf 82' lang='lat' dir='ltr'>inscitias?</span> <span class='ocrx_word' id='word_1_65' title='bbox 382 1355 485 1415; x_wconf 92' lang='lat' dir='ltr'>Vincit</span> <span class='ocrx_word' id='word_1_66' title='bbox 507 1357 684 1434; x_wconf 89' lang='lat' dir='ltr'>patientiam</span> <span class='ocrx_word' id='word_1_67' title='bbox 714 1356 855 1425; x_wconf 87' lang='lat' dir='ltr'>diuturna</span> <span class='ocrx_word' id='word_1_68' title='bbox 882 1357 1048 1417; x_wconf 85' lang='lat' dir='ltr'>insolentia</span> 
     </span>
     <span class='ocr_line' id='line_1_13' title="bbox 128 1436 1046 1520; baseline 0.001 -22"><span class='ocrx_word' id='word_1_69' title='bbox 128 1446 158 1498; x_wconf 88' lang='lat' dir='ltr'>et</span> <span class='ocrx_word' id='word_1_70' title='bbox 186 1438 408 1518; x_wconf 82' lang='lat' dir='ltr'>praesumptio.</span> <span class='ocrx_word' id='word_1_71' title='bbox 462 1436 576 1500; x_wconf 86' lang='lat' dir='ltr'>Omnia</span> <span class='ocrx_word' id='word_1_72' title='bbox 608 1437 741 1518; x_wconf 87' lang='lat' dir='ltr'>iudicat,</span> <span class='ocrx_word' id='word_1_73' title='bbox 777 1439 922 1520; x_wconf 79' lang='lat' dir='ltr'>intelligit</span> <span class='ocrx_word' id='word_1_74' title='bbox 952 1439 1046 1500; x_wconf 86' lang='lat' dir='ltr'>nulla.</span> 
     </span>
     <span class='ocr_line' id='line_1_14' title="bbox 126 1520 1045 1602; baseline -0.001 -20"><span class='ocrx_word' id='word_1_75' title='bbox 126 1520 193 1601; x_wconf 75' lang='lat' dir='ltr'>Ego</span> <span class='ocrx_word' id='word_1_76' title='bbox 221 1539 290 1580; x_wconf 90' lang='lat' dir='ltr'>oum</span> <span class='ocrx_word' id='word_1_77' title='bbox 320 1523 462 1580; x_wconf 88' lang='lat' dir='ltr'>universa</span> <span class='ocrx_word' id='word_1_78' title='bbox 491 1521 622 1581; x_wconf 87' lang='lat' dir='ltr'>ecclesia</span> <span class='ocrx_word' id='word_1_79' title='bbox 650 1540 731 1602; x_wconf 86' lang='lat' dir='ltr'>nego</span> <span class='ocrx_word' id='word_1_80' title='bbox 761 1540 830 1582; x_wconf 89' lang='lat' dir='ltr'>esse</span> <span class='ocrx_word' id='word_1_81' title='bbox 856 1522 994 1582; x_wconf 84' lang='lat' dir='ltr'>clavibus</span> <span class='ocrx_word' id='word_1_82' title='bbox 1015 1525 1045 1582; x_wconf 90' lang='lat' dir='ltr'>in</span> 
     </span>
     <span class='ocr_line' id='line_1_15' title="bbox 127 1603 1046 1684; baseline 0 -20"><span class='ocrx_word' id='word_1_83' title='bbox 127 1605 336 1684; x_wconf 81' lang='lat' dir='ltr'>purgatorium</span> <span class='ocrx_word' id='word_1_84' title='bbox 372 1609 575 1682; x_wconf 85' lang='lat' dir='ltr'>potestatem,</span> <span class='ocrx_word' id='word_1_85' title='bbox 615 1604 694 1664; x_wconf 86' lang='lat' dir='ltr'>sicut</span> <span class='ocrx_word' id='word_1_86' title='bbox 725 1623 764 1665; x_wconf 84' lang='lat' dir='ltr'>ex</span> <span class='ocrx_word' id='word_1_87' title='bbox 792 1603 1046 1684; x_wconf 86' lang='lat' dir='ltr'>praecedentibus</span> 
     </span>
     <span class='ocr_line' id='line_1_16' title="bbox 127 1685 1046 1767; baseline 0.001 -20"><span class='ocrx_word' id='word_1_88' title='bbox 127 1692 158 1747; x_wconf 89' lang='lat' dir='ltr'>et</span> <span class='ocrx_word' id='word_1_89' title='bbox 178 1686 262 1748; x_wconf 89' lang='lat' dir='ltr'>clare</span> <span class='ocrx_word' id='word_1_90' title='bbox 282 1706 322 1747; x_wconf 87' lang='lat' dir='ltr'>ex</span> <span class='ocrx_word' id='word_1_91' title='bbox 344 1687 484 1765; x_wconf 83' lang='lat' dir='ltr'>proximo</span> <span class='ocrx_word' id='word_1_92' title='bbox 506 1687 646 1764; x_wconf 86' lang='lat' dir='ltr'>sequenti</span> <span class='ocrx_word' id='word_1_93' title='bbox 670 1688 826 1767; x_wconf 82' lang='lat' dir='ltr'>positione</span> <span class='ocrx_word' id='word_1_94' title='bbox 847 1694 942 1767; x_wconf 84' lang='lat' dir='ltr'>patet,</span> <span class='ocrx_word' id='word_1_95' title='bbox 964 1685 1046 1767; x_wconf 90' lang='lat' dir='ltr'>quod</span> 
     </span>
     <span class='ocr_line' id='line_1_17' title="bbox 126 1767 1046 1850; baseline -0.001 -19"><span class='ocrx_word' id='word_1_96' title='bbox 126 1769 231 1831; x_wconf 87' lang='lat' dir='ltr'>debuit</span> <span class='ocrx_word' id='word_1_97' title='bbox 253 1768 408 1830; x_wconf 78' lang='lat' dir='ltr'>obeliscus</span> <span class='ocrx_word' id='word_1_98' title='bbox 430 1767 481 1828; x_wconf 88' lang='lat' dir='ltr'>ille</span> <span class='ocrx_word' id='word_1_99' title='bbox 495 1768 664 1830; x_wconf 87' lang='lat' dir='ltr'>advertere.</span> <span class='ocrx_word' id='word_1_100' title='bbox 697 1769 863 1844; x_wconf 78' lang='lat' dir='ltr'>Quomodo</span> <span class='ocrx_word' id='word_1_101' title='bbox 887 1788 960 1850; x_wconf 86' lang='lat' dir='ltr'>ergo</span> <span class='ocrx_word' id='word_1_102' title='bbox 981 1769 1046 1830; x_wconf 84' lang='lat' dir='ltr'>lieri</span> 
     </span>
     <span class='ocr_line' id='line_1_18' title="bbox 125 1852 1047 1933; baseline 0 -21"><span class='ocrx_word' id='word_1_103' title='bbox 125 1858 247 1932; x_wconf 87' lang='lat' dir='ltr'>posset,</span> <span class='ocrx_word' id='word_1_104' title='bbox 278 1859 311 1911; x_wconf 89' lang='lat' dir='ltr'>ut</span> <span class='ocrx_word' id='word_1_105' title='bbox 338 1852 411 1910; x_wconf 91' lang='lat' dir='ltr'>mihi</span> <span class='ocrx_word' id='word_1_106' title='bbox 441 1852 500 1930; x_wconf 90' lang='lat' dir='ltr'>ipsi</span> <span class='ocrx_word' id='word_1_107' title='bbox 523 1852 765 1912; x_wconf 75' lang='lat' dir='ltr'>contradicerem</span> <span class='ocrx_word' id='word_1_108' title='bbox 786 1854 817 1912; x_wconf 90' lang='lat' dir='ltr'>in</span> <span class='ocrx_word' id='word_1_109' title='bbox 840 1860 901 1913; x_wconf 91' lang='lat' dir='ltr'>tam</span> <span class='ocrx_word' id='word_1_110' title='bbox 924 1854 1047 1933; x_wconf 83' lang='lat' dir='ltr'>propin·</span> 
     </span>
     <span class='ocr_line' id='line_1_19' title="bbox 125 1934 1046 2015; baseline 0.003 -21"><span class='ocrx_word' id='word_1_111' title='bbox 125 1937 204 2014; x_wconf 83' lang='lat' dir='ltr'>quis,</span> <span class='ocrx_word' id='word_1_112' title='bbox 224 1936 287 1995; x_wconf 91' lang='lat' dir='ltr'>imo</span> <span class='ocrx_word' id='word_1_113' title='bbox 310 1935 458 2014; x_wconf 84' lang='lat' dir='ltr'>proximis</span> <span class='ocrx_word' id='word_1_114' title='bbox 479 1934 737 2015; x_wconf 88' lang='lat' dir='ltr'>conclusionibus,</span> <span class='ocrx_word' id='word_1_115' title='bbox 759 1936 938 2014; x_wconf 78' lang='lat' dir='ltr'>praesertim</span> <span class='ocrx_word' id='word_1_116' title='bbox 960 1937 992 1994; x_wconf 88' lang='lat' dir='ltr'>in</span> <span class='ocrx_word' id='word_1_117' title='bbox 1013 1956 1046 1998; x_wconf 88' lang='lat' dir='ltr'>re</span> 
     </span>
     <span class='ocr_line' id='line_1_20' title="bbox 119 2016 1047 2097; baseline 0 -19"><span class='ocrx_word' id='word_1_118' title='bbox 119 2023 189 2083; x_wconf 65' lang='lat' dir='ltr'>⁴tam</span> <span class='ocrx_word' id='word_1_119' title='bbox 209 2016 375 2097; x_wconf 82' lang='lat' dir='ltr'>diligenter</span> <span class='ocrx_word' id='word_1_120' title='bbox 397 2017 533 2096; x_wconf 86' lang='lat' dir='ltr'>cogitata</span> <span class='ocrx_word' id='word_1_121' title='bbox 554 2016 637 2097; x_wconf 86' lang='lat' dir='ltr'>apud</span> <span class='ocrx_word' id='word_1_122' title='bbox 654 2037 713 2078; x_wconf 90' lang='lat' dir='ltr'>me.</span> <span class='ocrx_word' id='word_1_123' title='bbox 750 2017 815 2077; x_wconf 89' lang='lat' dir='ltr'>Nisi</span> <span class='ocrx_word' id='word_1_124' title='bbox 828 2036 939 2096; x_wconf 90' lang='lat' dir='ltr'>essem,</span> <span class='ocrx_word' id='word_1_125' title='bbox 961 2019 1047 2078; x_wconf 86' lang='lat' dir='ltr'>iuxta</span> 
     </span>
     <span class='ocr_line' id='line_1_21' title="bbox 125 2098 1045 2195; baseline -0.001 -34"><span class='ocrx_word' id='word_1_126' title='bbox 125 2100 242 2180; x_wconf 79' lang='lat' dir='ltr'>Cratyli</span> <span class='ocrx_word' id='word_1_127' title='bbox 265 2098 503 2195; x_wconf 85' lang='lat' dir='ltr'>philosophiam,</span> <span class='ocrx_word' id='word_1_128' title='bbox 526 2118 621 2179; x_wconf 87' lang='lat' dir='ltr'>equus</span> <span class='ocrx_word' id='word_1_129' title='bbox 643 2100 770 2161; x_wconf 88' lang='lat' dir='ltr'>illenon</span> <span class='ocrx_word' id='word_1_130' title='bbox 785 2112 900 2183; x_wconf 83' lang='lat' dir='ltr'>potens</span> <span class='ocrx_word' id='word_1_131' title='bbox 914 2100 1045 2160; x_wconf 90' lang='lat' dir='ltr'>eundem</span> 
     </span>
     <span class='ocr_line' id='line_1_22' title="bbox 126 2181 1045 2263; baseline -0.001 -20"><span class='ocrx_word' id='word_1_132' title='bbox 126 2182 252 2244; x_wconf 89' lang='lat' dir='ltr'>fluvium</span> <span class='ocrx_word' id='word_1_133' title='bbox 274 2183 332 2242; x_wconf 89' lang='lat' dir='ltr'>nisi</span> <span class='ocrx_word' id='word_1_134' title='bbox 355 2182 451 2241; x_wconf 89' lang='lat' dir='ltr'>semel</span> <span class='ocrx_word' id='word_1_135' title='bbox 474 2181 607 2262; x_wconf 84' lang='lat' dir='ltr'>ingredi,</span> <span class='ocrx_word' id='word_1_136' title='bbox 639 2184 682 2242; x_wconf 89' lang='lat' dir='ltr'>ita</span> <span class='ocrx_word' id='word_1_137' title='bbox 703 2183 823 2263; x_wconf 76' lang='lat' dir='ltr'>nuncl)</span> <span class='ocrx_word' id='word_1_138' title='bbox 855 2201 916 2243; x_wconf 92' lang='lat' dir='ltr'>uon</span> <span class='ocrx_word' id='word_1_139' title='bbox 946 2184 1045 2244; x_wconf 87' lang='lat' dir='ltr'>solum</span> 
     </span>
     <span class='ocr_line' id='line_1_23' title="bbox 125 2263 1046 2346; baseline -0.001 -19"><span class='ocrx_word' id='word_1_140' title='bbox 125 2285 244 2346; x_wconf 90' lang='lat' dir='ltr'>papae,</span> <span class='ocrx_word' id='word_1_141' title='bbox 273 2264 327 2325; x_wconf 90' lang='lat' dir='ltr'>sed</span> <span class='ocrx_word' id='word_1_142' title='bbox 354 2263 460 2326; x_wconf 86' lang='lat' dir='ltr'>infimo</span> <span class='ocrx_word' id='word_1_143' title='bbox 490 2274 594 2325; x_wconf 89' lang='lat' dir='ltr'>curato</span> <span class='ocrx_word' id='word_1_144' title='bbox 625 2283 747 2343; x_wconf 88' lang='lat' dir='ltr'>quoque</span> <span class='ocrx_word' id='word_1_145' title='bbox 780 2285 848 2325; x_wconf 88' lang='lat' dir='ltr'>eam</span> <span class='ocrx_word' id='word_1_146' title='bbox 883 2267 1046 2326; x_wconf 89' lang='lat' dir='ltr'>tribuerem</span> 
     </span>
     <span class='ocr_line' id='line_1_24' title="bbox 123 2348 1047 2429; baseline -0.001 -19"><span class='ocrx_word' id='word_1_147' title='bbox 123 2354 262 2429; x_wconf 83' lang='lat' dir='ltr'>potestat</span> <span class='ocrx_word' id='word_1_148' title='bbox 263 2368 310 2408; x_wconf 92' lang='lat' dir='ltr'>em</span> <span class='ocrx_word' id='word_1_149' title='bbox 336 2348 477 2409; x_wconf 90' lang='lat' dir='ltr'>omnibus</span> <span class='ocrx_word' id='word_1_150' title='bbox 500 2348 748 2409; x_wconf 88' lang='lat' dir='ltr'>conclusionibus</span> <span class='ocrx_word' id='word_1_151' title='bbox 771 2355 863 2409; x_wconf 89' lang='lat' dir='ltr'>antea</span> <span class='ocrx_word' id='word_1_152' title='bbox 884 2358 915 2409; x_wconf 89' lang='lat' dir='ltr'>et</span> <span class='ocrx_word' id='word_1_153' title='bbox 936 2356 1047 2428; x_wconf 87' lang='lat' dir='ltr'>postea</span> 
     </span>
     <span class='ocr_line' id='line_1_25' title="bbox 124 2437 392 2511; baseline 0 -20"><span class='ocrx_word' id='word_1_154' title='bbox 124 2450 144 2491; x_wconf 88' lang='lat' dir='ltr'>a</span> <span class='ocrx_word' id='word_1_155' title='bbox 167 2451 217 2491; x_wconf 88' lang='lat' dir='ltr'>me</span> <span class='ocrx_word' id='word_1_156' title='bbox 239 2437 392 2511; x_wconf 85' lang='lat' dir='ltr'>negatam.</span> 
     </span>
    </p>

    <p class='ocr_par' dir='ltr' id='par_1_5' title="bbox 124 2512 1046 3506">
     <span class='ocr_line' id='line_1_26' title="bbox 209 2512 1046 2594; baseline 0 -21"><span class='ocrx_word' id='word_1_157' title='bbox 209 2512 270 2574; x_wconf 85' lang='lat' dir='ltr'>Sed</span> <span class='ocrx_word' id='word_1_158' title='bbox 292 2512 403 2572; x_wconf 83' lang='lat' dir='ltr'>Eecius</span> <span class='ocrx_word' id='word_1_159' title='bbox 423 2514 537 2574; x_wconf 81' lang='lat' dir='ltr'>furiosa</span> <span class='ocrx_word' id='word_1_160' title='bbox 559 2519 661 2574; x_wconf 88' lang='lat' dir='ltr'>mente</span> <span class='ocrx_word' id='word_1_161' title='bbox 683 2513 755 2573; x_wconf 91' lang='lat' dir='ltr'>mihi</span> <span class='ocrx_word' id='word_1_162' title='bbox 779 2514 891 2573; x_wconf 88' lang='lat' dir='ltr'>malum</span> <span class='ocrx_word' id='word_1_163' title='bbox 906 2516 1046 2594; x_wconf 83' lang='lat' dir='ltr'>cogitans</span> 
     </span>
     <span class='ocr_line' id='line_1_27' title="bbox 124 2595 1046 2673; baseline 0 -17"><span class='ocrx_word' id='word_1_164' title='bbox 124 2596 238 2673; x_wconf 85' lang='lat' dir='ltr'>vellet,</span> <span class='ocrx_word' id='word_1_165' title='bbox 272 2604 305 2656; x_wconf 91' lang='lat' dir='ltr'>ut</span> <span class='ocrx_word' id='word_1_166' title='bbox 324 2602 419 2656; x_wconf 90' lang='lat' dir='ltr'>totam</span> <span class='ocrx_word' id='word_1_167' title='bbox 444 2596 608 2656; x_wconf 89' lang='lat' dir='ltr'>ecclesiam</span> <span class='ocrx_word' id='word_1_168' title='bbox 629 2598 659 2655; x_wconf 92' lang='lat' dir='ltr'>in</span> <span class='ocrx_word' id='word_1_169' title='bbox 683 2595 786 2656; x_wconf 92' lang='lat' dir='ltr'>odium</span> <span class='ocrx_word' id='word_1_170' title='bbox 810 2599 869 2656; x_wconf 89' lang='lat' dir='ltr'>mei</span> <span class='ocrx_word' id='word_1_171' title='bbox 892 2599 1046 2657; x_wconf 86' lang='lat' dir='ltr'>concitare</span> 
     </span>
     <span class='ocr_line' id='line_1_28' title="bbox 124 2679 1046 2760; baseline -0.001 -20"><span class='ocrx_word' id='word_1_172' title='bbox 124 2688 249 2760; x_wconf 88' lang='lat' dir='ltr'>posset,</span> <span class='ocrx_word' id='word_1_173' title='bbox 280 2685 373 2758; x_wconf 87' lang='lat' dir='ltr'>etque</span> <span class='ocrx_word' id='word_1_174' title='bbox 401 2679 432 2738; x_wconf 94' lang='lat' dir='ltr'>id</span> <span class='ocrx_word' id='word_1_175' title='bbox 459 2699 521 2738; x_wconf 89' lang='lat' dir='ltr'>non</span> <span class='ocrx_word' id='word_1_176' title='bbox 549 2681 606 2738; x_wconf 90' lang='lat' dir='ltr'>nisi</span> <span class='ocrx_word' id='word_1_177' title='bbox 631 2679 718 2738; x_wconf 85' lang='lat' dir='ltr'>falsis</span> <span class='ocrx_word' id='word_1_178' title='bbox 741 2687 772 2739; x_wconf 87' lang='lat' dir='ltr'>et</span> <span class='ocrx_word' id='word_1_179' title='bbox 792 2699 811 2738; x_wconf 89' lang='lat' dir='ltr'>a</span> <span class='ocrx_word' id='word_1_180' title='bbox 833 2698 867 2739; x_wconf 85' lang='lat' dir='ltr'>oe</span> <span class='ocrx_word' id='word_1_181' title='bbox 888 2681 1046 2758; x_wconf 88' lang='lat' dir='ltr'>conceptis</span> 
     </span>
     <span class='ocr_line' id='line_1_29' title="bbox 126 2761 1045 2839; baseline -0.001 -17"><span class='ocrx_word' id='word_1_182' title='bbox 126 2762 306 2824; x_wconf 88' lang='lat' dir='ltr'>mendaciis.</span> <span class='ocrx_word' id='word_1_183' title='bbox 350 2761 426 2835; x_wconf 78' lang='lat' dir='ltr'>Quis</span> <span class='ocrx_word' id='word_1_184' title='bbox 438 2761 576 2822; x_wconf 88' lang='lat' dir='ltr'>crederet</span> <span class='ocrx_word' id='word_1_185' title='bbox 587 2781 656 2821; x_wconf 88' lang='lat' dir='ltr'>esse</span> <span class='ocrx_word' id='word_1_186' title='bbox 672 2761 827 2839; x_wconf 78' lang='lat' dir='ltr'>tantam2)</span> <span class='ocrx_word' id='word_1_187' title='bbox 853 2763 1045 2822; x_wconf 86' lang='lat' dir='ltr'>virulentiam</span> 
     </span>
     <span class='ocr_line' id='line_1_30' title="bbox 124 2844 1046 2926; baseline -0.001 -20"><span class='ocrx_word' id='word_1_188' title='bbox 124 2847 155 2906; x_wconf 92' lang='lat' dir='ltr'>in</span> <span class='ocrx_word' id='word_1_189' title='bbox 179 2845 337 2925; x_wconf 87' lang='lat' dir='ltr'>theologe.</span> <span class='ocrx_word' id='word_1_190' title='bbox 383 2846 473 2925; x_wconf 81' lang='lat' dir='ltr'>lgitur</span> <span class='ocrx_word' id='word_1_191' title='bbox 502 2863 561 2924; x_wconf 82' lang='lat' dir='ltr'>ego</span> <span class='ocrx_word' id='word_1_192' title='bbox 584 2845 648 2904; x_wconf 86' lang='lat' dir='ltr'>dixi</span> <span class='ocrx_word' id='word_1_193' title='bbox 670 2844 798 2904; x_wconf 91' lang='lat' dir='ltr'>similem</span> <span class='ocrx_word' id='word_1_194' title='bbox 823 2863 892 2904; x_wconf 85' lang='lat' dir='ltr'>esse</span> <span class='ocrx_word' id='word_1_195' title='bbox 913 2851 1046 2926; x_wconf 85' lang='lat' dir='ltr'>potesta-</span> 
     </span>
     <span class='ocr_line' id='line_1_31' title="bbox 125 2927 1045 3007; baseline -0.001 -18"><span class='ocrx_word' id='word_1_196' title='bbox 125 2937 204 3007; x_wconf 89' lang='lat' dir='ltr'>tem,</span> <span class='ocrx_word' id='word_1_197' title='bbox 238 2947 299 2988; x_wconf 91' lang='lat' dir='ltr'>non</span> <span class='ocrx_word' id='word_1_198' title='bbox 329 2927 392 2986; x_wconf 84' lang='lat' dir='ltr'>dixi</span> <span class='ocrx_word' id='word_1_199' title='bbox 422 2927 577 3000; x_wconf 73' lang='lat' dir='ltr'>tantam3)</span> <span class='ocrx_word' id='word_1_200' title='bbox 611 2928 759 3006; x_wconf 91' lang='lat' dir='ltr'>episcopo</span> <span class='ocrx_word' id='word_1_201' title='bbox 790 2933 821 2986; x_wconf 89' lang='lat' dir='ltr'>et</span> <span class='ocrx_word' id='word_1_202' title='bbox 847 2935 953 2988; x_wconf 88' lang='lat' dir='ltr'>curato</span> <span class='ocrx_word' id='word_1_203' title='bbox 977 2947 1045 2987; x_wconf 90' lang='lat' dir='ltr'>cum</span> 
     </span>
     <span class='ocr_line' id='line_1_32' title="bbox 124 3009 1045 3091; baseline 0 -20"><span class='ocrx_word' id='word_1_204' title='bbox 124 3030 208 3091; x_wconf 80' lang='lat' dir='ltr'>pape</span> <span class='ocrx_word' id='word_1_205' title='bbox 228 3012 259 3070; x_wconf 91' lang='lat' dir='ltr'>in</span> <span class='ocrx_word' id='word_1_206' title='bbox 277 3013 496 3090; x_wconf 83' lang='lat' dir='ltr'>purgatorium.</span> <span class='ocrx_word' id='word_1_207' title='bbox 530 3009 600 3070; x_wconf 90' lang='lat' dir='ltr'>Non</span> <span class='ocrx_word' id='word_1_208' title='bbox 622 3009 704 3089; x_wconf 90' lang='lat' dir='ltr'>quod</span> <span class='ocrx_word' id='word_1_209' title='bbox 721 3009 963 3072; x_wconf 86' lang='lat' dir='ltr'>iurisdictionem</span> <span class='ocrx_word' id='word_1_210' title='bbox 985 3011 1045 3072; x_wconf 89' lang='lat' dir='ltr'>cla-</span> 
     </span>
     <span class='ocr_line' id='line_1_33' title="bbox 125 3092 1046 3172; baseline -0.001 -17"><span class='ocrx_word' id='word_1_211' title='bbox 125 3095 209 3155; x_wconf 88' lang='lat' dir='ltr'>vium</span> <span class='ocrx_word' id='word_1_212' title='bbox 231 3094 273 3154; x_wconf 92' lang='lat' dir='ltr'>ibi</span> <span class='ocrx_word' id='word_1_213' title='bbox 294 3092 470 3168; x_wconf 63' lang='lat' dir='ltr'>habessit&gt;</span> <span class='ocrx_word' id='word_1_214' title='bbox 494 3100 547 3151; x_wconf 87' lang='lat' dir='ltr'>aut</span> <span class='ocrx_word' id='word_1_215' title='bbox 567 3099 752 3171; x_wconf 91' lang='lat' dir='ltr'>potestatem</span> <span class='ocrx_word' id='word_1_216' title='bbox 775 3094 893 3172; x_wconf 92' lang='lat' dir='ltr'>iurium,</span> <span class='ocrx_word' id='word_1_217' title='bbox 915 3093 970 3153; x_wconf 89' lang='lat' dir='ltr'>sed</span> <span class='ocrx_word' id='word_1_218' title='bbox 992 3112 1046 3172; x_wconf 92' lang='lat' dir='ltr'>po·</span> 
     </span>
     <span class='ocr_line' id='line_1_34' title="bbox 125 3174 1046 3257; baseline -0.004 -19"><span class='ocrx_word' id='word_1_219' title='bbox 125 3180 270 3238; x_wconf 82' lang='lat' dir='ltr'>testatem</span> <span class='ocrx_word' id='word_1_220' title='bbox 286 3178 393 3236; x_wconf 91' lang='lat' dir='ltr'>virium</span> <span class='ocrx_word' id='word_1_221' title='bbox 408 3177 521 3256; x_wconf 87' lang='lat' dir='ltr'>potius,</span> <span class='ocrx_word' id='word_1_222' title='bbox 536 3193 597 3235; x_wconf 92' lang='lat' dir='ltr'>non</span> <span class='ocrx_word' id='word_1_223' title='bbox 612 3175 794 3255; x_wconf 91' lang='lat' dir='ltr'>imperandi,</span> <span class='ocrx_word' id='word_1_224' title='bbox 816 3175 870 3235; x_wconf 91' lang='lat' dir='ltr'>sed</span> <span class='ocrx_word' id='word_1_225' title='bbox 889 3174 1046 3257; x_wconf 89' lang='lat' dir='ltr'>operandi,</span> 
     </span>
     <span class='ocr_line' id='line_1_35' title="bbox 125 3258 1045 3339; baseline -0.003 -18"><span class='ocrx_word' id='word_1_226' title='bbox 125 3261 188 3321; x_wconf 89' lang='lat' dir='ltr'>boc</span> <span class='ocrx_word' id='word_1_227' title='bbox 209 3266 267 3338; x_wconf 86' lang='lat' dir='ltr'>est,</span> <span class='ocrx_word' id='word_1_228' title='bbox 289 3258 371 3337; x_wconf 86' lang='lat' dir='ltr'>quod</span> <span class='ocrx_word' id='word_1_229' title='bbox 393 3279 475 3338; x_wconf 89' lang='lat' dir='ltr'>papa</span> <span class='ocrx_word' id='word_1_230' title='bbox 495 3265 599 3339; x_wconf 90' lang='lat' dir='ltr'>potest</span> <span class='ocrx_word' id='word_1_231' title='bbox 620 3259 757 3339; x_wconf 86' lang='lat' dir='ltr'>generali</span> <span class='ocrx_word' id='word_1_232' title='bbox 779 3260 872 3318; x_wconf 86' lang='lat' dir='ltr'>totins</span> <span class='ocrx_word' id='word_1_233' title='bbox 895 3258 1045 3318; x_wconf 77' lang='lat' dir='ltr'>ecclesiae</span> 
     </span>
     <span class='ocr_line' id='line_1_36' title="bbox 126 3341 1046 3422; baseline -0.002 -20"><span class='ocrx_word' id='word_1_234' title='bbox 126 3341 273 3422; x_wconf 74' lang='lat' dir='ltr'>suffragio</span> <span class='ocrx_word' id='word_1_235' title='bbox 297 3349 328 3401; x_wconf 90' lang='lat' dir='ltr'>et</span> <span class='ocrx_word' id='word_1_236' title='bbox 349 3344 489 3402; x_wconf 81' lang='lat' dir='ltr'>oratione</span> <span class='ocrx_word' id='word_1_237' title='bbox 511 3359 567 3421; x_wconf 93' lang='lat' dir='ltr'>pro</span> <span class='ocrx_word' id='word_1_238' title='bbox 589 3343 633 3401; x_wconf 87' lang='lat' dir='ltr'>eis</span> <span class='ocrx_word' id='word_1_239' title='bbox 661 3341 868 3419; x_wconf 80' lang='lat' dir='ltr'>intercedere,</span> <span class='ocrx_word' id='word_1_240' title='bbox 902 3341 962 3401; x_wconf 90' lang='lat' dir='ltr'>hoo</span> <span class='ocrx_word' id='word_1_241' title='bbox 984 3342 1046 3420; x_wconf 92' lang='lat' dir='ltr'>epi·</span> 
     </span>
     <span class='ocr_line' id='line_1_37' title="bbox 126 3423 1045 3506; baseline -0.002 -20"><span class='ocrx_word' id='word_1_242' title='bbox 126 3445 240 3506; x_wconf 89' lang='lat' dir='ltr'>scopus</span> <span class='ocrx_word' id='word_1_243' title='bbox 270 3432 373 3506; x_wconf 87' lang='lat' dir='ltr'>potest</span> <span class='ocrx_word' id='word_1_244' title='bbox 398 3425 524 3505; x_wconf 89' lang='lat' dir='ltr'>speciali</span> <span class='ocrx_word' id='word_1_245' title='bbox 558 3443 632 3485; x_wconf 88' lang='lat' dir='ltr'>suae</span> <span class='ocrx_word' id='word_1_246' title='bbox 662 3423 833 3503; x_wconf 90' lang='lat' dir='ltr'>diocoesis,</span> <span class='ocrx_word' id='word_1_247' title='bbox 863 3430 898 3484; x_wconf 86' lang='lat' dir='ltr'>et</span> <span class='ocrx_word' id='word_1_248' title='bbox 921 3430 1045 3484; x_wconf 87' lang='lat' dir='ltr'>curatus</span> 
     </span>
    </p>
   </div>
   <div class='ocr_carea' id='block_1_4' title="bbox 126 3648 1149 3863">
    <p class='ocr_par' dir='ltr' id='par_1_6' title="bbox 126 3648 1149 3863">
     <span class='ocr_line' id='line_1_38' title="bbox 182 3648 1044 3715; baseline -0.005 -11"><span class='ocrx_word' id='word_1_249' title='bbox 182 3653 212 3711; x_wconf 78' lang='lat' dir='ltr'>ll</span> <span class='ocrx_word' id='word_1_250' title='bbox 236 3650 316 3706; x_wconf 89' lang='lat' dir='ltr'>lbid:</span> <span class='ocrx_word' id='word_1_251' title='bbox 336 3652 514 3702; x_wconf 84' lang='lat' dir='ltr'>itautnunc</span> <span class='ocrx_word' id='word_1_252' title='bbox 535 3649 611 3715; x_wconf 81' lang='lat' dir='ltr'>2)1n</span> <span class='ocrx_word' id='word_1_253' title='bbox 626 3648 669 3704; x_wconf 90' lang='lat' dir='ltr'>ed</span> <span class='ocrx_word' id='word_1_254' title='bbox 684 3650 760 3705; x_wconf 84' lang='lat' dir='ltr'>Jeu:</span> <span class='ocrx_word' id='word_1_255' title='bbox 782 3654 896 3703; x_wconf 86' lang='lat' dir='ltr'>tanturn</span> <span class='ocrx_word' id='word_1_256' title='bbox 917 3648 1044 3712; x_wconf 59' lang='lat' dir='ltr'>dllbide</span> 
     </span>
     <span class='ocr_line' id='line_1_39' title="bbox 126 3722 1149 3786; baseline -0.013 -10"><span class='ocrx_word' id='word_1_257' title='bbox 126 3729 243 3776; x_wconf 84' lang='lat' dir='ltr'>tautum.</span> <span class='ocrx_word' id='word_1_258' title='bbox 281 3723 312 3786; x_wconf 82' lang='grc'>4)</span> <span class='ocrx_word' id='word_1_259' title='bbox 332 3722 400 3775; x_wconf 93' lang='lat' dir='ltr'>lbid</span> <span class='ocrx_word' id='word_1_260' title='bbox 420 3722 562 3775; x_wconf 86' lang='lat' dir='ltr'>heberent</span> <span class='ocrx_word' id='word_1_261' title='bbox 1049 3748 1066 3763; x_wconf 82' lang='lat'>.-</span> <span class='ocrx_word' id='word_1_262' title='bbox 1145 3748 1149 3757; x_wconf 77' lang='lat'><em>.</em></span> 
     </span>
     <span class='ocr_line' id='line_1_40' title="bbox 183 3791 809 3863; baseline -0.005 -17.911"><span class='ocrx_word' id='word_1_263' title='bbox 183 3791 377 3863; x_wconf 79' lang='lat' dir='ltr'>⁸)Adversus</span> <span class='ocrx_word' id='word_1_264' title='bbox 395 3792 440 3849; x_wconf 79' lang='grc'>25</span> <span class='ocrx_word' id='word_1_265' title='bbox 459 3791 589 3849; x_wconf 81' lang='lat' dir='ltr'>Oeneius.</span> <span class='ocrx_word' id='word_1_266' title='bbox 608 3791 727 3846; x_wconf 84' lang='lat' dir='ltr'>Lutheri.</span> <span class='ocrx_word' id='word_1_267' title='bbox 807 3793 809 3797; x_wconf 81' lang='grc'>’</span> 
     </span>
    </p>
   </div>
   <div class='ocr_carea' id='block_1_5' title="bbox 0 0 1182 4200">
    <p class='ocr_par' dir='ltr' id='par_1_7' title="bbox 0 0 1182 4200">
     <span class='ocr_line' id='line_1_41' title="bbox 0 0 1182 4200; baseline 0 0"><span class='ocrx_word' id='word_1_268' title='bbox 0 0 1182 4200; x_wconf 95' lang='lat' dir='ltr'> </span> 
     </span>
    </p>
   </div>
  </div>
 </body>
</html>
