2356 4200
134 263 197 330 tufi
460 267 608 365 Qrmcues
627 269 738 324 [antheri

133 453 197 495 non
219 426 337 513 odiunt,
357 435 412 497 sed
435 442 552 498 tantum
569 453 704 519 poenam
719 437 871 517 peccati),
892 435 964 497 iden
980 436 1055 497 mul·

133 518 172 578 tis
195 516 531 594 sanctificationibus*)
565 526 715 601 quaerunt
740 521 845 602 ignem
872 519 982 580 inferni
1003 539 1055 581 ex·

46 627 47 630 ¹
134 601 306 680 stinguere,
332 620 466 682 poenum
493 602 597 665 iudicii
620 601 764 684 effugere.
807 601 874 664 sed„
891 603 971 681 quia*
983 621 1055 682 pec·

134 686 239 745 catum
261 703 383 765 semper
403 692 522 765 manet,
554 685 627 747 ideo
657 695 689 746 et
715 704 819 766 poena
846 685 1056 746 conscientiae

134 784 198 828 nou
220 767 346 848 transit,
374 775 525 847 quaerunt
556 769 637 829 enim
666 787 745 849 quac
773 787 830 829 sua
856 774 937 834 sunt.
971 765 1056 830 ideo

134 859 198 914 uon
219 855 269 910 est
288 868 350 930 pax
370 851 488 931 impiis:
526 853 577 931 qui
601 853 627 912 si
649 870 684 912 se
704 851 914 932 relinquerent
934 856 966 912 et
986 869 1058 930 pea-

135 938 205 993 csts
231 951 287 993 sua
320 932 472 1014 odissent,
499 934 559 994 iam
588 933 704 995 nullam
731 952 866 1015 poenam
897 931 1057 1013 haherent,

134 1033 192 1076 nec
212 1016 371 1094 timerent,
397 1018 476 1096 ‘quia
506 1016 610 1078 ablata
632 1017 724 1098 culpa
752 1036 856 1097 poena
876 1035 933 1097 per
955 1035 990 1077 se
1011 1017 1056 1097 ip·

135 1117 201 1162 sam
223 1104 333 1162 cessat
377 1096 438 1161 Sed
460 1119 494 1160 se
515 1101 602 1179 ipsos
622 1100 795 1180 relinquere
817 1099 941 1178 nolunt,
970 1106 1002 1160 et
1023 1100 1058 1159 ti-

135 1187 220 1242 ment
240 1180 301 1243 hcc
328 1180 398 1242 leve
423 1183 529 1263 iugum
562 1181 687 1245 Christi:
727 1181 799 1244 ideo
830 1181 973 1243 laborant
1000 1180 1058 1244 sub

135 1282 231 1324 onere
252 1283 319 1341 suo,
340 1271 372 1325 et
392 1265 510 1343 timent,
532 1263 585 1326 ubi
605 1284 669 1326 non
691 1271 739 1326 est
759 1266 861 1345 timor,
883 1271 915 1326 et
934 1263 1059 1326 trahunt

136 1347 216 1407 sicut
238 1345 408 1427 planstrum
428 1353 600 1428 peccatum.

218 1427 352 1490 Adhuc
382 1431 568 1492 servilem
595 1430 785 1492 iustitiam
813 1431 905 1491 mire
936 1429 1057 1510 perii·

136 1513 244 1573 ciunt
284 1512 397 1592 ipsae
441 1513 661 1574 effusiones
714 1512 1060 1594 indulgentiarum,

115 1594 245 1674 ‚quibus
267 1594 344 1655 nihil
364 1597 473 1676 agitur,
495 1615 586 1676 quam
607 1602 642 1658 ut
662 1595 795 1677 populus
818 1596 916 1656 discat
933 1597 1061 1673 timere,

123 1677 250 1760 lugere,
273 1676 399 1739 horrere
419 1697 553 1758 poenam
574 1686 784 1760 peccatorum,
806 1698 869 1740 non
891 1677 994 1739 autem
1014 1679 1060 1740 ita

135 1767 168 1820 et
187 1766 326 1840 peecata.
366 1760 441 1823 Ideo
463 1780 570 1842 parum
598 1762 727 1823 sentitur
758 1761 873 1823 fructus
899 1759 1060 1842 indulgeu-

135 1844 256 1921 tiarum,
270 1842 326 1903 sed
339 1863 453 1924 magna
469 1845 616 1906 securitas
627 1851 659 1906 et
674 1844 799 1907 licentia
819 1843 983 1926 peccandi:
1013 1844 1059 1905 ita

137 1945 213 1995 sane
240 1932 278 1988 ,nt
302 1927 362 1987 nisi
388 1928 532 1988 timerent
552 1947 686 2008 poenam
707 1933 922 2008 peecatorum,
954 1925 1057 1988 nullus

137 2008 232 2070 vellet
265 2015 373 2090 optare
394 2010 489 2090 gratis
510 2011 585 2071 istas
606 2009 827 2091 indulgentias,
861 2028 930 2070 cum
942 2010 1057 2153 ,som

137 2091 270 2172 populus
293 2091 333 2152 ad
354 2109 490 2172 poenam
509 2092 672 2155 amandam
687 2098 771 2154 esset
790 2093 940 2153 exhortan
965 2111 1001 2152 us
1024 2099 1056 2152 et

137 2193 259 2235 crucem
274 2174 531 2255 amplectendam.
573 2175 614 2237 Et
628 2177 744 2238 utinam
758 2194 818 2256 ego
842 2175 982 2255 mentiar,
1003 2175 1056 2255 qui

140 2257 222 2336 dico,
244 2256 450 2339 indulgentias
471 2258 551 2319 forte
572 2260 616 2320 ita
636 2259 806 2320 rectissime
827 2257 897 2338 diei,
920 2258 993 2338 quia
1013 2260 1057 2318 in·

138 2339 265 2421 dulgere
299 2347 347 2401 est
376 2342 569 2421 permittere,
601 2348 632 2403 et
665 2340 859 2423 indulgentia
877 2341 1055 2422 impunitas,

136 2424 299 2504 permissio
331 2423 482 2503 peccandi
513 2431 544 2488 et
574 2424 700 2486 licentia
733 2422 906 2486 evacuandi
933 2442 1057 2485 crucem

138 2504 259 2568 Christi.
302 2506 366 2567 Aut
386 2508 411 2566 si
433 2507 657 2588 permittendae
678 2506 890 2588 indulgentiae
912 2525 975 2568 non
997 2506 1057 2566 nisi

136 2587 263 2650 infirmis
285 2589 325 2676 ³¹¹„
340 2587 401 2650 fide
423 2596 495 2650 sunt
515 2590 708 2669 dasdamus
724 2589 980 2668 scandalizentur,
1003 2589 1055 2670 qui

136 2691 192 2752 per
213 2690 336 2733 crucem
358 2692 422 2733 non
444 2674 582 2734 nituntur
604 2672 643 2733 ad
666 2674 829 2734 mititatem
850 2677 882 2732 et
901 2671 1062 2732 humilita·

137 2763 199 2820 tem
223 2755 394 2836 pervenire,
416 2761 449 2815 ut
467 2755 518 2815 hic
531 2756 606 2817 dicit
616 2756 778 2817 Dominus.
814 2754 893 2815 Nam
915 2773 978 2815 non
1000 2772 1059 2834 per

138 2838 361 2919 indulgentius,
390 2837 445 2898 sed
466 2857 522 2918 per
545 2840 706 2900 mititat'em
729 2845 761 2900 et
780 2835 1058 2899 humilitatemhic

137 2919 212 2982 dicit
238 2921 376 2982 invenire
408 2922 545 2999 requiem
579 2923 760 2983 animarum.
809 2920 923 2982 llititas
952 2925 1069 2980 autem·

136 3022 200 3065 non
222 3010 269 3064 est
289 3005 348 3064 nisi
370 3005 402 3064 in
421 3005 532 3084 poenis
554 3012 586 3066 et
606 3023 706 3083 cruce,
729 3024 749 3064 a
773 3023 834 3083 qua
863 3003 935 3069 illae
957 3001 1056 3062 indul·

135 3086 259 3167 gentiae
281 3085 455 3164 absolvunt,
478 3106 570 3167 quum
593 3087 719 3149 horrere
735 3087 858 3165 docent,
880 3092 912 3146 et
931 3085 1057 3164 faciunt,

137 3175 171 3229 ut
198 3188 348 3248 nusquam
382 3167 551 3231 efficiamur
572 3171 660 3232 mites
683 3178 715 3231 et
734 3169 865 3231 humiles
887 3169 908 3230 i.
931 3187 959 3231 e.
982 3167 1074 3229 nuni

138 3270 229 3331 quam
257 3251 479 3332 indulgentiam
507 3271 732 3333 consequamur
761 3271 820 3313 nec
841 3251 881 3313 cd
903 3250 1057 3312 Christum

137 3336 309 3396 veniamus.
373 3333 400 3395 Ο
442 3336 618 3414 pericula
675 3337 803 3397 nostri
848 3334 1053 3414 temporis!

137 3417 400 3479 Ostertentes
423 3418 668 3480 sacerdotes!
712 3415 945 3480 Otenebrss
969 3415 1057 3496 plus

138 3518 247 3580 quam
285 3500 563 3583 Aegyptiacae!
615 3501 734 3577 Quem
763 3500 891 3561 securi
924 3518 1057 3560 sumus

136 3584 173 3643 in
196 3582 584 3664 omnibuspessimis
604 3584 901 3659 malianoetris!

193 3755 223 3826 ·)
243 3754 404 3825 Lugendum
422 3754 544 3811 ridetur:
564 3755 810 3838 sahshotianibua.
