2356 4200
156 272 220 343 244
403 277 599 335 Resclntlones
616 277 727 349 Dlnpnt.
745 279 822 335 lsntlu

365 484 376 515 ”
419 527 632 591 conclusio
654 506 816 593 xxxii.
932 596 936 600 ,

182 736 185 741 ¹
230 656 456 725 'Difficillimum
479 671 526 726 est
546 667 639 727 etiarn
655 665 840 727 doctissimis
853 666 1025 748 theologis,
1048 668 1084 728 si-

60 764 65 777 *
158 742 220 805 mul
249 745 398 808 extollere
433 749 590 810 veniarum
622 748 795 830 largitatem
828 756 859 811 et
886 750 1085 812 contritionis

157 827 317 974 pppiglappirp
347 847 455 917 coram
483 831 610 915 populo.
653 831 744 893 Ratio
766 833 854 894 huius
877 838 926 894 est
947 851 1085 914 sequens

466 1111 678 1175 Conclusio
700 1114 769 1177 XL.

240 1253 438 1316 contritionis
472 1253 585 1315 veritas
613 1271 731 1333 poenas
762 1252 880 1330 quaerit
917 1259 951 1314 et
989 1258 1083 1329 amat,

87 1350 89 1354 ’
158 1336 313 1397 veniarum
336 1343 438 1397 autem
461 1333 587 1417 largitas
609 1334 713 1403 odisse
739 1334 826 1414 facit,
859 1334 1081 1415 saltemlocca·

156 1435 273 1494 arone„

175 1494 178 1499 ’
239 1500 287 1561 Da
308 1521 413 1563 verum
437 1501 664 1582 poenitentem,
697 1507 729 1560 et
762 1499 879 1560 videbis
909 1518 981 1559 eum
1021 1508 1082 1561 tarn

156 1581 299 1645 ardenter
318 1585 350 1644 in
368 1604 402 1645 se
418 1586 486 1664 ipso
502 1602 650 1663 quaerere
673 1582 819 1643 ultionem
836 1581 1018 1643 offensionis
1041 1581 1082 1643 di·

156 1666 256 1746 vinae,
279 1673 312 1727 ut
332 1674 425 1748 cogat
445 1673 477 1727 te
499 1667 545 1727 sui
568 1665 714 1744 misereri,
736 1666 799 1725 imo
823 1672 856 1725 ut
871 1666 1082 1727 necessarium

157 1749 197 1827 sit
217 1749 246 1809 ei
267 1748 425 1828 resistcre,
447 1769 487 1809 ne
508 1747 645 1809 destruat
665 1766 749 1825 sese,
778 1755 811 1809 ut
833 1766 928 1827 saepe
949 1746 1082 1829 legimus

158 1837 190 1893 at
221 1830 353 1893 vidimus
387 1833 564 1913 contigisse.
613 1831 654 1892 nt
684 1830 717 1909 B.
749 1828 956 1910 Hieronymus
988 1830 1082 1891 talem

155 1912 259 1975 scribit
280 1934 367 1976 suam
387 1915 513 1976 Paulam
534 1913 645 1995 fnisse,
667 1919 698 1975 ct
718 1914 849 1993 ipsemet
878 1912 918 1973 de
939 1932 974 1973 se
1003 1914 1082 1995 ipsc.

154 1994 235 2059 mhil
257 1998 323 2059 istis
345 2004 393 2058 est
413 1998 487 2058 satis
509 2015 688 2077 poenarum.
731 1993 812 2073 Quin
834 2013 903 2056 cum
924 1993 992 2058 filio
1011 2015 1081 2085 pro·

155 2076 270 2163 digo*)
297 2082 444 2142 invocent
469 2079 591 2141 coelum
613 2086 644 2140 et
662 2086 789 2157 terram,
808 2085 840 2140 et
855 2078 954 2139 Deum
975 2079 1078 2159 ipsum

156 2164 264 2241 contm
285 2182 319 2224 se
349 2165 450 2243 ipsos,
472 2163 551 2223 sicut
572 2167 603 2223 et
625 2161 741 2239 David,
763 2160 886 2241 quando
913 2159 1081 2239 dixit⁸*):

157 2244 310 2324 Vertatur,
334 2244 474 2325 obsecro,
495 2243 615 2327 gladius
633 2251 702 2306 tuus
724 2245 755 2303 in
779 2263 828 2304 me
850 2252 881 2305 et
902 2244 933 2304 in
955 2243 1081 2305 domum

157 2330 252 2410 patris
274 2329 344 2390 mei.
385 2322 483 2389 Recte
504 2347 577 2409 ergo
600 2347 648 2388 me
670 2334 744 2408 puto
767 2325 898 2405 dixisse,
921 2329 1081 2406 poeniten·

157 2413 216 2473 tias
241 2412 405 2472 canonicas
426 2412 463 2472 iis
476 2411 503 2485 ¹)
529 2417 645 2471 tantum
668 2410 846 2490 impositas,
869 2412 920 2489 qui
941 2411 995 2471 vel
1017 2410 1080 2471 nol·

158 2492 226 2557 lent
246 2494 376 2555 meliora
396 2494 514 2571 facere,
536 2500 570 2554 ut
590 2494 685 2574 pigri,
710 2493 759 2553 vel
781 2498 863 2553 c'erte
884 2499 917 2553 ut
939 2493 1082 2575 explora·

160 2580 264 2639 rentur
287 2576 325 2637 de
347 2577 476 2637 veritate
499 2576 690 2637 contritionis
713 2595 796 2636 suae.

241 2660 330 2721 Patet
350 2660 453 2740 itaque
477 2678 567 2738 quam
590 2655 714 2719 diffie-ile
735 2657 813 2737 sit2)
839 2658 949 2719 saltem
973 2659 1082 2735 doctis,

158 2745 237 2805 inter
259 2743 362 2804 odium
391 2750 421 2803 et
451 2760 587 2803 amorem
609 2761 778 2822 poenarum
806 2741 924 2802 medios
957 2743 1019 2821 ire,
1051 2748 1082 2801 ut

160 2826 205 2897 sic
228 2825 362 2887 doceant
382 2825 486 2886 odium
509 2845 631 2905 earum,
655 2829 687 2884 ut
720 2831 823 2884 tamen
852 2825 991 2886 maxime
1018 2845 1082 2906 per-

159 2906 308 2971 suadeant
329 2927 466 2970 amorem
488 2927 602 2968 earum.
645 2905 780 2968 indoctis
807 2926 902 2985 vero,
934 2925 1005 2968 cum
1045 2908 1083 2969 sit

158 2989 233 3055 nihil
255 2986 391 3071 difficile,
421 2990 498 3052 nihil
520 2990 641 3069 obstat,
676 2990 748 3070 quin
778 2995 809 3050 et
837 2988 899 3049 hoc
920 2991 961 3051 sit
982 2990 1081 3052 facile.

158 3072 362 3155 Evangelium
384 3073 504 3154 quidem
529 3073 620 3134 docet
640 3092 758 3153 poenas
780 3091 842 3132 non
866 3072 995 3153 lugere,
1027 3092 1082 3134 nec

158 3154 307 3237 relaxare,
329 3155 383 3217 sed
406 3176 552 3235 quaerere
574 3161 730 3233 etamare,
753 3154 824 3234 quia
837 3154 931 3216 docet
943 3157 1080 3238 spiritum

159 3238 306 3303 libertatis
334 3246 366 3300 et
386 3239 502 3300 timoris
523 3239 581 3299 Dei
602 3257 700 3319 usque
722 3237 760 3297 ad
784 3244 998 3318 contemptum
1021 3258 1080 3300 orn·

57 3398 59 3403 Ι
112 3318 117 3326 ’
159 3322 241 3385 nium
262 3340 431 3403 poenarum
485 3322 526 3382 At
546 3321 642 3382 multo
665 3320 814 3381 lucrosius
837 3327 898 3400 est,
934 3328 965 3383 ct
990 3341 1079 3403 expe·

159 3403 204 3467 dit
224 3406 324 3485 capsis
347 3410 553 3484 quaestorum,
575 3410 608 3464 ut
629 3402 762 3485 populus
776 3403 883 3464 timeat
896 3423 1030 3485 poenas,
1052 3411 1080 3466 st

160 3487 296 3571 spiritum
326 3486 429 3548 mundi
456 3493 548 3567 atque
579 3488 696 3549 timoris
719 3486 750 3546 in
771 3486 860 3547 litera
881 3493 913 3548 et
934 3490 1080 3550 servitute

214 3691 296 3830 1),an
314 3691 357 3745 ed.
372 3691 542 3828 ilpn.:*lpi)s.2
560 3690 591 3816 28)
612 3689 792 3816 Ιῢὶὲ4ᾱοεειῑ
811 3691 858 3744 sit.

287 3779 355 3818 noae
409 3801 416 3815 .
543 3802 550 3814 .
590 3776 642 3815 am.
697 3797 704 3814 .
