2356 4200
135 254 199 323 456
370 258 505 315 Asteriaoi
522 267 620 316 eontra
638 261 716 335 Obel.
735 263 819 319 Eooii.

134 425 221 505 ignes
243 430 384 489 trementi
406 430 523 510 populo
545 431 748 512 intentantes,
780 435 807 493 si
829 435 896 513 quis
917 433 971 513 vel
992 448 1065 513 muta

133 508 215 569 tierit
236 519 343 571 eontra
363 511 512 575 eiusmodi
531 515 740 594 quaestiones,
756 514 848 578 oredo
867 515 947 577 solvi
959 528 1060 596 poseo¹

134 589 328 671 sulfloienter,
349 594 380 653 id
402 603 463 674 est,
486 594 687 677 scholastice,
711 606 742 659 et
763 617 827 659 non
848 599 971 677 involo,
993 596 1060 661 boo

133 681 190 754 est,
212 675 306 737 verba
325 684 456 756 possunt
476 681 593 759 garriri,
615 688 646 741 et
669 700 733 741 non
754 681 894 764 intelligi.
939 679 1003 743 Sed
1024 683 1059 743 iu

132 757 364 837 probationibus
386 761 486 822 latius.

423 896 518 958 XXX.
536 896 757 976 'Obelisous.*)

214 1010 270 1072 Ea
293 1011 446 1074 Christum
475 1015 588 1075 imitari
609 1034 665 1095 per
686 1014 914 1094 tribulationes,
935 1015 1057 1096 perseo·

132 1092 224 1153 tionis
246 1100 302 1172 est,
324 1103 356 1155 at
377 1115 434 1176 pro
455 1117 533 1176 paoe
555 1103 587 1157 et
608 1098 827 1178 tranquillitate
847 1117 946 1177 orare,
967 1097 1056 1161 illam

130 1182 236 1255 petere
257 1184 287 1237 et
310 1197 468 1257 quaerere,
490 1199 579 1241 saona
600 1182 750 1260 soriptura
771 1181 884 1242 elamat
903 1187 934 1240 at
949 1179 1056 1261 docet,

130 1259 212 1339 qnod
226 1266 257 1321 et
270 1259 376 1321 doouit
392 1261 540 1340 Christus,
554 1282 623 1323 oum
640 1283 729 1325 orare
740 1262 920 1325 debeamus:
944 1262 1058 1327 Libora

130 1361 188 1403 nos
210 1362 229 1402 a
251 1343 344 1421 malo,
367 1344 451 1423 quod
472 1345 557 1407 mille
572 1346 786 1409 autoritatibus
798 1348 968 1427 scripturae
981 1365 1055 1427 pos-

130 1444 195 1485 sem
218 1424 393 1504 ostendere,
416 1428 474 1488 nisi
496 1429 527 1488 in
548 1430 644 1491 veteri
666 1435 851 1490 testamento
876 1428 989 1508 ubique
1008 1429 1056 1491 lo-

129 1514 177 1569 ret
198 1510 439 1573 testatissimum.

212 1591 299 1653 Luth.
321 1593 434 1672 Turris,
457 1593 584 1674 soilioet,
605 1594 704 1655 David
728 1593 906 1673 estElooius,
928 1613 969 1654 ex
990 1613 1057 1674 qna

129 1674 213 1736 mille
235 1675 325 1755 olipei
348 1677 543 1737 autoritatum
555 1677 701 1757 pendent,
723 1696 787 1749 non
800 1683 910 1739 eontra
925 1676 1056 1757 bellum,

128 1756 183 1817 sed
205 1776 261 1838 pro
283 1777 371 1839 paee.
413 1759 460 1821 Sit
478 1779 551 1840 ergo
568 1759 637 1822 linis
653 1761 761 1840 oruois,
782 1768 814 1821 et
830 1779 921 1821 nemo
934 1760 1055 1839 aliquid

129 1841 276 1921 patiatur,
299 1848 391 1921 atque
413 1861 481 1902 oum
503 1861 581 1922 paee
603 1850 634 1903 et
655 1843 830 1923 voluptate,
859 1842 890 1904 id
913 1850 976 1917 est,
1003 1863 1053 1905 re-

129 1924 276 1986 missione
297 1944 481 2005 poenarum,
503 1927 650 1986 intremus
672 1928 703 1986 in
726 1927 867 2006 Regnum
888 1925 1053 1989 coelorum

129 2008 238 2069 sesni.
259 2007 368 2068 Melius
381 2008 460 2070 forte
478 2009 577 2088 inerit,
598 2013 631 2069 ut
643 2010 808 2071 mentiatur
817 2008 912 2087 Deus,
924 2007 1052 2087 quando

129 2088 219 2151 dixit:
254 2090 323 2172 ldgo
345 2110 423 2170 quos
444 2110 526 2169 amo,
549 2093 678 2172 castigo,
700 2111 792 2171 quam
814 2097 848 2152 ut
867 2097 972 2173 patres
994 2111 1053 2155 no·

128 2175 182 2234 stri
204 2173 392 2235 Aristotelioi
414 2193 477 2235 non
500 2182 645 2236 maneant
666 2176 698 2235 in
714 2173 860 2236 limitibus
875 2175 948 2253 suis,
972 2193 1054 2253 quos

128 2258 352 2319 constituerunt
373 2256 470 2319 nobis.

210 2339 308 2400 Pudet
344 2360 393 2400 me
425 2347 487 2400 tam
522 2339 655 2400 insulsae
694 2345 726 2399 et
757 2340 881 2419 ineptae
912 2337 1051 2406 fabulae.

127 2421 305 2504 Theologus
319 2429 366 2482 est
379 2422 500 2501 Eooius,
524 2428 556 2483 et
572 2424 693 2483 nescire
706 2421 807 2483 studio
826 2422 940 2501 nititur,
964 2421 1054 2501 quod

128 2504 367 2566 Christianorum
397 2525 460 2585 pax
475 2512 536 2581 =est
562 2505 663 2585 gloria
689 2506 915 2583 eonscientiae,
956 2523 1053 2585 quam

126 2588 230 2649 nullae
252 2588 324 2649 dare
346 2597 476 2668 possunt
497 2586 724 2668 indulgentiae,
746 2587 802 2649 sed
822 2586 963 2649 remissio
986 2586 1051 2649 oul-

126 2691 186 2751 pae
215 2672 283 2733 sola
310 2691 365 2751 per
391 2672 531 2752 gratiam.
574 2671 638 2731 Pax
668 2691 741 2732 vero
773 2672 908 2731 exterior
935 2675 968 2730 et
994 2668 1053 2731 illa

126 2772 264 2835 quoque,
289 2774 380 2834 quam
402 2754 610 2835 indulgentiae
633 2754 809 2832 conferunt,
841 2772 924 2814 mors
947 2758 996 2813 est
1017 2761 1053 2815 et

126 2838 214 2899 litora
243 2837 397 2900 oooidens.
446 2839 560 2898 Verum
591 2844 696 2897 noster
723 2837 915 2897 acutissimus
939 2834 1050 2899 obelo-

125 2921 267 3002 phrastus
289 2922 522 3001 persecutiones
545 2926 688 2981 externas
712 2920 812 2980 solum
835 2918 985 2997 somniat,
1017 2925 1053 2983 at

125 3006 164 3064 sit
185 3004 350 3084 aliquando
372 3002 522 3064 finisnum
538 3005 709 3084 temerario,
731 3004 850 3085 ignaro,
873 3003 945 3062 inex
970 3006 1052 3081 erto,

124 3086 155 3147 id
178 3094 234 3169 est,
256 3088 442 3148 soholastioo
467 3086 614 3208 theolopo
629 3084 785 3166 loquendi.
818 3086 911 3146 Finis.
959 3084 1050 3145 .Au·

125 3173 205 3252 gusti
228 3172 320 3232 Anno
343 3169 382 3232 lt.
405 3170 441 3231 D.
464 3168 571 3233 XVlll.
597 3173 611 3248 )

281 3294 284 3299 ·
311 3293 508 3303 —--——.-

179 3349 207 3413 't
228 3346 333 3401 Contra
349 3310 392 3405 92.
414 3346 539 3401 Conclns.
561 3345 680 3398 Lutheri.

181 3419 210 3487 l)
225 3419 255 3471 ln
268 3419 309 3472 ed.
323 3420 453 3473 Wittsnb.
469 3423 496 3472 et
509 3416 718 3486 apudLoesol1.:
738 3414 821 3469 Anno
841 3412 993 3470 llDXVlll.
1013 3413 1047 3466 Χ.

123 3492 251 3561 Augusti.
271 3490 354 3545 linis.
