2356 4200
157 855 333 951 dorius
350 802 716 947 Hoolutuatouum
736 848 864 944 itari.
878 825 1099 944 Lutirorm

347 1012 350 1017 ·
494 960 567 1086 pio
601 962 769 1122 laciori.

171 1306 186 1323 μ
203 1302 207 1311 ,
241 1215 266 1304 J
272 1248 419 1311 acubus
436 1248 704 1331 Hogostrstus
716 1244 1099 1391 Svulgoiioohstrstcnus,

169 1328 209 1393 ab
233 1330 301 1393 aliis
316 1330 562 1394 Hochstratauus
583 1351 623 1393 ex
645 1331 718 1412 oppi
742 1349 761 1391 o
781 1330 884 1411 patrio
896 1328 1099 1408 Brabautiac,

169 1414 397 1493 Hoogstraten,
429 1415 640 1495 appellatus),
671 1414 866 1475 Dominioani
894 1410 1017 1474 ordinis
1040 1433 1099 1474 mo·

171 1496 288 1558 nachus
310 1496 565 1559 Lovairieusisot
588 1497 668 1578 (quo
690 1495 779 1558 titulo
801 1497 954 1577 primores
977 1495 1097 1558 iliorum

172 1580 215 1641 uti
236 1579 396 1655 sciebant)
421 1581 583 1660 inquisitor
603 1580 780 1642 haereticae
792 1579 953 1659 pravitatis
985 1599 1097 1661 papam

170 1661 363 1805 fricatione
392 1662 612 1744 Apologias
645 1680 739 1724 suas
773 1667 914 1740 contra
946 1625 1098 1725 iicuoh·

187 1744 337 1825 triow)
363 1744 591 1824 exhortabatur,
611 1751 647 1805 ut
666 1745 814 1808 nonalia
835 1738 986 1822 remedio,
1011 1756 1098 1825 qaam

171 1827 252 1889 ferro
282 1834 314 1888 et
333 1829 406 1909 igno
427 1828 574 1889 advorsus
596 1827 760 1888 Lutherum
782 1834 917 1888 uteretur
939 1828 1097 1889 mundum·

173 1928 233 1991 qus
254 1911 293 1973 ab
320 1911 382 1972 hoc
409 1911 536 1972 homine
563 1911 697 1992 pessimo
726 1907 878 1972 liberaret.
928 1909 1012 1971 Eum
1044 1911 1098 1972 hac

172 1991 275 2075 brevi,
308 1993 363 2056 scd
392 1995 456 2073 acri
475 1993 623 2074 apologia
643 1993 670 2054 d.
691 1992 772 2055 Xill.
792 2012 833 2053 m.
853 1991 931 2057 tulii
952 1995 1039 2059 1918
1059 2014 1098 2056 rs·

172 2072 251 2157 pulit
281 2075 338 2153 (oi.
367 2056 568 2141 acciendum.
591 2076 669 2139 Hist.
691 2075 814 2139 Luthsr.
837 2075 852 2137 1
872 2096 903 2156 p.
922 2077 976 2143 38.
1029 2077 1099 2141 lne-

89 2185 91 2189 ⁴
143 2199 149 2207 -
173 2158 262 2223 soher
283 2158 363 2220 Acta
385 2159 519 2226 Reform.
541 2158 578 2234 II,
600 2178 630 2239 p.
655 2157 746 2236 320).

186 2286 193 2308 ,
257 2238 500 2302 Hochstratcnus
521 2261 613 2321 quum
646 2243 677 2301 in
711 2241 770 2302 hac
798 2239 959 2321 Apologia
995 2249 1099 2320 coatia

173 2323 374 2384 Rouchlinum
413 2323 536 2385 Lutheri
575 2325 819 2405 propositionem
855 2324 976 2384 tertiam
1025 2325 1099 2387 deci·

176 2426 257 2467 mam
269 2405 326 2480 ⁸¹³)
341 2408 516 2487 respiceret,
529 2425 619 2486 quam
631 2407 717 2468 Eccii
732 2404 937 2487 positionibus
955 2408 986 2467 iu
1001 2409 1098 2469 studio

140 2552 148 2570 ⁸
175 2488 326 2569 Lipsiensi
359 2488 408 2550 die
430 2498 540 2568 quarto
563 2511 600 2550 m.
623 2491 697 2551 iulii
724 2493 800 2555 1519
830 2488 1029 2569 disputandis
1050 2512 1098 2572 op·

105 2579 110 2592 '
175 2573 309 2654 positam
339 2573 370 2633 iu
409 2572 595 2634 editionibus
634 2593 762 2652 operum
787 2571 908 2633 Lutheri
943 2573 1033 2635 Actia
1066 2574 1099 2635 da

176 2653 384 2734 disputatione
414 2655 566 2736 Lipsiensi
597 2674 625 2718 a.
656 2658 735 2721 1519
771 2655 877 2717 habita
906 2655 1098 2719 intersertam

174 2736 321 2819 legimus,
373 2755 501 2799 necesse
545 2745 592 2799 est
634 2739 725 2799 etism
771 2739 851 2798 hanc
882 2736 1010 2800 Lutheri
1053 2738 1099 2802 ad·

159 2836 282 2882 ‘corsus
304 2820 564 2882 Hochstrutenum
594 2821 740 2882 schedam
768 2820 891 2882 demum
912 2838 998 2883 anno
1025 2826 1099 2889 1519

250 3007 281 3071 ’1
301 3008 408 3062 Titulus
428 3008 509 3061 huius
528 3006 614 3061 libelli
635 3012 707 3061 erat:
743 3002 882 3075 Apologia
907 3006 942 3058 ad
970 3006 1100 3062 Sanctius.

182 3079 300 3131 iconem
319 3081 422 3148 Papam
443 3080 463 3130 x
486 3094 518 3132 ac
536 3076 569 3131 D.
583 3077 800 3131 maximilianum
818 3077 888 3146 Imp.
902 3076 1004 3132 Goion.
1027 3080 1099 3138 1511.

176 3148 191 3202 i
214 3148 409 3216 (cidisselor,
428 3148 798 3219 KirohsngsschichteTom.
811 3149 856 3212 111,
879 3150 893 3204 1
911 3149 982 3203 Soct.
1003 3152 1099 3222 pai.)

85 3263 87 3267 Α
253 3220 301 3289 “)
325 3223 482 3291 Propositio
502 3222 572 3279 xul.
593 3222 729 3274 Eccianao
748 3225 892 3289 opposita,
911 3236 985 3289 quas
1003 3223 1101 3294 iegitur

176 3294 203 3345 iu
236 3292 347 3346 Luthsri
374 3293 483 3347 libsllo:
514 3294 670 3361 Disputatio
709 3300 737 3346 st
760 3295 904 3346 excusatio
936 3294 966 3348 F.
993 3296 1100 3351 liutici

176 3362 278 3417 Luther
306 3364 439 3418 adversus
468 3366 675 3419 criminationes
703 3364 735 3419 D.
754 3364 891 3419 iohannis
910 3365 995 3419 Eccii.
1018 3367 1053 3420 11.
1070 3364 1099 3420 D.

177 3418 255 3501 XIX,
281 3435 350 3489 haec
369 3443 424 3509 est:
453 3430 778 3491 Romanam.‘eeclssmm
802 3452 864 3491 esse
888 3437 1024 3493 omnibus
1045 3439 1100 3493 aliis

177 3509 363 3575 superiorem,
391 3506 524 3576 probatur
549 3502 588 3561 'ex
614 3500 802 3577 frigidissimis
832 3506 912 3563 Rom.
940 3509 1099 3565 Pontificum
1166 3526 1169 3533 ·

177 3577 309 3643 decretis,
333 3581 406 3631 intra
424 3578 641 3649 quadringintos
671 3590 760 3633 sanos
788 3581 877 3647 natis,
905 3587 1006 3634 contra
1036 3599 1100 3652 quac

178 3657 243 3702 sunt
258 3650 390 3702 historias
409 3652 580 3719 approbatae
599 3651 675 3704 mille
695 3658 722 3703 et
742 3657 850 3703 centum
872 3666 1029 3722 annorum,
1049 3664 1101 3709 tax·

177 3727 222 3773 tas
243 3722 397 3789 scripturae
418 3722 532 3777 divinas
548 3729 575 3776 at
588 3722 729 3776 ds'crotum
739 3712 836 3776 Niccni
847 3720 959 3777 couciiii
979 3730 1099 3780 omnium

178 3794 366 3847 sacratissimi.
