2356 4200
138 246 203 327 uns
386 256 579 314 maratana
598 256 705 324 ouput,
724 254 805 312 nau.

141 428 239 491 annoti
262 428 293 488 in
316 426 376 488 lruu
396 429 459 487 vita
480 414 576 488 multa
598 425 716 506 operati
738 422 860 484 dierunt
880 418 964 483 ultra
986 418 1066 483 dant-

142 520 217 589 tau,
238 507 383 570 videnter
404 524 500 591 opera
513 507 805 591 supererogationis,
828 522 910 585 quaa
927 502 1066 565 noudum

142 600 214 655 sut
234 601 429 653 remunerata
449 591 504 653 sed
526 594 557 652 iu
580 591 755 652 thesaurum
778 588 932 650 eeclesiae
948 584 1066 662 reliots,

142 673 252 756 quibus
285 674 319 734 flt
352 695 407 756 per
433 674 638 755 indulgentias
666 673 769 752 aliqua
799 670 893 752 digna
922 686 1067 750 compen·

146 758 225 820 sudo
248 763 306 818 eto.
349 757 389 817 Et
410 759 455 818 sio
483 757 743 820 voluntsunotos
773 764 829 835 pro
857 752 950 815 nobis
982 752 1069 813 satis·

143 841 263 901 lenisse.
306 839 422 901 Contra
442 858 522 919 quae
543 854 657 919 arguo:
1109 848 1116 864 ’

227 922 341 1001 Primo,
363 940 439 1003 ergo
459 921 669 1003 indulgentiae
691 924 834 980 nonsuut
847 916 1070 997 indulgentiae,

146 1004 229 1085 quod
252 1003 367 1085 probo,
398 1006 471 1084 quia
499 1023 561 1065 nou
590 1018 661 1064 sunt
688 1002 839 1082 gratuitae
860 1000 1072 1076 remisiones,

146 1087 203 1148 sed
226 1088 345 1149 alienae
368 1087 585 1147 satisfactionis
608 1085 847 1166 applicationes,
875 1090 906 1145 et
928 1102 987 1163 per
1009 1101 1072 1142 om-

147 1170 208 1246 nia,
231 1171 310 1230 siout
332 1188 424 1248 supra
447 1179 586 1249 argutum
610 1178 667 1244 est,
690 1168 893 1248 dethesauro
912 1165 1071 1225 militantis

147 1252 314 1330 ecelesiae,
345 1251 479 1331 scilieet,
507 1252 590 1331 quod
613 1263 685 1311 tuno
707 1250 781 1310 nihil
802 1248 932 1310 ellioitur
962 1249 1073 1309 virtute

148 1333 295 1413 elusium,
318 1335 375 1394 uisi
398 1334 557 1395 translatio
581 1333 733 1413 quaedam
755 1350 900 1415 operum,
921 1328 1002 1392 nihil
1022 1349 1073 1391 au·

147 1425 209 1478 tens
231 1415 369 1494 solvitur,
392 1417 474 1496 quod
497 1426 544 1478 est
559 1426 666 1478 eontra
677 1406 803 1477 verbum
818 1412 944 1476 curten:
968 1410 1072 1491 Quod-

148 1517 206 1560 oun
232 1517 270 1557 ue
292 1498 430 1559 solveris.
627 1524 637 1529 ·

245 1587 322 1657 tem,
343 1581 427 1666 quod
449 1588 522 1643 tuno
544 1582 624 1641 idem
647 1588 703 1661 per
724 1578 827 1640 olores
847 1580 966 1660 agitur,
990 1576 1074 1659 quod

149 1662 189 1745 do
208 1661 291 1723 fanto
313 1661 356 1741 flr,
378 1665 460 1744 quia,
482 1665 508 1725 si
530 1671 602 1724 suut
623 1682 718 1759 opera
733 1662 912 1723 sanolorum
929 1662 961 1721 in
976 1652 1075 1722 euolo-

145 1744 275 1807 misto
299 1745 403 1824 modo,
426 1754 507 1808 uerte
530 1766 584 1827 per
606 1744 744 1826 sprritum
767 1753 908 1805 sanetum
928 1760 996 1805 non
1009 1760 1077 1825 per·

148 1826 308 1893 mittuntur
336 1828 437 1889 otiosa
467 1829 587 1906 iaoere,
620 1827 674 1888 sed
707 1827 745 1888 de
772 1828 854 1888 fanto
883 1832 1076 1902 su'oourrsnt,

151 1906 260 1988 qulbus
282 1916 422 1991 possunt.

192 2024 195 2029 ·
233 1990 392 2072 Seauudo,
424 1993 509 2054 nulla
535 1999 606 2053 sunt
633 2012 730 2073 opera
757 1997 935 2053 sanctorum
965 1990 1076 2053 reliott

150 2075 381 2154 irremunerata,
401 2078 474 2155 quia
496 2075 663 2136 secundum
686 2093 794 2136 omues
817 2075 899 2135 Deus
922 2074 1076 2154 praemiat

152 2156 232 2217 ultra
253 2157 451 2237 condignum,
473 2166 504 2218 et
523 2156 697 2240 Paulus*):
718 2157 788 2217 Nou
811 2164 882 2218 suut
898 2156 1076 2237 condignae

155 2239 314 2318 passiones
336 2240 425 2301 huius
448 2243 593 2321 temporis
615 2240 655 2301 ad
676 2241 807 2301 suturam
829 2240 958 2320 gloriam
984 2252 1045 2305 eto.

235 2320 348 2394 Tertio,
370 2324 471 2384 nullus
493 2333 669 2387 sanatorum
691 2324 728 2383 iu
744 2323 802 2383 lrao
815 2323 1077 2384 vitasuffioienler

154 2403 291 2483 implevit
312 2405 458 2466 mandata
480 2406 552 2484 Dei,
582 2425 656 2488 ergo
683 2404 758 2466 nihil
785 2424 910 2486 prorsus
938 2406 1077 2467 leserunt

154 2485 416 2565 superabundans.
460 2486 563 2563 Quare
591 2509 649 2550 neo
670 2489 709 2550 ad
731 2488 937 2569 indulgentias
959 2486 1076 2569 aliquid

155 2567 394 2630 distribuendum
428 2570 622 2651 reliquerunt.
679 2571 940 2650 Consequentiam
982 2571 1076 2633 oredo

154 2650 228 2711 satis
251 2652 380 2729 alaram,
408 2652 462 2712 sed
492 2656 640 2714 maiorem
662 2655 703 2714 ita
731 2654 847 2734 probo,
882 2662 914 2714 ut
945 2673 1010 2715 uon
1040 2655 1077 2714 sit

155 2730 337 2874 puhitauda,
366 2735 420 2795 sed
448 2737 491 2796 ita
524 2736 691 2813 credenda,
719 2747 752 2796 ut
773 2737 838 2797 eius
861 2739 1019 2798 contraria
1039 2739 1077 2797 sit

176 2818 319 2879 aeretioa.

117 2910 123 2919 “
237 2897 350 2977 Primo,
371 2920 427 2981 per
447 2901 520 2961 illud
541 2901 651 2962 Christi
661 2901 736 2977 **):
759 2901 836 2962 (lum
857 2902 992 2963 feceritis
1016 2921 1077 2964 om·

156 2980 224 3059 niu,
246 2998 326 3060 quae
348 2980 461 3062 sollptu
483 2993 562 3061 aunt,
587 2984 692 3044 dieite:
714 2984 794 3044 servi
815 2984 937 3045 inutiles
961 3002 1077 3046 sumus.

156 3060 216 3123 set
238 3076 344 3124 servus
365 3064 480 3125 inutilis
503 3068 593 3146 citro,
618 3085 680 3127 non
703 3067 781 3128 ultra
802 3066 914 3129 fecisse
936 3068 1077 3150 intelligi·

156 3154 214 3224 tur,
235 3146 294 3207 nisi
315 3146 394 3208 forte
414 3150 608 3227 quorundam
626 3150 897 3211 insulsissimorum
913 3148 1074 3213 homiuum

155 3229 278 3289 somnia
311 3242 493 3308 sequamur,
512 3233 577 3319 flul
609 3230 807 3312 humilitatis,
841 3250 904 3294 nou
940 3235 1077 3305 uenturis

212 3312 255 3372 tia
275 3311 353 3373 haeo
384 3312 444 3373 diei
464 3328 485 3374 'a
506 3316 568 3375 suis
591 3312 744 3377 Christum
768 3314 903 3387 soluisse
930 3317 1078 3396 garriunt,

183 3391 309 3455 hristum
332 3396 512 3458 mendacem
533 3396 697 3477 iacientes,
720 3412 759 3459 ne
780 3400 839 3479 ipsi
861 3416 924 3460 non
947 3401 1011 3461 siut
1032 3418 1080 3460 ve·

157 3494 253 3539 rsoes.

172 3568 174 3572 ’
239 3541 401 3640 Seodudo,
435 3582 491 3642 per
511 3562 584 3624 illud
606 3561 712 3624 naith.
734 3565 791 3643 25,
817 3561 901 3643 quod
923 3566 1081 3647 sapientes

167 3677 588 3696 -—-—-—,-

229 3735 259 3806 ‘)
280 3736 362 3794 Rom.
380 3739 407 3794 8.
446 3741 493 3804 ⁸⁴)
516 3741 577 3794 Luc.
601 3739 641 3794 17.
