2356 4200
354 305 388 362 aa
405 300 778 378 nauaranngssusaas
962 295 1025 375 189

108 494 168 556 que
193 476 367 538 remittendi
403 485 474 541 sunt
501 479 541 541 ad
564 475 783 562 purgatorium
802 496 871 539 cnm
896 478 1025 543 residttt)

107 560 319 640 poenitentiae
351 568 402 637 (nt
422 561 542 624 Gerson
578 565 616 648 in,
637 562 741 643 aliquo
777 562 847 623 loct
875 563 1023 642 asserit),

107 641 162 703 sed
184 644 282 724 tnagis
308 645 360 720 (ut
381 644 462 706 idem
484 645 594 708 melius
618 645 697 707 alibi
712 646 808 726 sapit)
832 644 1023 706 admortem
1112 712 1114 717 ,

106 731 284 866 {cnstanter
306 731 337 788 et
358 727 498 789 volenter
517 744 573 809 pro
597 728 754 790 voluntate
776 729 836 789 Dei
857 729 1025 808 suscipien-

126 826 186 872 am.
1011 822 1026 843 '¹

188 891 247 952 Hic
268 891 432 955 videndum
447 900 653 955 commentum
676 893 750 954 illnd
772 901 804 955 et
822 892 907 954 futile
930 891 1027 954 saviis

106 973 178 1054 inm,
201 993 261 1054 qun
283 975 367 1037 velut
386 974 539 1058 puellnlos
562 982 675 1039 terrere
696 978 789 1055 la'rvis
811 978 950 1058 cupiunt,
979 973 1025 1036 dis

106 1061 226 1117 centes:
256 1056 335 1133 Quia
356 1058 501 1120 sacerdos
523 1061 645 1143 ignorat
671 1068 844 1121 mensuram
866 1059 1027 1120 contritio·

106 1139 153 1199 uis
175 1139 374 1219 absolvendi,
404 1142 537 1223 ideoque
565 1144 643 1205 iorte
670 1161 732 1205 non
754 1143 886 1223 imponit
906 1145 1025 1203 tentent
1065 1218 1068 1226 Ι

105 1222 355 1302 satisfactionem,
368 1231 511 1306 quautam
528 1227 643 1287 iustitia
655 1225 758 1287 diviua
765 1223 904 1306 requirit,
927 1243 1021 1303 quare

106 1323 236 1366 necesse
265 1313 313 1367 est
340 1313 371 1369 et
391 1307 475 1388 huic,
496 1309 547 1369 rel
569 1310 694 1390 proprio
717 1327 826 1390 opere,
854 1308 903 1369 vel
925 1306 1024 1385 indnl7

104 1388 216 1468 gentiis
239 1386 389 1451 tabefieri.
733 1412 747 1425 ¹·
788 1392 792 1399 '

186 1469 318 1532 Primum
342 1473 428 1553 vide,
460 1480 494 1534 nt
511 1472 595 1535 nuda
616 1492 673 1533 sna
696 1473 790 1534 verba
809 1491 875 1554 pro·
891 1471 1024 1534 oraculis
1089 1474 1093 1484 ‘

103 1560 223 1632 sonent,
246 1555 312 1616 sine
334 1554 396 1616 ulla
406 1554 600 1638 probatione,
623 1575 692 1618 cnm
714 1554 1020 1636 tamenPropheta*)

103 1633 201 1696 dieat:
223 1635 293 1697 Nou
316 1638 409 1700 saciet
429 1638 512 1701 Dens
534 1639 671 1718 verbum,
693 1639 752 1700 nisi
767 1638 951 1700 revelaverit
972 1652 1024 1698 se·-

103 1722 219 1779 cretnm
249 1739 335 1780 suum
363 1720 401 1781 ad
423 1741 530 1785 servos
559 1740 632 1784 suos
660 1719 837 1803 prophetas.
887 1721 953 1781 Nec
974 1725 1022 1781 est

102 1800 258 1881 credibile,
279 1822 346 1862 cum
370 1803 453 1865 Dans
474 1811 581 1866 noster
590 1805 639 1881 sit,
661 1805 711 1885 qui
734 1804 825 1866 docet
846 1823 904 1864 nos
924 1802 1020 1882 utilia,

103 1883 180 1945 sicut
199 1885 450 1967 perProphetam
474 1888 620 1969 loquitur,
643 1906 706 1948 non
730 1888 821 1948 etiam
844 1887 924 1947 banc
945 1894 1020 1946 suaa

103 1966 236 2027 institiae
250 1970 452 2051 ¹exactionem
475 1970 587 2032 alicubi
608 1971 761 2031 revelarit.

139 2120 144 2131 ι
183 2049 303 2131 Deinde
332 2054 456 2130 nescio,
485 2074 524 2114 an
557 2055 602 2114 sic
624 2052 762 2114 diceutes
792 2051 1020 2113 Deumvelint

100 2134 270 2193 usurarium
292 2142 345 2194 ant
365 2143 567 2198 mercatorem
585 2137 698 2214 iacere,
713 2142 748 2196 ut
769 2136 819 2214 qni
842 2153 904 2195 non
917 2133 1018 2194 remit·

100 2221 145 2274 tat
165 2218 270 2296 gratis,
291 2218 349 2277 uisi
372 2220 399 2278 ei
422 2219 506 2279 velut
525 2220 654 2299 pretium
677 2219 820 2280 reddatur
839 2217 1017 2278 satisfactio.

98 2295 146 2356 Au
182 2299 260 2359 forte
296 2301 420 2377 volunt,
457 2310 489 2362 ιιι
524 2321 591 2363 oum
622 2303 735 2362 iustitia
762 2302 820 2361 Dei
850 2307 1016 2361 tractemus

97 2378 138 2521 lde
160 2383 272 2441 nostris
310 2385 461 2462 peccatis,
497 2404 599 2445 coram
629 2403 690 2463 qun
711 2385 811 2444 nullus
838 2381 1018 2443 iustificetur

120 2481 203 2525 omo.
568 2490 572 2498 ·
832 2487 833 2491 ¹

179 2545 300 2625 Tertio,
332 2549 356 2608 si
379 2547 410 2608 id
431 2550 474 2610 ita
495 2558 557 2626 est,
587 2568 641 2609 aur
667 2568 742 2631 ergo
770 2568 853 2631 papa
878 2547 1016 2629 plenarie

99 2626 241 2705 absolvit,
264 2650 330 2691 curn
354 2651 452 2711 aeque
474 2634 597 2714 ignoret
617 2652 791 2694 mensuram
812 2631 1017 2707 contritionis,

98 2728 157 2770 nea
186 2712 253 2792 ipse
290 2721 394 2794 potest
422 2717 566 2797 supplere
593 2717 784 2789 contritionis
810 2713 1015 2795 imperfactio-

97 2793 189 2853 nam?
227 2796 364 2876 perfecta
390 2805 490 2858 autem
526 2801 590 2859 eins
620 2798 815 2860 absolutione
840 2817 902 2859 non
934 2800 1015 2876 eget,

97 2893 155 2935 nec
176 2876 270 2939 habat
289 2878 413 2940 alterius
443 2883 564 2962 generis
592 2887 799 2961 potestatem,
822 2899 913 2960 quam
935 2879 1014 2938 alius

97 2959 252 3038 sacerdos,
275 2961 330 3022 sed
354 2963 478 3024 alterius
492 2965 681 3042 quantitatis,
702 2965 774 3044 quia
788 2965 855 3043 ipse
877 2962 1013 3023 omnium

97 3048 233 3119 peccata,
253 3043 305 3104 alii
327 3045 431 3125 aliqua
441 3048 607 3121 remittunt,
630 3052 818 3126 etquantam
832 3044 1012 3105 satisfactio·

96 3141 166 3183 nem
187 3125 231 3185 illi
253 3126 479 3208 in·aliquibus,
507 3136 623 3190 tantam
655 3130 774 3210 ipsein
797 3127 939 3189 omuibus
960 3145 1019 3207 po,

69 3285 71 3290 Ι
96 3212 157 3266 test
176 3209 341 3288 remittere,
363 3228 421 3271 nec
442 3211 580 3292 amplius.
625 3211 749 3291 Alioqui
776 3217 944 3272 monstrum
967 3226 1013 3269 es-
1123 3235 1126 3240 ·

98 3295 147 3349 set
167 3290 299 3352 ecclesia
320 3311 358 3352 ex
381 3293 493 3354 diversi
514 3296 638 3375 generis
659 3301 815 3374 potestate
836 3293 1012 3353 constituta.

177 3372 309 3451 Quarto,
339 3380 371 3434 et
391 3377 523 3438 ecclesia
545 3378 698 3459 primitiva
718 3375 880 3458 ignorabat
901 3375 1013 3437 οοιιιιίτ
1053 3415 1059 3424 -

92 3454 184 3515 tionis
205 3475 378 3517 mensuram
400 3466 431 3519 et
459 3460 580 3540 pondus
599 3462 770 3541 spirituum,
792 3458 887 3519 nihilo
907 3459 1012 3518 maren

92 3538 192 3598 minus
226 3538 402 3600 remittebat
427 3542 565 3614 plenarie
592 3553 722 3624 paccata
749 3550 822 3624 post
853 3548 1011 3622 peractam

163 3783 194 3853 ·)
215 3783 304 3839 Amos
324 3787 348 3842 3.
