2356 4200
167 273 230 342 168
432 273 841 365 uolutorssxbisputiuth'.

167 445 249 527 iege,
268 443 447 524 iuribusqua
466 445 525 507 tori
545 445 699 506 inferioris
720 445 860 527 episoopi
871 447 933 505 aut*
945 437 1086 523 praelati,

168 534 332 611 postquam
353 533 483 589 voostns
506 534 554 588 est
575 547 631 590 suo
652 529 721 608 loro
743 528 840 589 sisti?-
863 533 904 588 an
924 526 993 605 ipss
1013 521 1046 584 id
1059 541 1088 582 =a

80 662 83 675 ,
168 612 230 672 suis
252 609 446 671 inferioribus
466 611 600 691 requirit,
623 611 706 690 quod
727 611 794 691 ipse
814 611 910 672 homo
939 626 995 668 suo
1017 605 1085 666 Deo

169 694 318 775 superiori
340 712 404 752 non
427 693 619 772 permittitt-
642 693 765 754 Glaudit
784 713 859 776 ergo
882 709 1005 753 manum
1028 688 1087 749 Dei

168 777 274 852 homo,
297 783 328 836 et
348 776 442 837 homo
464 796 525 836 non
548 783 653 857 potest
669 776 812 838 claudere
823 773 964 838 homini?
986 771 1087 834 Absit.

168 859 210 921 m
220 865 304 921 aerte
312 860 337 919 si
351 859 499 920 morituro
508 860 797 939 imponit-conones,
812 859 926 920 olorum
936 861 993 930 est,
1002 853 1087 934 quod

168 961 237 1004 sum
260 941 428 1003 seeundum
450 948 536 1004 suum
549 942 648 1002 forum
660 941 816 1004 iudioat‘et
833 941 929 1022 punit.
957 938 1045 998 Haeo
1053 935 1085 1011 Ι)

167 1033 239 1087 sunt
259 1026 363 1109 itaque
384 1024 480 1085 ferme
500 1025 608 1106 viginti
629 1026 780 1096 rationes,
810 1043 889 1105 quae
910 1041 960 1083 me
981 1037 1088 1081 movs-

167 1114 239 1170 runt
270 1107 323 1190 (ut
345 1109 453 1187 sporo)
486 1125 549 1168 non
573 1112 700 1168 ‘temere
726 1107 865 1169 dubitare
893 1105 940 1166 do
957 1103 1089 1179 materia

166 1190 228 1252 illa'
242 1192 459 1252 ounoniourum
480 1208 660 1270 poenarum,
683 1209 751 1250 oum
773 1192 804 1251 in
822 1189 1088 1267 eontrarium-par·

166 1280 229 1336 tom
251 1272 336 1332 nulla
357 1272 397 1332 sit
417 1273 579 1348 autoritas,
600 1290 659 1333 neo
680 1287 800 1352 oanan,
822 1291 881 1345 neo
902 1271 999 1350 ratio,
1027 1284 1089 1329 neo

167 1355 348 1418 universalis
370 1373 445 1414 usus
473 1355 643 1435 eeclesiae,
679 1355 734 1439 sed
754 1356 868 1417 abusus
894 1351 1086 1434 quorundam

167 1436 391 1499 tantummodo.
411 1508 414 1513 ¹
681 1445 684 1450 '

458 1601 710 1685 Conclusio
738 1604 848 1696 XI„-

250 1748 375 1809 Ziuania
408 1746 463 1808 illa
490 1745 530 1808 do
566 1747 713 1808 mutanda
738 1766 841 1830 poena
874 1748 1026 1810 oenomaus
1053 1747 1087 1806 in

169 1848 301 1926 poenam
309 1830 480 1926 purgatorii
492 1829 634 1890 videntur
645 1837 727 1892 oerte
740 1831 960 1894 dormientibus
967 1831 1086 1911 episoo·

170 1932 218 1993 pm
240 1920 424 2076 sfirr'ldmrttgad,
457 1958 558 2056 nullus
580 1997 736 2057 existimat
764 2017 814 2057 ms
834 1999 1017 2058 oalumuiam
1047 1999 1086 2061 R.

169 2079 324 2159 episeopis
355 2084 494 2153 struere,
521 2079 624 2157 quod.
646 2079 774 2141 dixerim
817 2099 872 2141 eos
893 2080 1087 2144 dormivisse.

161 2160 343 2242 Evangelii,
365 2180 428 2221 non
450 2179 520 2220 mea
543 2169 614 2222 sunt
633 2162 742 2238 verba,
774 2163 832 2234 nisi
853 2163 936 2243 quod
958 2163 999 2225 ibi
1021 2164 1086 2226 nou

168 2245 292 2323 ponitur
314 2263 426 2304 nomeu
448 2243 673 2324 episcoporum,
696 2245 750 2309 sed
772 2246 928 2307 hominum
943 2244 988 2322 ἢ.
1012 2246 1084 2308 Ger·

167 2335 230 2387 tum
253 2332 301 2387 ast
323 2333 435 2404 tomen,
458 2325 541 2404 quod
560 2346 617 2407 per
637 2327 777 2388 homines
790 2328 934 2409 intelligit
950 2330 1087 2392 maiores

166 2415 342 2470 atreotores
352 2408 513 2486 ecelesiae,
531 2410 588 2469 nisi
600 2429 656 2490 per
673 2411 879 2492 tropologiam
896 2412 1086 2477 uniuscuius-

168 2509 230 2571 que
251 2492 389 2571 spiritum
412 2502 443 2552 et
464 2499 597 2567 mantem
625 2512 717 2572 super
750 2512 864 2575 oorpus
890 2513 976 2553 suurn
998 2512 1086 2556 auos·

166 2575 257 2655 peris.
299 2573 394 2654 igitur
413 2572 576 2654 pontifices
609 2576 759 2637 eeclesias
788 2578 848 2638 ista
876 2575 998 2657 quidam
1021 2597 1085 2641 non

167 2656 295 2733 donent,
318 2658 389 2736 qrria
413 2663 464 2729 (ut
485 2656 566 2737 dixi)
590 2658 692 2718 nullus
714 2678 832 2738 canon,
853 2660 969 2720 nullum
993 2667 1087 2722 statu·

166 2746 229 2800 tum
253 2758 292 2799 ex
313 2739 542 2814 illishabemus,
564 2739 646 2800 unde
667 2740 697 2800 id
720 2744 819 2820 possit
837 2741 951 2803 dooeri.
961 2742 1087 2805 Frustra

164 2824 268 2902 itaque
302 2821 444 2885 laborant
466 2822 589 2901 quidam
614 2825 811 2901 canonistas,
847 2825 920 2885 dum
947 2826 1087 2887 nituntur

166 2904 350 2980 ostendere,
385 2906 493 2983 quales
517 2906 579 2964 sint
600 2905 643 2965 illi
666 2908 747 2984 unni,
769 2906 845 2985 dies,
868 2907 1086 2989 quadragenas

164 2989 195 3047 in
215 2989 405 3071 purgatorio,
427 3007 494 3048 oum
518 3006 591 3048 vere
609 2989 683 3048 nulli
697 2990 783 3061 sint,
806 2997 859 3050 ant
881 2991 991 3051 saltem
1015 3010 1085 3053 essa

164 3089 226 3132 non
248 3070 411 3150 probetur,
440 3070 496 3132 sed
518 3089 603 3131 error
623 3071 696 3132 inde
718 3073 821 3150 venit,
844 3072 927 3152 quod
949 3092 1013 3134 non
1033 3073 1085 3135 ad·

164 3160 295 3228 vertunt,
317 3171 454 3214 canones
476 3171 544 3214 esse
567 3155 597 3213 in
613 3161 753 3234 tempore
774 3155 863 3215 huius
885 3156 969 3216 vitae
989 3163 1085 3218 statu·

163 3243 229 3309 tos,
262 3243 294 3296 et
314 3253 406 3316 super
428 3243 539 3297 terram
562 3236 703 3316 ligantes,
726 3237 804 3297 siout
825 3238 877 3317 qui
900 3244 999 3300 mutat
1020 3258 1084 3299 mn·

162 3319 323 3398 nioipium,
358 3320 475 3378 ‹st-iura
496 3337 620 3397 quoque
641 3318 836 3399 municipalia
856 3320 967 3395 simul,
1000 3320 1083 3400 quud

163 3400 272 3480 siquid
289 3400 390 3477 debet,
412 3403 495 3481 prius
509 3403 630 3481 cogitur
646 3402 835 3480 satisfacere,
848 3421 939 3481 quam
954 3411 1083 3465 mutare.

109 3540 112 3545 .
162 3483 257 3565 Igitur
278 3483 431 3546 morituris
448 3503 575 3563 prorsus
597 3484 671 3544 nihil
695 3491 742 3545 est
763 3485 1003 3565 imponendum,
1031 3505 1083 3548 ue·

216 3706 246 3841 t
368 3705 430 3831 r·
