2356 4200
92 352 97 359 Ι
133 246 196 333 354
449 270 575 339 Ilpletolu
593 244 692 326 beonia
708 264 742 323 II.

135 456 194 516 erit
214 454 286 516 fldei
310 454 483 517 catholicae
504 462 624 537 gratum
647 461 679 516 et
691 456 826 517 salutare
847 474 972 536 munus,
995 461 1063 518 tuac

133 537 286 619 nobilitati
310 538 350 600 ob
372 538 496 618 pietatis
519 546 550 599 et
569 538 736 680 reliffiionis'
752 539 868 600 cultum
902 540 935 599 in
959 540 1062 621 primis

133 620 348 685 honorificum.
392 619 550 701 Siquidem
573 621 614 682 ad
657 639 785 682 onorem
808 621 1014 684 nom'Inis'tui
1035 629 1063 684 ot

135 705 257 765 anImae
279 705 409 765 salutem
430 704 462 764 in
485 705 588 784 primis
609 704 755 784 pertinet,
791 724 832 765 ne
861 722 1014 785 praeseus
1034 711 1063 766 et

133 787 265 848 futurum
289 787 425 848 seculum
448 786 512 847 ullo
536 794 674 866 tempore
687 805 932 848 commemorare
956 788 1062 868 posdt

134 869 275 931 haeresin
298 869 588 949 perniciosissimam
603 871 633 928 in
650 869 857 950 ccclesiallei,
880 871 992 932 favore
1004 870 1063 931 Do-

135 971 202 1012 mus
224 960 296 1013 tuce
317 951 551 1033 nobilissImoe,¹
565 952 659 1012 fuisse
682 952 833 1032 exortam,
857 954 908 1014 cui
930 958 964 1014 te
987 952 1062 1039 peri-

137 1034 205 1096 culo
230 1054 390 1096 occurrere
411 1041 463 1095 tna
486 1036 642 1116 sapienfia¹
659 1034 758 1096 decet.
825 1060 829 1069 ·

218 1117 308 1194 Quod
331 1119 357 1178 si
377 1117 456 1177 forte
478 1116 593 1197 aliquid
608 1118 662 1177 tibi
686 1116 725 1178 de
747 1134 785 1178 eo
806 1119 838 1177 iu
861 1117 983 1178 bonam
995 1129 1062 1200 put·

134 1202 196 1260 tem
217 1220 396 1280 persuasum
420 1206 467 1260 est
489 1220 522 1260 re
543 1199 624 1281 apud
641 1197 751 1261 Sedem
775 1200 993 1282 apostolicam.
1007 1201 1062 1262 dis-

137 1276 236 1370 cussa,
260 1291 291 1344 ct
311 1285 440 1343 veritate
461 1283 619 1363 indagata,
641 1274 694 1343 aul
713 1285 752 1360 Is,
773 1284 799 1343 si
821 1284 878 1344 crib
899 1284 1061 1363 innocens,

128 1363 204 1426 cum
239 1366 322 1427 bona
343 1372 450 1426 nostra
477 1366 576 1446 gratia
596 1367 785 1444 remittetur,
824 1370 878 1426 aut
899 1367 925 1427 si
948 1384 1062 1448 prmo

135 1450 245 1508 mentis
272 1449 414 1508 inventus
449 1446 559 1526 fuerit,
595 1466 681 1508 mens
714 1455 767 1508 tua
788 1448 827 1509 ab
849 1450 938 1510 omni
956 1460 1062 1511 errore

134 1529 321 1592 liberabitur.
364 1530 429 1590 Nos
453 1537 484 1590 et
504 1538 634 1611 paterno
658 1528 780 1608 affectu,
802 1537 833 1590 et
854 1549 896 1590 ex
911 1530 1062 1611 pastorali

134 1610 255 1693 officio,
281 1631 383 1692 neque
403 1613 599 1674 innocentiae
625 1631 759 1693 poenam
793 1613 888 1675 ullam
915 1614 1062 1695 proponi-

132 1714 200 1755 mus
223 1702 254 1756 et
274 1697 484 1776 poenitentiae
495 1695 679 1756 clementiae
698 1702 824 1757 nostroe
837 1697 993 1778 gremium
1008 1697 1063 1758 lan

132 1778 212 1863 giter
232 1780 414 1859 aperiemus.

216 1861 328 1921 Datum
361 1861 481 1921 Romae
511 1861 593 1941 apud
615 1860 646 1921 S.
676 1861 819 1937 Petrum,
855 1860 913 1921 sub
947 1861 1061 1922 annulo

132 1942 308 2020 Piscatoris,
330 1943 380 2004 die
402 1943 510 2006 XXIII.
529 1944 671 2025 AugustI,
694 1963 775 2004 anno
791 1927 965 2041 unllvlu,
987 1962 1062 2025 pou·

34 2062 36 2067 <
131 2022 266 2087 <unctus
287 2028 384 2087 no'stri
408 2045 490 2086 aluno
514 2032 614 2086 sexto.

684 2107 819 2171 Iacobus
841 2107 1023 2172 Sadoletus.

440 2361 523 2456 Leo
552 2361 675 2479 Papa
703 2359 754 2454 X.

132 2560 286 2621 Dilecto
319 2560 470 2621 Nostro
504 2560 610 2620 Fili0
642 2559 834 2635 Thomas,
873 2557 999 2621 Tituli
1030 2558 1059 2623 8.

132 2642 230 2705 sixti
254 2642 486 2722 Presbytero
511 2642 724 2703 Oardinali
746 2648 890 2722 nostro,
913 2650 952 2703 et
974 2658 1065 2724 apo*

243 2726 415 2786 stolicae
437 2725 546 2786 Sedis
569 2725 615 2786 dc
636 2725 772 2787 latere
793 2723 957 2804 Legata

214 2889 338 2953 Dilectc
359 2890 402 2950 iili
423 2896 546 2969 noster,
569 2891 705 2954 Salutem
729 2896 760 2951 et
781 2889 988 2969 apostolicam
1010 2889 1057 2953 be·

133 2971 348 3036 nedictionem.
370 2974 539 3051 Postquam
560 2973 600 3033 ad
620 2993 709 3034 aures
721 2979 843 3033 nostras
865 2980 1057 3052 pervenerat,

132 3054 287 3136 quendam
308 3056 470 3116 Martinum
493 3056 626 3134 Luthcr,
654 3055 775 3116 Ordinis
797 3054 1005 3116 Eremitarum
1027 3055 1055 3119 Β.

130 3138 294 3218 Augustini
315 3138 541 3217 Professorem,
578 3141 610 3198 in
643 3137 806 3219 reprobum
834 3157 962 3201 sensum
994 3157 1056 3201 ver·

130 3239 207 3299 sum,
229 3219 379 3282 nonnulla
399 3220 563 3300 haeretice,
586 3229 617 3285 et
637 3222 676 3282 ab
699 3240 748 3295 eo,
772 3219 856 3299 quod
878 3227 989 3282 sancta
998 3220 1056 3283 Ro·

130 3321 221 3377 mans
245 3311 329 3364 tenet
350 3303 503 3382 ecclesia,
534 3304 656 3365 diversa
678 3322 878 3380 asseverare,
912 3310 946 3365 et
967 3322 1055 3385 super

128 3383 189 3446 hoc
211 3386 439 3465 conclusiones,
462 3406 520 3446 nec
543 3405 607 3449 non
629 3387 766 3448 famosos
788 3385 913 3447 libellos
936 3387 1053 3448 temeri·

128 3474 191 3528 tate
213 3470 360 3547 propria,
396 3476 427 3529 et
448 3477 550 3529 erecta
572 3471 701 3547 cervice,
723 3468 835 3531 laxatis
858 3467 1053 3531 obedIenIIae

127 3549 233 3626 frenis,
253 3552 428 3613 inconsulta
437 3552 581 3612 Romana
601 3552 742 3633 ecclesia,
764 3550 874 3625 fideii)
900 3554 1052 3632 magistra,

127 3635 156 3692 In
201 3633 329 3694 diversis
362 3634 546 3697 Germaniae
576 3636 713 3715 partibus
750 3633 910 3716 pubIIocrc
949 3653 1051 3696 ausum

173 3828 211 3897 r)
231 3824 264 3884 n
285 3823 329 3903 su.
351 3824 440 3898 cuge.
458 3820 523 3879 aas.
596 3805 599 3813 '
