2356 4200
293 289 464 361 aplaces.
485 294 513 348 s.
528 292 701 379 saonam.
723 294 887 368 Portica·
989 292 1054 387 382,

127 461 207 521 dum·
221 461 303 543 quod
325 463 434 527 Petrus
455 466 644 547 respondet,
682 485 789 527 omnes
814 475 844 528 et
872 456 1051 553 siuguli're

126 543 292 626 spondent.
336 545 432 610 Unde
467 555 499 610 et
528 548 589 610 alio
620 548 691 610 loco
717 550 750 611 in
777 550 886 631 plurali
921 546 1050 614 eandem

127 629 311 689 sententiam
346 629 433 693 dicit:
482 630 695 711 Quodcunque
723 632 891 714 ligaveritis
921 640 978 696 etc.
1021 645 1052 703 et

127 709 210 791 quod
246 712 298 773 uni
327 712 457 792 dicitur,
495 715 635 775 omnibus
665 714 782 777 dicitur.
818 716 959 798 Denique
987 737 1049 789 non

124 797 256 877 primum
287 815 380 877 super
399 797 522 858 Petrum
545 796 703 859 descendit
725 798 846 879 spiritus
875 800 1051 877 sanctus'in

125 879 176 940 die
197 878 420 960 Pentecostes,
455 898 514 941 nec
534 881 566 941 in
594 881 682 943 terris
711 881 840 962 primum
875 884 986 964 legitur
1006 883 1049 945 in·

126 961 269 1024 sufflasse
297 963 328 1022 in
349 963 495 1042 Petrum,
530 962 612 1044 quod
635 972 738 1025 tamen
759 965 893 1046 siquam
917 967 1050 1028 maxime

105 1047 239 1107 ¹iactum
263 1044 388 1125 fuisset,
410 1065 472 1108 non
497 1045 568 1107 ideo
590 1047 697 1109 Petrus
719 1047 886 1111 monarcha
907 1058 980 1130 prae
1002 1069 1049 1114 ce:

124 1130 198 1190 teris
219 1127 327 1190 fuisset
348 1129 508 1210 apostolis.
966 1202 968 1208 Α

210 1210 308 1292 Igitur
331 1231 431 1274 canon
454 1212 508 1273 ille
531 1213 571 1272 sit
592 1231 692 1293 verus,
715 1213 862 1293 admitto,
896 1214 950 1277 sed
977 1214 1049 1279 abu·

125 1295 213 1377 sive,
254 1314 324 1356 mea
352 1295 534 1376 evangelico
566 1302 596 1355 et
628 1297 753 1378 proprio
776 1315 868 1359 seusu
890 1298 1048 1361 conclusio

125 1396 200 1440 vera
221 1385 277 1438 est.
315 1376 405 1453 Quod
427 1378 453 1438 si
476 1378 654 1439 monarchia
671 1386 777 1461 papae,
793 1379 916 1460 probari
936 1386 1049 1462 potesl¹

124 1461 229 1541 potius
252 1480 292 1521 ex
312 1460 366 1522 illo
390 1460 524 1541 apostoli
546 1459 656 1524 Roma.
680 1464 727 1526 13.
750 1461 942 1543 probabitur:
978 1462 1047 1526 Om-

124 1544 174 1605 nia
194 1549 333 1624 potestas
356 1563 375 1605 a
395 1544 462 1605 Deo
485 1548 542 1621 est,
564 1548 596 1604 et
618 1562 859 1625 quaecunquea
877 1546 945 1624 Deo
968 1552 1049 1625 aunt,

125 1625 269 1689 ordinata
289 1634 369 1691 sunt.
398 1626 514 1704 Huius,
538 1626 681 1704 inquam,
704 1628 815 1689 virtute
841 1629 982 1710 (proprie
1003 1628 1069 1707 lo·‚.

125 1709 267 1793 quando)
293 1709 471 1772 subiioimur
492 1708 558 1770 sedi
580 1709 751 1790 Romanae,
775 1710 876 1773 donea
898 1712 964 1775 Deo
984 1711 1047 1794 pia'

125 1793 233 1874 cuerit,
256 1795 307 1874 qui
330 1793 424 1870 solus,
447 1811 507 1855 nou
522 1793 613 1852 etiam
625 1792 784 1861 Romanus
797 1795 938 1874 pontifex
952 1796 1047 1869 trans·>
1143 1829 1144 1832 =

123 1877 185 1937 lert
204 1895 301 1958 regna
322 1883 415 1957 atque
437 1876 604 1937 constituit.
983 1874 987 1882 '
1043 1874 1047 1885 '

208 1958 295 2021 Talia
317 1961 422 2039 multa,
444 1960 485 2021 mi
506 1959 616 2036 lector,
636 1959 667 2019 in
690 1960 793 2019 sacrm
811 1958 942 2021 decretis
963 1958 1045 2023 inve·

124 2043 213 2123 aies,
236 2048 268 2104 et
288 2042 350 2103 alia
371 2041 540 2122 quaedam,
564 2059 643 2121 quae
671 2042 697 2102 si
715 2061 824 2103 nasum
847 2061 980 2122 sponsae
1001 2062 1047 2104 re·

124 2116 298 2207 spectorem
321 2126 476 2202 Damasci,
499 2125 530 2186 id
554 2129 610 2200 est,
633 2124 733 2185 carnis
756 2131 787 2186 et
803 2125 972 2206 sanguinis,
994 2123 1045 2187 ad·

124 2207 243 2283 hibeas‚
267 2210 390 2290 saepius
414 2208 512 2271 odore
535 2206 710 2273 offenderis.

204 2290 260 2371 ¹Sia
296 2310 379 2353 nuuc
405 2292 444 2354 de
472 2290 704 2373 Extravaganto
732 2288 786 2352 illa
815 2290 906 2370 dico,
940 2290 1047 2370 merita

125 2373 239 2436 Christi
261 2394 324 2435 non
340 2381 411 2437 sunt
432 2374 592 2438 thesaurus
604 2373 873 2454 indulgentiarum,
897 2373 969 2454 quia
979 2372 1046 2434 sine

125 2454 209 2540 papa
231 2464 397 2538 operantur
419 2457 559 2540 gratiam.
592 2455 678 2521 Haec
710 2457 882 2538 propositio
915 2475 1045 2538 anauga

124 2541 187 2602 lica
208 2547 277 2615 est,
310 2540 361 2603 ubi
389 2540 530 2603 scribitur
550 2541 581 2600 in
604 2540 706 2600 multis
730 2540 822 2617 locis,
847 2539 957 2601 Christi
979 2546 1049 2610 san·-

125 2622 219 2705 guine
242 2629 273 2685 et
295 2623 550 2686 obedientiarios
571 2623 669 2685 factos
692 2623 918 2685 etconstitutos
939 2623 1046 2695 iustos,

124 2708 304 2787 praesertim
326 2707 416 2769 Rom.
440 2711 473 2773 5:
504 2707 562 2767 Per
584 2707 687 2786 unius,
709 2707 817 2786 iuquit,
839 2703 1045 2775 obedientiam

129 2787 240 2866 (credo
273 2789 354 2851 hanc
390 2809 458 2853 esse
494 2790 602 2851 merita
624 2785 754 2872 Christi)
788 2788 859 2850 iusti
888 2787 1045 2850 constituti

125 2879 198 2933 sunt
230 2873 337 2952 multi,
368 2893 425 2954 per
455 2873 661 2954 indulgentias
683 2879 785 2933 autem
807 2891 899 2933 nemo
921 2876 1045 2932 sanctus

126 2954 281 3035 efficitur,
304 2956 386 3035 quod
409 2955 447 3017 de
470 2955 585 3016 meritis
607 2954 717 3016 Christi
740 2953 883 3023 affirmari
906 2960 953 3015 est
974 2972 1046 3023 con·
1085 3011 1101 3041 ,Ι

118 3046 175 3108 ,tra
195 3044 258 3100 tam
281 3045 402 3119 apertas
425 3038 600 3119 scripturas.

209 3123 310 3203 lgitur,
332 3143 372 3187 an
388 3123 427 3184 sit
448 3122 508 3185 ista
521 3120 693 3201 propositio
716 3125 823 3182 contra
840 3119 1053 3196 velldxtravas

126 3211 251 3285 gantem
276 3205 325 3267 vel
346 3205 605 3287 Intravagantem,
628 3222 691 3265 uon
713 3221 797 3280 curo,
819 3203 905 3283 prior
927 3207 975 3265 est
995 3220 1046 3264 ve·
1116 3244 1119 3251 ·

125 3287 200 3348 ritas
224 3288 410 3368 scripturae,
432 3296 463 3350 et
483 3292 555 3369 post
577 3286 652 3365 boc,
674 3286 700 3346 si
721 3285 854 3355 hominis
867 3285 1046 3347 verbavera

127 3389 197 3431 esse
215 3376 358 3451 possunt,
379 3371 553 3434 videndum.
582 3369 661 3430 Nam
684 3388 743 3450 ego
766 3373 848 3429 certa
869 3387 932 3430 non
955 3365 1045 3445 aude
1106 3375 1108 3378 ’

125 3472 190 3514 rem
213 3472 348 3533 unquam
368 3474 524 3529 asserere,
548 3451 632 3534 quod
650 3471 706 3533 per
725 3449 932 3533 indulgentias
955 3449 1047 3519 amici

128 3536 185 3598 Dei
207 3534 291 3614 daut,
314 3537 392 3599 sicut
413 3556 561 3619 expresse
582 3535 656 3596 dicit
675 3534 908 3615 Extravagans,
930 3531 1045 3615 duceps

127 3618 254 3681 verbum
277 3621 434 3701 sapientis,
456 3620 496 3682 de
517 3617 753 3702 participatione
764 3619 909 3679 aeternae
926 3617 1047 3698 sapien-

128 3703 190 3763 tiae
223 3703 374 3782 dicentia,
408 3703 447 3764 ad
480 3701 746 3784 participationem
777 3698 1046 3782 indulgentiarum.

128 3785 266 3846 Fuerunt
291 3787 370 3848 istae
401 3788 569 3867 scripturae
599 3803 692 3846 verae
719 3791 794 3847 anta
824 3788 944 3869 tempus
964 3783 1045 3867 ¹‚illius
