2356 4200
146 263 208 330 146
394 264 590 320 Resolutiones
608 263 716 335 Diapnt
736 263 814 322 Lntb

144 435 232 497 nibus
243 436 496 517 ,eleemosynie,
520 437 650 517 aliisque
672 435 827 497 laboribus
850 441 882 496 ct
902 434 1074 515 disciplinis

144 482 309 600 impositae
329 527 417 597 sunt,
451 521 531 580 aliae
555 520 594 580 ad
615 521 826 600 septennium,
860 518 940 580 aliae
962 520 1074 597 minue,

145 599 227 663 aliae
249 603 329 683 plus.
372 602 450 662 Ει
443 624 474 662 ιιι
502 604 562 663 ista
589 622 692 684 poena
714 600 943 682 comprehendo
968 604 1074 681 etiam,

146 705 239 781 quam
263 686 366 746 arbit
331 692 389 748 trio
412 706 468 746 suo
492 686 781 766 imponiteacerdos
797 687 956 746 ecclesiae.
984 685 1076 745 Nunc

144 768 253 847 itaque
276 768 411 848 vide,et
399 769 510 830 tdoce
534 789 593 848 me,
615 771 666 848 qui
688 776 788 849 potes.
833 768 914 844 Qua
912 788 971 828 uor
992 769 1075 847 prio-

145 870 196 912 res
221 871 286 911 non
309 859 414 931 potest
434 854 599 931 remittere,
624 871 714 931 quam
737 853 828 913 aliam
850 853 991 930 remittit,
1015 853 1075 911 niei

147 936 331 996 canonicam
356 944 388 995 et
410 935 623 997 arbitrariam?

227 1019 339 1078 lterum
360 1019 539 1078 hicLeonte
510 1018 584 1096 t*)
609 1018 663 1078 illa
678 1018 752 1077 mihi
768 1019 926 1113 oggannit
948 1018 1074 1096 remitti,

146 1120 226 1180 quae
254 1123 273 1162 a
294 1103 411 1162 iustitia
439 1101 543 1162 divina
570 1103 718 1181 exigitur,
751 1103 841 1161 vel
834 1122 864 1160 m
892 1102 1074 1197 purgatorio

146 1191 193 1244 est
218 1184 342 1246 luenda.
393 1185 448 1244 Oui
483 1195 513 1245 et
548 1205 607 1265 ego
639 1184 831 1263 respondeo,
858 1185 1073 1263 impiissimum

146 1287 216 1328 esse
237 1287 291 1327 sen
294 1269 359 1341 tire,
383 1268 466 1346 quod
487 1287 571 1348 papa
592 1267 705 1328 habeat
726 1275 863 1347 potestat
864 1286 912 1330 em
935 1275 1000 1326 mut
988 1267 1075 1327 tandi

145 1352 193 1410 ius
215 1349 362 1426 divinum,
385 1359 416 1410 et
435 1351 467 1410 id
491 1352 639 1428 relaxare,
660 1349 744 1429 quod
766 1351 880 1411 iustitia
903 1349 1037 1410 divina
1029 1371 1074 1410 rn-

147 1432 234 1493 flixit.
277 1434 346 1493 Non
370 1436 451 1494 enim
475 1434 562 1494 dicit:
602 1433 816 1512 Quodcunque
838 1453 897 1513 ego
920 1433 1073 1513 ligavero,

147 1524 180 1577 tn
201 1516 322 1593 solves,
346 1517 401 1576 sed
424 1517 506 1596 quod
529 1524 561 1577 tu
583 1519 702 1585 solves,
732 1517 865 1577 solutum
891 1518 957 1577 erit.
1001 1517 1074 1577 Non

146 1604 248 1664 autem
271 1601 376 1660 omnia
397 1600 493 1680 ligata
514 1600 628 1678 solves,
651 1598 705 1660 sed
723 1607 784 1660 ate
802 1600 897 1679 ligata
913 1599 1074 1677 duntaxat,

147 1701 211 1742 nan
232 1701 251 1741 a
272 1701 321 1742 mc
343 1682 448 1762 ligata.
490 1683 538 1743 llli
560 1703 633 1742 vero
657 1685 702 1742 sic
734 1682 924 1763 intelligunt:
969 1681 1074 1757 Quod-

147 1784 268 1861 cunque
289 1766 418 1826 solveris
441 1767 506 1826 sive
527 1768 559 1826 in
573 1767 675 1844 coelo,
698 1767 765 1825 sive
780 1767 914 1844 interra,
937 1766 1073 1826 solutum

148 1849 220 1926 erit,
244 1867 313 1907 cum
336 1849 502 1909 Christus
495 1869 526 1908 m
550 1857 630 1909 terra
652 1849 818 1926 addiderit,
850 1849 956 1908 dedita
976 1868 1075 1929 opera

146 1893 334 2027 restringens
359 1932 477 1992 clavem
501 1932 575 1991 adt
564 1942 738 2008 tuerram,
707 1932 840 1992 futurum
854 1933 965 2011 sciens,
989 1930 1075 2011 quod

148 2014 284 2094 perforat
285 2015 331 2074 uri
356 2015 491 2094 alioquin
515 2022 619 2075 essent
641 2034 748 2075 ornnes
772 2014 888 2076 coeloe

233 2096 329 2159 Sexta
343 2106 399 2172 est,
422 2117 512 2177 quam
535 2098 608 2159 volo
631 2097 757 2178 lingere,
781 2097 881 2158 donec
903 2097 992 2158 aliter
1009 2117 1076 2158 eru-

149 2179 234 2256 diar,
267 2200 357 2259 qnam
387 2181 430 2241 illi
454 2181 558 2241 dicunt
579 2182 747 2241 secundum
769 2183 914 2241 iustitiam
938 2180 1075 2241 divinam

151 2265 274 2342 requiri,
292 2271 334 2323 mt
355 2264 484 2325 satisfiat
502 2266 636 2324 iustitiae
652 2263 853 2346 divinae**).
875 2265 1075 2325 Haecautem

151 2347 177 2405 si
198 2354 246 2406 est
267 2347 328 2406 alia
350 2367 369 2406 a
393 2349 481 2407 tertia
503 2355 535 2407 et
548 2349 654 2426 quinta
678 2345 775 2430 (sicut
789 2354 922 2427 oportet,
945 2347 1077 2407 sidebet

94 2487 101 2494 ,
151 2437 239 2489 sexta
261 2437 364 2508 esse),
399 2451 462 2491 non
488 2438 593 2510 potest
620 2431 670 2490 vel
699 2432 876 2510 imaginari,
909 2432 968 2489 nisi
992 2429 1076 2509 quod
1111 2505 1114 2512 Ι

151 2511 202 2572 ubi
223 2514 311 2573 tertia
334 2520 365 2572 et
386 2515 492 2593 quinta
513 2533 575 2574 non
599 2520 703 2573 essent
725 2515 816 2591 satie,
838 2521 910 2573 tunc
930 2515 1000 2593 ipsa
1022 2515 1076 2572 irn-

150 2603 334 2674 poneretur,
356 2598 473 2656 scilicet
494 2597 562 2675 plus
586 2598 744 2673 orationis,
766 2598 881 2677 ieiunii,
904 2596 1076 2676 eleemosy-

151 2697 219 2739 nae.
242 2684 290 2738 Ac
303 2679 385 2757 sicl)
401 2680 469 2740 eolo
483 2680 662 2741 intentionis
684 2679 781 2759 gradu
794 2680 921 2739 distaret
937 2700 956 2739 a
970 2680 1077 2759 quinta

151 2761 201 2822 vel
222 2764 326 2839 tertia,
360 2780 421 2822 non
457 2764 539 2822 enim
567 2768 671 2843 potest
691 2763 821 2843 intelligi
841 2782 945 2842 poena
966 2763 1076 2840 civilis,

147 2845 222 2924 quia
242 2845 323 2905 hanc
347 2844 398 2926 (ut
419 2845 499 2918 dixi]
534 2865 597 2908 non
626 2847 766 2923 remittit,
801 2846 939 2924 alioquin
968 2846 1078 2907 literae

151 2926 408 3007 indulgentiarum
429 2929 574 2989 tollerent
603 2930 707 2989 omnia
727 2928 866 3008 patibula
896 2936 928 2989 et
956 2927 1077 2989 carnifi-

152 3011 236 3070 cinae
259 3030 313 3089 per
328 3012 500 3073 ecclesiam.
534 3012 595 3073 Sed
618 3031 676 3071 neo
697 3021 801 3091 potest
821 3012 950 3092 intelligi
972 3031 1078 3092 poena

152 3096 303 3153 canonica
324 3114 380 3173 per
399 3094 544 3155 iudicium
568 3097 754 3155 contentiosi
776 3095 833 3155 fori
855 3095 894 3155 de
916 3097 999 3156 facto
1022 3097 1076 3154 im-

45 3224 47 3232 ,
152 3178 263 3255 posita,
286 3180 358 3256 quia
381 3198 443 3238 non
466 3179 593 3239 remittit
615 3180 963 3257 excommunicationes,
985 3180 1078 3238 inter-

153 3258 249 3336 dicta,
279 3267 333 3322 aut
355 3260 433 3321 ullae
457 3280 602 3321 censuras
625 3262 852 3322 ecclesiasticas
875 3261 1023 3336 inflictas,
1046 3268 1080 3320 ut

226 3488 253 3547 1)
272 3484 302 3536 ln
322 3483 364 3537 ed,
384 3485 493 3551 princ:
515 3485 547 3535 ei.

226 3555 255 3622 ⁸)
276 3555 440 3608 Adversario
460 3555 625 3622 respondet,
647 3567 728 3622 quem
750 3556 880 3607 Leontem
903 3560 998 3622 vocat,
1025 3553 1079 3607 hoc

153 3635 208 3691 eet,
227 3626 330 3694 pellem
349 3627 454 3693 leonis,
475 3642 546 3693 qnae
566 3642 665 3695 graece
684 3625 784 3691 λεοντῆ
803 3627 911 3678 dicitur.
949 3627 1024 3678 Nota
1038 3631 1080 3678 est

153 3698 187 3749 de
206 3702 285 3751 asino
304 3699 406 3751 tabule.
481 3696 529 3765 ⁸⁸)
552 3698 742 3751 Satisfactoria
759 3700 881 3752 iustitiae
901 3698 1024 3766 divinae,
1053 3703 1082 3751 ct

152 3769 222 3825 hacc
241 3776 284 3824 eet
302 3787 320 3824 a
336 3770 539 3826 recentioribus
556 3776 677 3840 reperto.
