2356 4200
370 326 374 330 .
438 285 471 340 D.
490 285 599 340 Martini
618 284 740 339 Lutheri.
992 283 1054 348 311

211 451 270 534 23)
295 452 361 514 1133
383 462 431 516 331
451 474 566 532 verum,
589 454 673 534 qnod
686 457 772 516 actus
786 455 1055 533 concupiscentiae

123 537 228 616 possit
251 537 386 599 ordinari
407 558 461 618 per
483 541 624 598 virtutem
647 538 722 617 spei.
766 536 886 602 Contra
907 537 984 599 ean.

212 621 272 698 24)
296 619 376 694 Quis
398 642 469 702 spes
489 641 552 682 non
576 629 622 681 est
644 628 752 682 contra
773 622 947 700 caritatem,
977 641 1056 700 quae

124 703 244 782 solum,
268 722 348 783 quae
369 706 426 766 Dei
448 713 534 783 sunt,
557 706 728 784 quaeritet
749 704 841 783 cupit.

214 790 272 853 25)
299 788 377 868 Spes
397 808 459 848 non
479 789 564 849 venit
585 808 624 848 ex
647 788 778 864 meritis,
800 785 855 846 sed
878 806 918 845 ex
939 787 1056 866 passio·

128 870 221 930 nibus
263 875 371 932 merita
409 871 646 933 destruentibus.
706 871 820 930 Contra
859 889 945 928 nsum
982 869 1056 930 mul·

126 964 242 1014 torum.

214 1037 284 1118 26)·
299 1042 392 1117 Actus
414 1040 569 1099 amicitiae
592 1057 653 1098 non
677 1043 724 1097 est
734 1037 971 1116 perfectissimus
993 1055 1057 1096 rno-

127 1121 186 1180 dus
209 1120 341 1181 faciendi
364 1120 446 1200 quod
470 1124 568 1182 estin
593 1141 636 1198 se,
659 1139 716 1180 nec
738 1125 785 1179 est
804 1119 965 1198 dispositio
989 1138 1055 1198 per·

126 1205 300 1264 lectissima
321 1203 360 1264 ad
383 1207 511 1285 gratiam
535 1205 608 1281 Dei,
642 1210 696 1263 aut
724 1202 832 1262 modus
857 1203 1056 1262 convertendi

127 1295 161 1347 et
183 1287 452 1368 appropinquandi
472 1288 511 1347 ad
535 1288 642 1348 Deum.
848 1334 852 1347 ,

215 1370 273 1450 27)
299 1371 429 1430 Sedent
455 1376 541 1431 actus
570 1373 630 1430 iarn
657 1370 812 1449 perfectae
834 1369 1058 1448 conversionis,

130 1462 274 1532 tempore
298 1461 329 1513 et
350 1459 458 1513 natura
480 1454 633 1534 posterior
654 1454 763 1532 gratia.

134 1563 137 1568 ·
220 1537 277 1610 28)
302 1536 375 1596 11133
397 1538 594 1597 autoritates:
639 1536 860 1595 Convertimini
883 1535 923 1594 ad
946 1556 1004 1612 me,
1027 1542 1058 1596 et

132 1629 299 1679 convertar
319 1620 359 1679 ad
373 1639 438 1681 vos.
450 1620 542 1680 ltem:
576 1620 830 1699 Appropinquate
851 1619 929 1696 Deo,
952 1626 984 1679 et
1004 1638 1056 1699 ap-

129 1703 350 1782 propinquabit
379 1703 476 1764 vobis.
505 1706 595 1762 item:
640 1702 801 1781 Quaerite,
834 1709 865 1761 et
886 1703 1057 1765 invenietis.

130 1785 224 1846 ltem:
269 1785 299 1846 si
323 1787 513 1864 quaesieritis
536 1806 599 1863 me,
628 1787 767 1845 inveniar
788 1806 808 1844 a
828 1785 932 1861 vobis,
968 1792 999 1845 et
1020 1786 1057 1845 iis

130 1868 265 1947 similes,
288 1869 319 1929 Si
343 1869 524 1945 dicatur1J,
547 1869 630 1947 quod
653 1888 745 1928 unum
768 1876 905 1946 naturae,
928 1869 1056 1930 alterum

130 1953 251 2032 gratiae
272 1953 326 2028 sit,
356 1953 430 2012 nihil
453 1951 552 2031 aliud,
575 1971 666 2030 quarn
690 1951 772 2030 qnod
796 1951 953 2031 Pelagiani
975 1951 1057 2012 dixe-

131 2043 216 2114 runt,
239 2037 392 2096 asseritur.
1012 2035 1015 2039 ’

217 2121 274 2192 29)
300 2117 424 2197 Optima
456 2124 487 2178 et
514 2117 681 2178 infallibilis
710 2116 749 2176 ad
777 2118 906 2197 gratiam
929 2135 1058 2195 praepa-

131 2204 212 2262 ratio
246 2210 277 2261 et
300 2203 389 2260 unica
411 2201 572 2280 dispositio
596 2208 644 2260 est
665 2208 792 2260 aeterna
813 2201 870 2260 Dei
892 2199 1003 2260 electio
1027 2205 1058 2258 et
1165 2249 1168 2268 ,

136 2285 389 2366 praedestinatio.
418 2303 422 2311 ¹

218 2370 275 2446 30)
301 2368 349 2426 Ex
371 2374 458 2447 parte
479 2373 581 2427 antem
605 2367 753 2443 hominis,
789 2367 862 2426 nihil
885 2367 943 2425 nisi
966 2364 1057 2424 indis-

133 2453 264 2532 positio,
287 2453 349 2511 1133
372 2451 500 2511 rebellio
522 2452 655 2530 gratiae,
678 2452 806 2530 gratiam
830 2448 995 2530 praecedit.

218 2536 275 2615 31)
303 2535 477 2594 Vanissimo
518 2543 693 2594 commento
723 2533 846 2593 dicitur:
890 2532 1058 2592 Praedesti·

133 2626 225 2678 natus
248 2624 353 2696 potest
374 2617 528 2697 damnari,
556 2620 586 2676 13
609 2636 701 2676 33333
724 2616 840 2694 diviso,
862 2615 917 2675 sed
941 2635 1003 2675 noo
1027 2616 1057 2673 in

134 2703 322 2780 composito.
366 2701 482 2760 Contra
504 2700 724 2762 scholasticos.

219 2787 275 2856 32)
301 2784 382 2843 Nihil
415 2803 537 2862 quoque
574 2782 703 2843 efficitur
740 2803 794 2861 per
823 2781 898 2841 illud
928 2782 1057 2841 dictum:

134 2868 378 2928 Praedestinatio
402 2874 449 2926 est
464 2868 647 2944 necessaria,
671 2868 856 2926 necessitate
869 2883 1059 2943 consequen-

134 2955 211 3030 tiae,
235 2951 288 3010 sed
312 2970 372 3010 non
397 2952 625 3028 consequentis.

217 3036 276 3109 33)
301 3035 422 3094 Falsum
445 3040 476 3093 et
496 3033 571 3092 illud
595 3040 651 3109 est,
675 3032 757 3112 qnod
780 3032 882 3092 facere
904 3029 986 3109 quod
1011 3036 1057 3089 est

134 3122 164 3178 in
210 3137 244 3177 se
285 3118 324 3178 311
362 3135 520 3176 removere
560 3116 720 3177 obstacula
759 3117 886 3196 gratiae.
942 3113 1059 3172 Contra

134 3202 296 3282 quosdam.

219 3287 275 3360 31)
304 3285 456 3360 Breviter,
490 3302 547 3342 nec
575 3290 692 3342 rectum
716 3283 869 3343 dictamen
892 3279 986 3340 habet
1007 3299 1058 3339 na·

134 3377 213 3444 tura,
237 3387 296 3427 uec
317 3367 431 3427 bonam
454 3366 654 3426 voluntatem.

219 3454 276 3526 35)
301 3451 371 3509 Non
395 3458 442 3509 est
463 3467 578 3525 verum,
601 3449 683 3527 qnod
705 3450 882 3529 ignorantia
902 3445 1060 3506 invincibi-

134 3538 170 3596 lis
193 3556 212 3595 a
235 3541 300 3595 toto
324 3541 461 3593 excusat.
505 3533 620 3592 Contra
642 3551 749 3592 omnes
773 3531 990 3592 scholasticos.

135 3707 242 3714 ...η-

184 3773 224 3866 '1)
249 3783 280 3853 13
301 3800 344 3854 ed.
366 3798 449 3854 1530:
469 3798 492 3849 si
512 3796 648 3849 dicantur.
