2356 4200
122 275 166 342 84
407 275 540 353 Epitoma
556 278 759 350 Responsionis

206 447 245 508 Et
266 446 308 509 ibi
330 451 359 511 1.
381 448 464 528 quod
484 451 521 529 is,
543 451 594 530 qui
616 449 767 510 aChristo
788 453 906 509 mutato
923 448 1046 510 nomine

125 530 224 592 dictus
246 530 349 612 estu)
375 531 513 614 (lephna,
536 539 628 614 caput
647 534 802 593 institutus
824 551 843 592 a
865 529 987 592 Christo
1009 530 1047 590 sit

125 632 261 674 omnium
284 633 386 675 ovium
408 634 542 676 suarum.

207 696 247 757 Elt
267 699 297 761 2.
310 697 351 758 ihi
370 705 478 759 contra
495 697 555 759 hoe
572 699 667 758 multa
682 704 864 780 argumenta
877 696 1045 758 solvuntur.

206 779 247 840 Et
268 781 296 844 3.
319 780 402 860 quod
425 780 594 842 decedente
617 781 707 843 Petro
729 781 938 843 necessarium
960 778 1047 841 luerit

124 864 154 923 in
177 862 308 923 eeclesia
330 882 399 925 esse
420 864 512 925 alium
534 862 737 925 universalem
759 871 914 946 pastorem
933 863 964 924 iu
976 861 1046 923 sede

125 947 201 1027 eius,
224 953 255 1006 et
283 951 428 1023 rursusn)
448 948 508 1008 isto
519 948 668 1028 migrante
684 948 886 1027 aliumusque
899 945 940 1007 ad
956 945 1045 1007 finem

126 1028 245 1106 muudi,
275 1029 476 1109 quoadusque
502 1029 644 1090 videlicet
665 1030 797 1091 ecclesia
826 1031 972 1091 duratura
992 1031 1047 1089 esi.

208 1111 249 1172 Et
275 1114 304 1175 4.
333 1111 416 1191 quod
427 1110 461 1196 ο)
486 1132 575 1175 verns
590 1119 621 1174 et
633 1113 820 1175 indubitatus
832 1113 866 1176 B.
879 1110 962 1173 Petri
984 1130 1046 1173 suc

126 1213 232 1255 cessar
266 1201 315 1255 est
340 1195 423 1255 solus
455 1215 544 1257 verus
579 1203 610 1256 et
630 1195 817 1258 indubitatus
838 1196 981 1275 Pontifex
1001 1213 1046 1257 ro·

92 1332 95 1336 .
127 1297 244 1339 manus.

208 1383 249 1442 Et
270 1383 306 1446 5:
323 1383 446 1463 quode)
469 1404 598 1446 romana
620 1386 751 1446 eeclesia
772 1386 872 1466 prima
892 1386 932 1445 sit
953 1390 984 1446 et
1002 1401 1045 1447 ec·

126 1465 287 1526 elesiarum
300 1464 435 1528 omnium
449 1476 542 1549 caput
559 1467 711 1530 aOhristo
734 1468 880 1546 instituta,
903 1474 939 1538 et,
956 1486 1044 1548 quam

125 1549 304 1628 ignoranter
334 1549 467 1629 dicatur,
500 1552 599 1632 ipsam
628 1570 690 1612 non
712 1551 806 1612 luisse
829 1556 937 1633 caput,
968 1555 1046 1631 post

127 1649 217 1710 quam
239 1630 346 1693 Petrus
368 1631 409 1694 ibi
433 1632 521 1699 sedit.
939 1632 954 1661 ’

207 1735 248 1797 Et
268 1739 298 1802 6.
320 1737 403 1817 quod
418 1756 564 1800 romanus
579 1737 704 1800 Praesul
716 1741 771 1800 rite
783 1740 938 1800 institutus
952 1757 1045 1819 aequo

127 1826 158 1880 et
179 1819 300 1899 aequali
322 1822 485 1882 autoritate
506 1829 599 1901 eaput
620 1822 659 1882 sit
680 1823 759 1883 sicut
781 1830 813 1883 et
831 1817 909 1904 Ba)
933 1820 1045 1882 Petrus.

161 1966 164 1971 «
207 1924 248 1986 ul
268 1929 298 1990 7.
319 1924 361 1986 ibi
390 1925 554 1987 destruitur
580 1928 685 2008 opinio
713 1926 864 2007 quaedam
891 1926 1045 1987 hominum

125 2015 355 2089 perversorum,
387 2009 469 2089 quod
502 2009 588 2090 Papa
615 2028 677 2070 non
706 2011 745 2070 sit
778 2015 872 2091 caput
900 2009 1046 2087 ecclesiae

127 2091 306 2152 universalis
329 2091 507 2173 collective,
533 2093 588 2153 sed
609 2093 747 2168 solumr)
772 2091 976 2172 distributive,
1000 2109 1045 2154 vc

127 2173 251 2234 lentium
274 2194 314 2235 ex
335 2176 405 2254 hoc,
426 2174 542 2257 Papam
565 2195 626 2237 nou
650 2194 719 2236 esse
740 2183 833 2256 eaput
854 2176 987 2240 concilii.

136 2277 139 2284 ’
208 2279 249 2340 Et
268 2279 391 2360 ultimo,
423 2279 465 2343 ibi
496 2281 591 2342 multa
619 2288 728 2343 contra
748 2282 809 2343 hon
830 2287 1043 2364 argumenta⁸l

126 2360 295 2428 solvuntur.

211 2467 287 2549 Cap.
309 2473 339 2534 5.
364 2468 447 2548 quod
471 2470 500 2529 in
524 2469 735 2530 ecelesiastica
755 2469 927 2531 hierarchia
953 2490 1047 2533 roma·

126 2569 184 2611 nus
196 2548 321 2611 Praesul
333 2551 373 2611 sit
385 2550 544 2614 hierarcha
556 2571 691 2613 summus
699 2550 727 2648 l)
748 2550 869 2632 ubique,
883 2559 991 2615 contra
1001 2552 1046 2615 ad·

126 2634 294 2694 versarium
318 2633 545 2696 subtrahentem
568 2635 770 2696 iurisdictioni
793 2638 857 2696 eius
886 2635 1047 2701 nonnullas

126 2717 285 2797 nationes,
317 2717 434 2779 scilicet
464 2717 602 2780 Graecos
629 2724 660 2779 et
685 2716 791 2780 fideles
812 2722 891 2780 inter
912 2718 1046 2782 infideles

125 2796 309 2879 habitantes.

209 2896 251 2960 llt
270 2899 312 2961 ibi
336 2902 364 2964 1.
386 2919 440 2982 per
462 2900 607 2980 literasu)
632 2920 736 2963 sacras
765 2900 914 2983 probatur
935 2903 1047 2964 univer·

127 2982 232 3043 salitas
254 2982 340 3044 istius
363 2983 570 3045 monarchiae.

208 3064 248 3125 ut
268 3067 298 3128 2.
320 3064 510 3148 improbatur
531 3067 672 3147 impietas
691 3067 816 3129 Antonii
838 3067 958 3128 Roselli
979 3067 1047 3149 dog·

181 3339 224 3402 m)
246 3338 331 3405 Nota,
351 3337 460 3407 Cephea
480 3343 522 3391 est
541 3343 634 3406 eaput,
662 3343 758 3391 contra
779 3339 872 3391 Iohan.
891 3339 917 3394 2.
938 3338 986 3410 qdi
1006 3339 1047 3392 Ca·

128 3410 202 3478 phan
221 3407 331 3462 Petrum
351 3410 405 3462 diei
424 3409 527 3463 scribit.
562 3408 597 3478 n)
614 3409 826 3465 HaecPrierias.
855 3413 887 3474 o)
906 3410 1048 3466 dudeche-

128 3496 180 3534 nus
209 3481 281 3534 Petri
309 3495 454 3535 successor
487 3487 529 3534 est
558 3481 709 3535 Romanus.
755 3484 789 3551 p)
820 3481 894 3536 Haec
925 3484 1047 3537 Prierlas.

128 3557 160 3620 qt
192 3552 266 3606 Licet
294 3552 390 3606 Petrus
414 3553 558 3621 apostolus
590 3558 617 3605 et
636 3553 709 3622 Papa
729 3554 819 3606 solum
840 3555 876 3607 sit
895 3557 1048 3624 episcopus,

129 3625 220 3676 minor
241 3623 355 3692 scilicet,
374 3624 458 3677 simul
477 3628 504 3678 et
523 3623 653 3693 aequalis.
691 3627 719 3691 r)
740 3624 800 3678 lmo
820 3627 1047 3680 eonhrsetantum

129 3700 158 3748 et
178 3694 366 3750 materialiter.
412 3698 442 3761 a)
462 3696 538 3749 More
558 3697 726 3750 Priariatieo.
764 3695 789 3764 t)
812 3696 842 3748 ld
861 3703 912 3766 est,
930 3700 960 3751 in
979 3712 1047 3752 cers·

127 3766 179 3819 bro
197 3766 365 3822 Prteriatieo.
403 3771 434 3831 u)
458 3766 534 3821 Sicut
551 3767 698 3836 Virgilius:
729 3771 789 3821 auri
814 3783 894 3823 sacra
917 3770 1015 3826 mmm.
