2356 4200
168 258 231 329 830
492 261 536 319 Da
554 261 656 335 dupiioi
674 265 797 320 inmitto.

64 452 97 524 ῃ
168 438 218 496 tua
238 431 322 495 Deua
344 439 375 495 at
395 432 486 495 Peter
506 433 629 496 Domini
651 435 749 495 nortri
771 433 840 495 loen
853 432 979 514 ebriati,
999 433 1087 497 Pater

168 516 443 578 misericordiarum
466 522 498 579 et
517 516 600 577 Deua
622 519 717 589 totius
738 517 1016 597 consolationirl),
1039 518 1088 601 qni

166 599 325 662 benedixit
352 619 410 660 noa
437 601 469 661 in
510 601 592 661 omni
622 599 836 662 benedictione
872 601 1025 682 spirituali
1058 601 1086 662 in

66 700 69 705 ’
169 683 352 745 coelestibus
375 684 405 742 in
428 682 604 758 Christo*).

171 808 174 813 -
203 808 217 817 -·
250 765 337 827 Haeo
357 768 457 847 gretia
478 772 509 826 et
530 764 702 841 benedictio
723 764 886 826 ineffabilia
915 767 992 828 olim
1021 787 1089 849 pro·

169 849 344 910 mittebatur
370 848 515 910 Abrahae
541 848 619 909 Gen.
649 851 702 911 12:
749 848 783 908 In
812 851 929 910 semine
954 857 1010 912 tuo
1041 850 1088 933 (id

169 938 226 1009 ert,
247 933 277 992 in
301 932 441 1010 Christo)
471 931 691 992 benedicentur
719 950 826 992 omnes
855 932 950 993 tribue
979 939 1089 1012 terrae,

169 1020 201 1076 et
215 1015 286 1075 Eae.
303 1018 336 1078 9:
360 1014 507 1074 Parvulua
529 1023 618 1074 natue
640 1021 687 1073 eat
707 1013 806 1090 nobie,
829 1023 860 1093 et
880 1015 977 1075 Filius
999 1015 1088 1078 datur

169 1105 217 1159 eet
238 1097 336 1159 nobie.
370 1096 480 1174 Nobis,
502 1098 608 1175 inquit,
631 1097 703 1175 quia
724 1104 829 1159 noster
849 1101 896 1158 eet
911 1103 996 1159 totus
1022 1119 1088 1161 oum

170 1180 310 1242 omnibus
340 1180 429 1239 bonis
462 1180 540 1255 auis,
576 1180 600 1238 si
636 1179 665 1238 in
694 1179 780 1239 illum
811 1179 979 1263 oredimus,
1013 1184 1089 1243 aient

167 1264 257 1326 Rom.
280 1265 308 1326 8.
331 1262 417 1325 dioit:
460 1261 591 1342 Proprie
611 1260 674 1323 titio
694 1278 754 1335 ¹uuo
777 1280 836 1323 non
858 1263 1013 1345 pepercit,
1037 1266 1088 1327 aed

167 1365 225 1429 pro
253 1346 341 1407 nobis
372 1343 512 1406 omnibus
548 1342 672 1405 tradidit
694 1345 805 1423 illum,
837 1347 998 1425 quomodo
1029 1368 1088 1411 non

169 1429 273 1491 omnio
300 1427 389 1490 nobie
420 1446 490 1490 oum
516 1428 568 1488 illo
600 1426 746 1488 donavit?
789 1427 899 1506 Omnia
920 1448 999 1510 ergo
1022 1438 1090 1492 eunt

167 1517 288 1585 nostre,
311 1528 511 1590 quaeeunque
533 1509 626 1575 habet
647 1509 799 1591 Christus,
821 1513 915 1590 gratis
939 1518 972 1573 et
992 1512 1088 1597 indig-

166 1595 214 1655 nia
236 1593 325 1654 nobie
348 1614 387 1655 ex
410 1613 486 1674 pura
507 1591 717 1653 minerioordia
740 1593 863 1671 donata,
890 1613 961 1655 oum
985 1599 1088 1677 portu

167 1678 242 1739 iram
257 1682 288 1737 et
299 1677 529 1745 damnationem
543 1677 741 1737 meruerimus
752 1678 866 1757 pariter
883 1683 913 1739 et
925 1676 1087 1741 infernum.

250 1758 339 1821 Unde
361 1768 392 1822 ot
412 1760 480 1839 ipse
500 1756 647 1836 Christus,
669 1759 721 1839 qui
742 1759 864 1820 venisse
886 1758 964 1821 dioit
984 1781 1039 1843 ae,
1060 1771 1088 1825 ut

168 1842 252 1905 hano
273 1844 441 1924 piissimam
453 1842 641 1903 voluntatem
664 1841 757 1921 patria
779 1842 826 1903 aui
843 1841 970 1917 funerat,
992 1845 1087 1908 faetus

74 1952 78 1958 ·
166 1935 215 1988 eat
236 1927 266 1988 ei
288 1925 457 2004 obediens,
486 1932 517 1986 et
539 1923 682 2004 quioquid
704 1924 791 2005 feeit,
813 1923 902 1987 nobie
924 1924 1017 2007 ierit,
1039 1948 1087 1993 no

167 2014 323 2089 atrumque
352 2027 421 2069 ease
448 2007 561 2087 voluit,
588 2005 780 2081 dioens**):
820 2004 896 2088 'Ego
924 2008 958 2069 in
987 2010 1086 2075 medio

167 2094 301 2155 vestrum
324 2111 401 2171 eum,
422 2090 501 2151 siout
521 2089 572 2170 qui
593 2089 753 2151 ministrat.
795 2089 836 2151 m
856 2091 989 2154 iterum:
1026 2094 1087 2157 Hoo

168 2183 216 2239 est
237 2193 348 2255 eorpus
370 2192 482 2252 meum,
504 2171 586 2252 quod
607 2191 663 2252 pro
687 2170 775 2233 vobin
797 2172 941 2233 tradetur.
982 2170 1084 2241 Etla'a

168 2256 242 2323 dioit
264 2258 318 2323 53:
362 2256 484 2320 Servire
514 2274 564 2314 me
597 2253 697 2316 seoieti
724 2255 756 2314 in
785 2254 921 2336 peooatis
951 2259 1034 2340 tuis,
1062 2266 1087 2321 et

167 2338 305 2403 laborem
327 2338 493 2420 praebuisti
517 2338 591 2398 mihi
612 2339 644 2397 in
666 2337 875 2417 iniquitatibus
898 2340 969 2402 tuis.

157 2462 159 2465 v
209 2464 214 2477 ·
249 2422 344 2504 Igitur
365 2420 531 2503 perfidem
553 2422 584 2480 in
608 2420 759 2481 Christum
781 2420 815 2480 fit
835 2421 953 2483 iustitio
978 2423 1084 2489 christ

166 2511 274 2575 nostro
294 2506 424 2581 iustitio,
454 2513 485 2565 et
506 2503 611 2566 omnia
633 2522 712 2582 quae
734 2513 804 2563 sunt
824 2504 937 2585 ipsius,
960 2507 1029 2570 imo
1049 2510 1085 2590 ip·

167 2597 266 2651 semet
286 2595 392 2650 nostor
408 2586 451 2652 iit.
492 2585 566 2647 Ideo
596 2586 734 2666 appellat
763 2591 830 2646 eant
859 2589 1029 2666 apostolus
1049 2594 1084 2653 in·

168 2672 281 2734 stitiom
303 2673 376 2747 Dei,
398 2669 438 2730 ad
459 2669 568 2730 Romo.
593 2672 628 2731 1:
663 2668 782 2729 Iustitia
802 2669 860 2729 Dei
880 2671 1084 2735 revelatorio

167 2755 341 2836 evangelio,
357 2754 436 2815 siout
450 2753 595 2830 seriptum
608 2750 756 2827 eat***):
778 2751 877 2812 Iustus
888 2771 928 2812 ex
935 2752 1084 2819 fidevirit

166 2834 307 2919 Denique
330 2844 361 2898 et
381 2835 457 2897 tides
481 2834 550 2896 talis
572 2839 701 2896 vooatur
721 2832 836 2894 iustitia
856 2834 932 2912 Dei,
956 2845 994 2901 ut
1016 2842 1084 2902 eim·

168 2918 238 2981 dem
262 2919 342 3003 4†]:
370 2917 561 2979 Arbitramur
573 2917 730 2978 hominem
742 2915 897 2978 iustificari
912 2937 971 2998 per
989 2918 1084 2987 fidem

167 2998 253 3067 Haeo
275 3009 322 3065 eet
342 3002 456 3063 iustitia
476 2997 609 3077 infinita,
640 3008 671 3062 et
692 2999 796 3060 omnia
817 3006 949 3081 peooate
973 3004 1007 3067 in
1030 3024 1084 3067 mo·

168 3091 272 3149 mento
296 3083 473 3147 absorbens.
517 3081 597 3159 Quia
617 3081 807 3164 impossibile
829 3089 884 3157 est,
912 3086 1000 3164 quod
1024 3107 1084 3187 pao

169 3175 272 3231 natum
291 3169 323 3229 in
338 3164 458 3229 Christo
481 3165 616 3241 haereat,
638 3163 705 3243 at2)
728 3166 779 3244 qui
801 3163 898 3226 eredit
909 3167 942 3227 in
955 3166 1085 3247 clamato,

166 3250 273 3313 haeret
299 3252 329 3311 in
359 3248 499 3330 Christo,
529 3254 637 3328 eatque
658 3266 751 3308 unum
782 3265 850 3308 oum
873 3247 1022 3333 Christo,
1041 3254 1084 3319 ha

128 3392 134 3421 ,
166 3320 243 3397 b'ens
267 3332 396 3430 eandem
416 3331 563 3394 iustitiam
587 3348 656 3394 oum
677 3331 756 3411 ipso.
799 3328 872 3392 Ideo
894 3332 1085 3415 impossibile

151 3423 224 3501 κω,
247 3415 386 3563 Εοξαὲὲ
398 3418 963 3579 ἱῗιὲιίῐὲἓῗεῗιρξίῗὲᾞηῗᾶαωθηίηω,
990 3522 1085 3579 muro,

223 3697 253 3768 l)
274 3697 306 3751 ln
323 3698 366 3753 od.
385 3699 445 3754 Jen.
465 3698 510 3751 hio
530 3695 667 3751 additum:
693 3700 721 3750 et
738 3695 838 3766 Ephoa.
860 3697 885 3752 1.
914 3698 949 3767 2)
963 3703 1084 3763 Ibidzu.

220 3773 246 3837 'J
262 3769 332 3842 pr.
354 3771 376 3822 i.
416 3767 465 3839 ”)
483 3768 546 3823 Luo.
566 3767 609 3824 22.
649 3767 718 3836 ω)
736 3764 826 3823 lioba.
844 3762 870 3824 2.
907 3768 941 3840 †)
958 3774 1083 3835 Romut
