2356 4200
198 256 262 325 312
398 256 441 313 Ds
458 257 559 312 virtuts
574 245 872 313 exmumunteiiuouis

179 433 385 511 potestatem
423 427 515 488 etiam
548 425 712 503 vilissimas
744 438 894 507 personas
922 423 1124 487 honoreus.

198 511 251 573 Sic
272 513 354 572 enim
377 510 473 575 iratus
494 510 585 572 nobis
598 494 699 569 dicit:
732 508 823 570 Dabo
852 524 947 590 puros
967 509 1126 590 principes

198 614 330 674 eorum,
364 600 396 656 et
428 590 596 654 effeminati
629 591 868 653 dominabuntur
901 592 957 653 sis.
993 591 1073 653 aas·
1094 592 1125 657 3.

199 677 303 757 Atque
332 677 363 737 id
392 694 431 738 eo
453 670 573 737 ia'cilius
594 674 779 752 efficiemus,
806 673 931 754 quando
960 674 1126 756 cognosci·

200 778 278 838 mus,
297 759 384 840 quod
399 754 436 820 *in
459 760 582 819 animae
603 757 778 838 proiectum
799 757 850 818 vel
871 757 1028 819 deiectum
1048 755 1127 821 nuel

199 842 332 924 possunt
351 843 411 902 nisi
434 842 671 904 occasionaliter
691 847 721 900 et
737 840 980 916 exercitativsl)
1005 846 1040 901 et
1062 847 1126 901 tcn-

198 925 709 1005 trove(utits10qmr)agere.
929 994 932 999 ¹
983 936 986 941 ’
1025 954 1029 959 -
1075 930 1078 937 “

281 1008 452 1086 Decimum,
474 1007 753 1068 excommunicatio
765 1004 879 1067 iniusta
895 1005 1125 1069 nobilissima·

200 1092 340 1153 meritum
368 1096 430 1168 est,
459 1089 530 1151 ideo
553 1088 684 1151 dulciter
701 1088 848 1168 ferenda,
881 1090 907 1150 si
928 1090 1126 1153 excusationi

199 1180 272 1235 tuae
298 1173 455 1234 humiliter
486 1174 653 1253 praestitas
684 1171 772 1233 locus
804 1188 869 1233 non
904 1171 998 1233 fuerit
1024 1171 1124 1233 datm

188 1255 258 1331 ,His
280 1256 363 1316 enim
393 1255 476 1315 dices
508 1252 583 1316 iliud
605 1255 685 1316 Psai.
709 1250 825 1338 10823:
853 1254 1045 1317 Maiedicant
1071 1255 1125 1333 iiii,

200 1344 232 1399 et
252 1346 286 1399 tu
306 1337 480 1399 benedices.
523 1337 653 1398 Tantum
677 1336 759 1415 vide,
779 1356 821 1398 nc
841 1342 1030 1418 potestatem
1054 1357 1125 1400 con·

200 1424 332 1499 temnas,
354 1421 575 1501 vispotestatia
591 1420 730 1501 prodest,
751 1426 946 1501 contemptus
968 1440 1048 1483 varo
1063 1426 1125 1483 tete

199 1503 316 1583 perdet.
340 1502 437 1564 iiam
472 1504 497 1562 si
521 1502 587 1564 dlio
618 1507 668 1579 (ut
690 1502 771 1580 dixi)
796 1504 951 1583 immerito
978 1509 1124 1584 correpto

199 1602 238 1647 ec
260 1586 359 1647 maior
389 1587 489 1666 gratia
510 1587 615 1647 matris
643 1585 777 1666 accedit,
804 1591 975 1666 postquem
999 1582 1126 1668 cognita

198 1669 289 1728 fuerit
310 1669 375 1729 eius
397 1670 576 1729 innocentia
603 1670 741 1747 patiens,
767 1674 883 1747 quanto
912 1670 1016 1749 magis
1042 1668 1124 1750 apud

197 1751 298 1810 Deum
320 1752 469 1812 maiorem
490 1752 621 1832 gratiam
642 1757 858 1831 consequetur,
881 1752 908 1813 si
927 1752 1064 1832 patienti
1083 1752 1124 1813 iu·

200 1835 346 1931 nocqtia
374 1835 467 1894 etiam
497 1853 516 1894 a
546 1840 646 1894 matre
673 1853 730 1894 sua
750 1834 883 1895 ecclesia
910 1834 1017 1895 tuterit
1037 1834 1124 1897 disd-

221 1915 332 1994 linem,
366 1918 430 1977 imo
458 1917 484 1976 si
505 1916 683 1977 adversario
713 1916 853 1977 iubemur
872 1919 1075 1997 consentire,
1095 1923 1125 1979 ct

199 1936 325 2081 Benigni
337 2018 408 2060 esse
428 2000 459 2058 in
483 2000 542 2078 via,
564 2005 680 2079 quanto
703 2000 802 2080 magis
816 1996 1014 2061 dulcissimae
1035 2000 1123 2079 mati

200 2081 366 2160 ccclesiae,
399 2083 519 2143 etiamsi
546 2100 603 2162 per
636 2081 868 2163 indignissimos
895 2100 954 2143 nos
974 2082 1124 2165 flagellet,

197 2164 267 2244 ipsa
288 2165 369 2223 enim
392 2170 497 2224 manet
516 2170 632 2243 mater,
655 2166 728 2244 quia
747 2170 852 2227 manet
871 2164 1018 2227 ecclesia·
1064 2166 1123 2227 rsa

199 2252 254 2306 net
275 2253 375 2307 antem
400 2247 542 2325 ecclesia,
567 2248 639 2327 quia
660 2254 765 2308 manet
783 2246 921 2308 cbristus
942 2248 1011 2309 eius
1032 2266 1123 2330 spon·

199 2346 250 2387 sus
273 2328 304 2387 in
328 2334 497 2390 aeternum.
944 2364 947 2371 ·

279 2410 494 2492 Undecimum,
502 2413 533 2471 in
544 2413 865 2473 excommunicatione
877 2413 993 2474 iniusta
1004 2432 1123 2474 summe

197 2492 379 2572 cavendum,
401 2514 441 2555 ne
457 2496 487 2556 id
505 2494 640 2575 deseras,
662 2497 796 2575 omittas,
818 2496 924 2573 facias,
946 2494 1046 2574 dicas,
1068 2515 1121 2578 pro

197 2593 260 2654 quo
283 2578 569 2656 excommunicatis,
592 2579 651 2638 nisi
667 2577 700 2638 id
722 2579 789 2640 sine
810 2584 941 2658 peccato
963 2577 1031 2639 deri
1053 2596 1121 2659 pns-

197 2659 246 2717 sit.
291 2658 370 2719 Nam
393 2660 510 2720 iustitia
529 2666 562 2719 et
582 2661 711 2740 veritas,
739 2662 894 2722 cum-sint
914 2659 954 2720 de
975 2661 1122 2723 interiore

196 2743 414 2803 communione
436 2742 607 2820 ecclesiae,
645 2762 707 2804 non
738 2743 852 2805 debent
874 2743 975 2804 omitti
996 2750 1122 2825 propter

196 2826 550 2886 excommunicationem
566 2827 762 2903 exteriorem,
785 2827 905 2886 etiamsi
927 2825 966 2885 ad
990 2833 1122 2888 mortem

197 2922 294 2983 usque
315 2906 506 2986 procederet,
526 2909 597 2987 quia
619 2909 664 2967 sic
684 2911 819 2989 pessime
838 2909 976 2968 omnium
998 2926 1121 2971 excom·

197 2989 415 3068 municaretur,
449 2991 564 3069 siquis
597 2992 858 3052 excommunicari
889 2992 1022 3052 timeret
1065 2992 1121 3054 ns-

194 3067 248 3129 bet
271 3089 345 3152 ergo
367 3071 524 3133 humiliter
545 3073 625 3147 ferre
657 3080 689 3134 ct
718 3075 796 3135 mori
819 3075 850 3134 in
874 3075 1123 3136 excommunica-

194 3152 299 3231 tione,
335 3153 394 3214 nec
416 3156 545 3233 timere,
568 3155 651 3235 quod
674 3174 737 3217 non
760 3157 873 3236 accipit
894 3164 1121 3237 accrementum

195 3233 416 3309 eucharistiae,
448 3236 563 3298 funeris
584 3239 698 3318 ritum,
734 3239 907 3319 sepulturas
936 3245 995 3300 etc.
1036 3239 1122 3301 'Haec

194 3316 478 3398 incomparabiliter
493 3321 614 3380 minora
626 3330 705 3401 sunt,
720 3340 811 3401 quam
824 3328 858 3382 ut
868 3322 986 3382 iustitia
997 3330 1123 3404 propter

194 3415 232 3457 ea
251 3399 408 3480 prodatur.
443 3401 522 3462 Nam
544 3404 596 3482 qui
618 3404 711 3464 etiam
732 3406 813 3465 iuste'
835 3406 1122 3467 excommunicatus

197 3483 340 3560 moritur,
368 3502 432 3543 non
453 3483 525 3545 ideo
549 3484 762 3565 damnabitur,
781 3488 840 3548 nisi
862 3487 942 3549 forte
962 3506 1028 3550 non
1053 3506 1123 3552 con·

71 3602 74 3607 ·
191 3564 278 3623 tritus
306 3571 428 3625 etcum
462 3573 641 3649 contemptu
665 3571 995 3632 excommunicationis
1024 3592 1122 3635 more·

67 3726 103 3944 k.

248 3748 280 3819 1)
297 3750 328 3802 In
347 3750 390 3806 ed.
409 3752 514 3821 princ:
534 3754 696 3808 excretum.
740 3754 771 3823 1)
793 3755 888 3813 laud.
906 3754 986 3810 anrt
1004 3756 1068 3815 109.
