2356 4200
328 275 362 329 de
381 278 481 338 virtute
498 275 741 346 indulgentiarum.
939 271 1007 340 197·

83 463 146 505 noa
167 444 254 506 addit
274 445 355 507 hauc
375 446 545 507 clausulam
568 445 606 506 de
627 446 770 506 iniunctis
791 445 1002 526 poenitentiis,

84 534 147 587 tum
168 527 298 610 intelligi
320 530 454 590 omnium
478 530 655 608 simpliciter
682 529 894 589 remissionem
928 548 1000 608 poe·

83 630 201 673 narum.
229 612 370 672 Dicerem
393 631 469 694 ego:
492 611 558 690 Etsi
578 630 641 672 nou
663 610 794 690 additur,
816 617 918 671 tamen
933 609 1000 672 snb·

82 693 262 774 intelligitur
283 694 364 774 addi,
386 701 531 773 tanquam
554 694 732 755 necessaria
752 700 784 754 et
806 693 845 753 de
867 695 1002 755 essentia

82 776 143 919 qtili
166 775 316 838 clausula:
352 786 405 839 aut
424 778 468 837 1111
491 777 622 857 probent
649 777 754 855 aliquo
781 782 885 850 textu,
918 775 1001 856 quod

104 860 198 920 icnnt.

166 941 279 1021 Tertia,
300 942 340 1003 ad
360 943 483 1004 solitum
506 943 597 1002 venio
620 949 842 1022 argumentum,
864 939 919 1001 aed
938 958 1000 1002 om·

84 1026 168 1086 nium
189 1025 401 1101 fortissimum,
424 1032 455 1086 et
475 1026 612 1103 requiro,
641 1025 823 1105 quibusnam
844 1023 1001 1085 autoribus

84 1107 240 1188 probent,
256 1110 347 1170 etiam
369 1109 446 1169 alias
467 1125 585 1188 poenas
608 1126 663 1189 per
685 1108 788 1168 claves
811 1106 887 1186 tolli,
910 1125 1000 1185 qnam

84 1191 270 1251 canonicas?
313 1191 353 1252 Et
374 1191 522 1252 exhibent
542 1190 615 1250 mihi
638 1191 845 1268 Antoninum,
878 1189 1002 1250 Petrum

85 1272 124 1334 de
145 1272 271 1353 Palude,
294 1274 371 1355 Aug.
395 1274 434 1334 de
454 1273 597 1348 Annona,
620 1272 815 1352 Capreolum,
838 1271 949 1334 deinde
970 1277 1003 1347 et

84 1356 222 1437 Angelus
245 1358 405 1418 summieta
425 1375 512 1416 suum
524 1357 703 1416 Faneiscum
721 1356 856 1433 Maronis
875 1355 1002 1436 inducit,

83 1439 312 1520 redemptiones
333 1441 492 1501 veniarum
514 1457 552 1500 eo
575 1457 671 1518 usque
691 1439 865 1517 vehentem,
887 1445 919 1501 ut
940 1456 1001 1498 me-

84 1523 206 1584 ritorias
228 1542 281 1583 eas
302 1524 508 1604 pronunciare
530 1523 570 1582 sit
591 1540 693 1599 ausus,
715 1523 740 1581 si
754 1521 875 1583 Christo
889 1521 1002 1602 placet.

85 1605 181 1680 Quasi
202 1625 276 1667 vero
298 1606 342 1666 1111
363 1606 505 1668 homines
528 1604 605 1665 tales
627 1606 746 1665 sintae
768 1604 853 1681 tanti,
877 1604 1002 1684 utquic

85 1687 158 1768 quid
175 1690 336 1765 senserint,
358 1689 460 1748 statim
478 1705 608 1749 necesse
626 1688 665 1748 111
678 1687 757 1749 inter
771 1686 917 1749 articulos
930 1686 1002 1748 fldei

85 1789 255 1833 numerare.
299 1772 412 1832 Verum
442 1771 487 1831 illi
521 1771 619 1851 magis
651 1776 723 1830 eunt
748 1769 1003 1849 reprehendendi,

85 1855 137 1933 qui
159 1853 197 1914 ad
219 1855 420 1935 ignominiam
442 1860 579 1914 nostram
594 1859 626 1913 et
637 1854 776 1913 iniuriam
794 1853 914 1913 illorum
931 1852 1003 1914 alle·

84 1944 161 2017 gant
180 1956 236 2017 pro
259 1938 399 1998 assertis:
422 1955 501 2015 quae
522 1936 567 1997 illi
589 1936 719 2016 propio
742 1953 797 1996 suo
820 1935 921 1996 studio
942 1935 1004 1996 fua-

85 2026 156 2080 runt
177 2020 304 2099 opinati,
325 2039 450 2100 prorsus
474 2018 548 2078 nihil
561 2017 757 2079 advertentes
774 2016 849 2077 illud
861 2017 1006 2161 Apostoli

84 2101 177 2163 fidele
198 2103 394 2163 monitorium
408 2100 456 2184 ⁸):
490 2101 603 2162 Omnia
623 2100 762 2180 probate,
785 2100 867 2178 quod
911 2118 1004 2161 ouum

85 2191 134 2245 est
154 2191 267 2262 tenete,
290 2185 384 2266 longe
398 2184 554 2245 stultiores
564 2183 787 2264 Pythagoricis,
809 2184 922 2265 qnippe
935 2200 1004 2243 cum

84 2267 117 2327 hi
139 2286 177 2328 ea
198 2275 313 2328 tantum
337 2276 524 2345 assererent,
552 2285 631 2345 quae
653 2265 845 2346 Pythagoras
867 2265 1003 2343 dixisset,

85 2351 135 2409 isti
158 2369 232 2411 vero
255 2351 348 2410 etiam
371 2369 423 2429 ea,
447 2369 526 2430 quae
546 2349 591 2411 1111
613 2347 837 2409 dubitaverunt.

168 2431 229 2492 Sed
250 2432 290 2493 ad
314 2434 462 2514 originem
485 2439 517 2492 et
531 2432 648 2492 iontem
661 2432 820 2492 veniamus
836 2430 1004 2491 rivulorum

84 2515 223 2592 istorum,
245 2515 275 2576 id
299 2522 354 2595 est,
376 2516 411 2575 B.
432 2515 584 2576 Thomam
607 2520 638 2575 et
658 2514 917 2575 Bonaventuram.
957 2513 1005 2572 lix

86 2597 134 2656 his
159 2599 239 2657 enim
263 2598 307 2658 illi
328 2599 439 2678 partim
462 2603 662 2679 aeceperunt,
684 2597 794 2676 partim
816 2596 855 2657 de
877 2615 932 2656 auo
955 2594 1005 2656 ad·

86 2678 242 2759 dideruut,
276 2682 307 2740 hi
326 2682 430 2759 itaque
452 2687 484 2741 et
505 2680 602 2741 sancti
623 2685 784 2760 etgraves
806 2678 899 2760 plane
920 2683 1006 2738 auto·

85 2763 176 2822 ritate
199 2765 265 2822 viri.
304 2764 418 2824 Verum
441 2782 509 2823 cnm
532 2762 603 2836 et1)
628 2762 687 2842 ipsi
709 2762 808 2843 magis
831 2762 1005 2842 opinentur,

78 2863 177 2923 quam
200 2853 354 2924 asserant,
377 2846 510 2924 deniqne
531 2844 562 2906 S.
585 2845 803 2905 Bonaventnra
824 2843 1007 2905 confiteatur

87 2947 156 2988 esse
173 2948 236 2988 rem
254 2928 500 2990 dubiosissimam
519 2928 706 3006 omninoque
720 2927 879 3005 incertam,
902 2944 1007 2986 nonne

87 3011 202 3071 clarum
226 3019 288 3086 est,
317 3031 355 3071 ax
375 3013 451 3091 ipsis
474 3011 566 3071 etiam
589 3009 664 3069 nibil
686 3028 779 3090 posse
801 3009 918 3069 astrui?
960 3007 1006 3068 Tu

86 3093 158 3153 vide
180 3095 204 3153 11
226 3094 321 3153 ullum
343 3101 460 3154 textum
483 3091 914 3172 sutsoripturamadduoant?
941 3091 1007 3152 Neo

88 3177 211 3252 mirum,
241 3177 323 3256 qnod
351 3178 411 3256 ipsi
438 3175 515 3236 nihil
536 3182 684 3235 asserant.
727 3174 803 3236 Cum
827 3176 907 3236 enim
928 3174 1007 3234 haee

86 3279 136 3320 res
159 3261 199 3319 sit
219 3258 291 3320 iidei
312 3260 433 3339 quidam
456 3259 611 3336 articulus,
633 3259 658 3317 si
675 3257 766 3318 fuerit
778 3257 1007 3335 determinatus,

86 3341 167 3402 adeo
190 3362 254 3404 nou
275 3344 408 3423 pertinet
428 3342 467 3403 ad
488 3341 632 3402 doctores
655 3338 793 3419 definire,
817 3340 1007 3420 quodetiam

87 3425 128 3485 ad
150 3426 249 3486 solum
273 3427 396 3487 concilii
424 3425 605 3486 universalis
634 3422 777 3483 iudicium
812 3424 851 3483 sit
881 3438 1007 3502 suspen·

87 3507 221 3588 dendus,
254 3527 313 3569 uec
345 3528 480 3568 summus
508 3507 648 3587 pontifex
678 3505 750 3586 quid
780 3511 896 3566 temere
916 3507 947 3564 in
969 3505 1006 3564 iis

160 3691 192 3758 1)
212 3692 245 3744 lu
263 3689 306 3746 ed.
325 3691 385 3744 Jen.
405 3689 495 3744 deest:
515 3696 551 3745 et.

162 3762 192 3831 ⁵)
215 3763 227 3816 1
249 3763 345 3819 Tbess.
364 3764 389 3819 5.
