2356 4200
329 310 332 315 -
351 267 381 323 F.
402 268 468 323 silv.
485 270 571 325 Prior.
591 268 627 322 ad
642 269 676 323 D.
696 270 729 323 lt.
751 269 830 324 Loth.
1010 268 1051 333 81

125 435 293 515 scripturae
314 444 440 499 sanctae
459 438 577 501 illibata
588 439 799 515 autoritas,·et
813 437 949 500 eiusdem
965 446 1049 501 recta

125 517 236 578 saltem
258 520 381 600 opinio,
419 523 444 581 si
467 522 551 583 nulla
575 521 789 602 intelligentia.
823 522 892 583 dam
916 528 947 584 et
966 522 1049 583 hauc

116 607 214 661 ’satan
236 605 378 683 occupat,
400 623 502 665 arcem
523 605 600 666 Zion
623 612 655 665 et
675 605 781 665 turrim
802 603 919 685 David,
945 604 1048 666 hacte-

124 702 182 743 uus
205 684 486 767 inexpugnabilem.

206 765 296 828 Nunc
316 770 387 830 vale
408 771 524 850 infelix,
546 769 667 851 perdita
688 776 720 830 ot
740 769 922 850 blasphema
940 770 1050 842 Roma,

124 851 267 930 pervenit
288 852 334 912 ira
355 853 413 913 Dei
435 873 526 933 super
548 862 600 932 te,
623 854 713 914 'sicut
736 853 872 914 meruisti
894 854 925 913 in
948 851 1051 933 tinem,

125 951 185 994 uec
205 939 253 994 tot
273 935 484 1030 orationibus,
505 955 585 1016 quae
605 955 661 1016 pro
684 943 715 997 te
737 934 829 1016 fiunt,
850 938 910 997 nisi
932 937 964 997 in
986 937 1051 997 dies

123 1015 214 1096 peior
233 1015 299 1078 fieri
321 1020 453 1084 voluisti.
498 1019 677 1084 curavimus
700 1020 780 1079 enim
799 1019 1001 1099 Babylonem,
1022 1029 1053 1080 et

127 1117 192 1160 nou
215 1107 263 1160 eat
287 1109 406 1182 sauata,
428 1104 636 1181 relinquamus
659 1120 733 1182 ergo
756 1121 834 1182 eam,
857 1109 895 1165 ut.
910 1104 950 1163 sit
969 1101 1053 1165 habi-

127 1183 206 1243 tatio
229 1182 414 1264 draconum,
436 1185 606 1263 lemurum,
629 1185 802 1264 larvarum,
826 1186 999 1265 lamiarum,
1022 1194 1053 1245 at

124 1267 213 1326 iuxta
235 1284 348 1327 nomen
371 1287 468 1348 suum,
491 1268 630 1329 conlusio
653 1270 850 1347 sempiterne,
869 1268 961 1330 idolis
982 1286 1052 1330 ava·

126 1349 229 1426 ritiae,
250 1349 386 1430 perfidis,
409 1353 569 1432 apostatis,
592 1350 756 1431 cynaedia,
777 1352 906 1432 priapis,
928 1352 1052 1413 latroni-

124 1430 193 1511 bus,
215 1430 400 1511 simonibus,
422 1442 452 1495 et
464 1432 590 1495 infinitis
604 1433 672 1495 aliis
690 1436 834 1496 monstris
847 1435 886 1496 ad
898 1453 933 1496 cs
950 1435 1052 1516 plena,

125 1521 158 1575 et
179 1533 295 1575 novum
319 1517 474 1595 quoddam
496 1516 656 1578 Pantheon
678 1518 854 1597 impietatis.
889 1518 989 1598 Vale,
1011 1519 1052 1578 mi

128 1596 238 1677 lector,
260 1604 291 1659 et
312 1598 413 1664 dolori
436 1618 506 1661 meo
527 1601 666 1681 ignosce,
690 1607 721 1661 et
741 1607 929 1682 compatere.

151 1937 184 2002 F.
214 1935 411 2000 silvester
438 1938 483 1999 de
515 1938 689 2000 Priario
717 1939 792 2001 Pio
819 1939 977 2001 Lectori
999 1938 1031 2002 Β.

214 2125 292 2188 Suae
314 2144 500 2205 suorumque
520 2145 630 2206 preces
655 2127 757 2207 (quod
777 2126 923 2192 videlicet
946 2133 1053 2188 nostra

128 2228 146 2270 e
168 2209 278 2288 istola,
313 2228 392 2289 quae
420 2209 493 2269 olim
523 2229 556 2270 se
582 2211 747 2291 parituram
775 2209 962 2288 minabatur,
989 2228 1052 2271 uon

127 2227 293 2367 abortiret)
304 2293 450 2352 Martinus
464 2291 576 2353 Luther
586 2290 615 2376 ¹)
642 2293 812 2371 exauditas,
837 2301 870 2356 et
889 2291 1051 2373 intelligat,

129 2379 161 2435 et
182 2376 208 2435 si
228 2374 314 2436 lubet
335 2375 449 2456 gratias
471 2375 638 2458 reddata).
671 2376 779 2457 Neque
795 2377 877 2438 euim
898 2376 1051 2455 abortivit,

128 2455 186 2519 ssd
221 2459 358 2539 pugilem
381 2464 412 2519 et
432 2458 591 2520 robustum
614 2467 645 2521 et
673 2460 784 2522 fortem
813 2460 906 2520 enixa
932 2464 994 2537 est,
1022 2466 1054 2519 et

128 2539 209 2601 adeo
231 2540 374 2602 fatalibus
396 2543 488 2602 armis
510 2542 708 2621 instructum,
735 2549 768 2604 ut
788 2548 855 2604 toto
878 2539 1052 2603 Christiano

127 2622 290 2704 populob)
315 2631 489 2705 spectante,
524 2631 557 2685 ut
577 2626 760 2706 pollicebar,
790 2626 905 2687 victum
927 2630 1052 2689 sternat.

127 2705 176 2768 Ne
197 2726 273 2768 vero
295 2714 348 2768 aut
369 2707 532 2787 ineidiose,
566 2716 619 2769 aut
645 2715 775 2788 repente
807 2727 841 2769 se
869 2715 1051 2787 occupatum

127 2797 279 2870 causetur,
302 2810 455 2851 armorum
478 2811 600 2852 suorum
624 2791 757 2852 indicem
769 2791 912 2870 mittite).
942 2790 1052 2852 Acciu-

126 2881 217 2955 gatur
239 2893 313 2954 ergo
336 2881 368 2934 et
384 2875 424 2933 sit
445 2873 492 2933 vir
513 2874 610 2954 fortis,
634 2876 748 2954 quippe
769 2873 989 2955 superbissimo
1007 2873 1051 2933 illi

126 2956 238 3036 verbo,
261 2976 322 3036 quo
352 2956 459 3035 crebro
488 2959 596 3018 utitur:
645 2957 765 3018 Doceat
799 2976 866 3035 me,
900 2955 1051 3036 inquiens,

146 3040 178 3101 ui
204 3046 327 3120 potest,
360 3039 501 3101 alludens
529 3039 614 3121 pugil
641 3040 700 3100 iste
727 3038 813 3100 dicit:
851 3037 1052 3118 Respondeat

159 3123 287 3200 artium,
311 3123 336 3181 si
358 3129 471 3202 potest.
514 3124 670 3183 Blaterare
692 3122 833 3203 equidem
856 3122 983 3202 poterit,
1006 3140 1052 3182 aa·

125 3207 247 3287 pienter
268 3224 343 3266 vero
356 3205 545 3287 respondere
558 3225 620 3266 non
636 3207 758 3287 poterit
793 3205 868 3267 Mox
878 3222 954 3266 vero
967 3223 1052 3265 arma

125 3289 195 3370 ipsa
215 3289 394 3369 perspicies.
438 3290 526 3353 Vale.

128 3422 556 3435 *mu—-

180 3479 214 3544 a]
239 3477 409 3533 Humilitatis
435 3494 519 3533 causa
545 3494 575 3532 se
604 3480 696 3548 ipsum
719 3480 812 3532 iactat.
855 3478 884 3544 b)
912 3475 1003 3528 Etiam
1021 3476 1051 3527 in

124 3551 206 3606 ludia
225 3559 253 3605 et
271 3553 391 3618 Scythia
431 3551 456 3618 c)
477 3551 556 3617 Vide,
574 3555 604 3601 ut
616 3550 727 3603 heroice
743 3554 877 3618 provocet
891 3548 924 3600 ad
938 3562 1051 3616 respou-

124 3627 234 3679 rionem
255 3623 373 3676 duorum
392 3623 527 3676 librorum
553 3637 603 3690 per
630 3621 780 3690 prologum
802 3621 876 3673 tertii
898 3619 977 3688 libri,
1003 3620 1051 3688 qui

123 3699 206 3750 iuxta
224 3695 406 3764 Evangelium
425 3696 532 3764 primus
553 3701 580 3746 et
597 3696 766 3747 novissimus
788 3697 838 3744 est.

179 3767 213 3833 1)
235 3766 265 3819 ln
283 3766 419 3822 eddam:
440 3765 584 3819 lutherus.

177 3867 271 3909 Luthsrl
285 3878 337 3919 opp.
350 3869 377 3911 V.
391 3867 418 3910 Δ.
433 3866 462 3909 ad
475 3867 515 3908 ret.
529 3867 580 3909 hlst.
593 3866 609 3907 t.
623 3876 646 3916 p.
659 3863 709 3907 Vct.
722 3864 753 3905 11.
821 3864 842 3931 ss
