2356 4200
285 311 313 362 et
330 305 474 362 voluntate
492 307 613 362 bominis
631 309 692 364 siue
710 310 807 379 gratia
954 302 1017 374 249

178 474 281 538 Prima
307 495 379 558 pars
402 476 610 539 conclusionis
636 484 723 558 patet
743 497 782 538 ex
804 478 858 540 illo
881 478 1018 562 apostoli

93 560 183 623 Rom.
205 558 290 622 Xlll:
340 559 504 621 Plenitudo
533 560 611 641 legis
638 567 686 621 est
712 559 854 640 dilectio',
888 562 1018 625 scientia

94 642 199 724 inflat,
223 643 334 704 carias
356 660 431 704 vero
454 641 611 704 aedificat:
649 644 738 725 item,
770 643 861 706 litera
892 645 1017 731 occidit,

90 726 220 809 ‘spiritus
244 731 348 789 auteur
375 725 520 789 viviticat.
574 722 662 801 Quae
689 725 784 788 rerba
812 734 947 789 tractans
978 728 1017 792 D.

93 808 286 891 Augustinus
308 808 398 871 dicit:
428 807 584 890 Scriptura
605 809 682 890 legis
699 810 766 871 sine
778 812 904 873 caritate
921 810 1018 895 inflat,

94 911 159 954 non
181 890 342 972 aedificat,
363 898 395 953 et
416 890 509 972 paulo
531 897 618 971 post:
656 892 802 974 cognitio
817 895 922 975 itaque
939 894 1018 979 legis

93 975 169 1036 iacit
189 974 355 1057 superbum
377 975 673 1056 praevaricatorem,
699 994 756 1056 per
778 976 892 1039 donum
915 972 1018 1039 anterii

93 1057 232 1120 audiatis
253 1056 420 1119 delectati
463 1059 488 1116 's
509 1076 579 1118 esse
599 1057 765 1136 factorem3
795 1066 827 1120 et
854 1061 885 1120 in
914 1060 1019 1133 multis
1133 1086 1136 1097 ·

93 1141 174 1203 locis
203 1139 291 1201 dicit:
333 1136 398 1201 Lex
452 1148 507 1201 ata
527 1147 590 1220 est,
624 1147 658 1201 ut
691 1143 790 1222 gratia
812 1142 1018 1224 quaereretuii

93 1223 197 1306 gratia
218 1222 292 1285 data
312 1229 374 1303 est,
396 1228 431 1283 ut
452 1223 504 1284 lex
525 1223 712 1305 impleretur.
1009 1230 1015 1245 ’

179 1305 318 1367 Alteram
344 1312 464 1386 partem
491 1306 528 1367 D.
551 1305 740 1387 Augustinus
763 1307 794 1367 in
816 1307 919 1368 multis
940 1307 1019 1369 locis

95 1386 241 1451 ostendit.
266 1388 346 1450 Satis
360 1388 417 1450 erit
432 1389 494 1448 iam
511 1387 664 1450 adducere
698 1389 837 1451 uaedam.
854 1390 925 1453 lon.
942 1390 1015 1452 XV:

94 1470 171 1546 Sine
191 1490 244 1532 me
266 1470 341 1532 nihil
363 1472 493 1552 potestis
514 1471 627 1533 tacere.
668 1407 814 1534 Eiusdem
837 1481 896 1534 est:
918 1473 1018 1536 Nemo

92 1560 202 1636 potest
221 1554 328 1615 venire
351 1553 390 1614 ad
418 1573 485 1633 me,
514 1555 574 1615 nisi
600 1555 692 1615 fuerit
713 1556 740 1616 ei
763 1555 866 1616 datum
889 1576 907 1617 a
928 1557 1020 1618 Patre

93 1655 176 1699 meo.
225 1636 438 1717 Apostolusl
475 1636 545 1698 Gor.
572 1636 632 1699 IV:
689 1637 769 1714 Quid
803 1639 883 1700 enim
913 1639 1019 1719 habes,

116 1719 179 1782 uod
203 1737 266 1781 non
288 1719 459 1800 accepisti?
490 1719 532 1779 Et
548 1719 651 1780 multis
669 1720 737 1781 aliis
759 1723 831 1782 novi
854 1729 886 1783 et
907 1722 1023 1791 veteris,

92 1739 230 1865 beatam.
253 1801 468 1863 concludendo
490 1803 535 1862 sic
565 1801 714 1882 docetur,
741 1805 936 1884 maximeque
964 1824 1021 1887 par

94 1884 291 1947 Ezechielem
313 1884 512 1966 prophetam,
542 1884 594 1947 ubi
615 1904 740 1966 prorsus
761 1887 845 1948 Deus
867 1889 926 1964 ait,
952 1887 1018 1948 nul'·

94 1968 133 2028 lis
167 1987 202 2028 se
236 1966 394 2029 hominum
430 1968 546 2029 meritis
574 1967 665 2029 bonis
695 1971 876 2050 provocari,
908 1977 942 2030 ut
963 1968 1018 2032 eo's

94 2051 197 2113 bonos
219 2049 328 2129 iaciat,
364 2047 447 2111 velut
475 2049 656 2113 obedientes
679 2052 929 2132 mundationum,
964 2052 1018 2114 sed

94 2133 199 2214 potius
221 2132 283 2194 hoc
304 2134 347 2193 eis
369 2132 537 2194 retribuere
557 2133 674 2194 bonum
696 2154 752 2215 pro
778 2135 871 2211 malo,
892 2143 1019 2232 propter

95 2236 130 2278 se
152 2217 252 2298 ipsum
274 2217 335 2276 hoo
356 2215 508 2295 faciendo,
530 2235 592 2277 non
606 2223 733 2298 propter
747 2217 828 2281 ilios.
862 2217 914 2278 Art
926 2218 1018 2297 enim,

93 2299 174 2360 haec
195 2298 269 2359 dicit
289 2298 439 2360 Dominus
459 2299 543 2359 Deus
565 2307 649 2378 tuus,
671 2299 748 2360 haec
778 2301 886 2361 faciam
914 2299 1019 2363 domui

94 2381 192 2443 Israel
212 2388 341 2462 propter
361 2400 474 2442 nomen
496 2400 597 2442 meum
620 2390 775 2463 nanctum,
808 2384 890 2464 quod
918 2384 1017 2465 prola

95 2465 193 2525 nostis
214 2465 245 2524 in
267 2463 429 2546 gentibus,
455 2470 486 2524 et
507 2471 579 2545 post
599 2465 695 2526 multa
726 2466 821 2528 verba
848 2467 1018 2549 prophetae

95 2547 246 2628 sequitur:
289 2547 359 2607 Non
385 2553 512 2628 propter
538 2567 679 2629 vosego
710 2549 808 2625 facio,
837 2551 935 2630 inquit
956 2549 1017 2611 Du·

95 2631 197 2690 minus
220 2629 319 2706 Deus,
348 2637 454 2690 notum
479 2630 518 2690 sit
538 2630 637 2692 vobis.
678 2631 727 2692 Ex
749 2632 857 2712 quibus
876 2632 1018 2694 omnibus

95 2712 133 2776 D.
157 2711 206 2772 Au
250 2713 363 2791 atinus,
397 2713 514 2793 gratim
536 2711 696 2793 defensor,
727 2733 795 2774 curn
823 2716 1017 2777 sanctissimo

95 2802 209 2876 aposto
223 2814 259 2871 o,
292 2796 410 2875 gratiae
431 2794 663 2875 praedicatore,
697 2796 779 2876 quod
802 2816 865 2858 non
885 2798 1018 2859 hominis

96 2879 136 2938 sit
173 2877 307 2939 volentis
334 2885 365 2938 et
393 2879 557 2956 currentis,
586 2878 642 2940 sed
663 2879 721 2940 Dei
751 2880 936 2957 miserentis,
966 2881 1017 2961 qui

96 2979 229 3040 poenam
263 2978 327 3022 non
361 2959 463 3020 reddit
494 2962 554 3020 nisi
593 2960 743 3042 debitam,
776 2961 1016 3024 misericordiam

94 3063 171 3105 vero
193 3043 251 3103 nisi
273 3042 450 3107 indebitam.
487 3043 659 3105 (lassabunt
671 3046 763 3127 igitur
776 3054 807 3106 et
822 3045 906 3107 nulla
928 3052 1017 3107 erunt

95 3127 227 3204 menta,
267 3127 398 3207 gratiam
439 3126 671 3206 praecedentia3
722 3129 898 3190 necessario
942 3148 960 3189 c
997 3146 1016 3190 o

95 3209 191 3271 homo
223 3209 290 3268 sine
317 3209 417 3289 gratia
439 3207 519 3269 tilius
542 3216 648 3270 manet
672 3211 753 3292 irae,
790 3213 862 3292 quia
883 3210 940 3272 soli
963 3209 1017 3271 ti'i

95 3291 154 3352 Dei
178 3298 268 3370 sunt,
289 3291 341 3370 qui
363 3291 470 3372 spiritu
487 3292 546 3352 Dei
568 3301 708 3372 aguntur.

401 3408 667 3471 corollarium
695 3411 719 3472 1.

179 3513 331 3574 Voluntas
359 3513 493 3576 hominis
520 3516 587 3576 sina
615 3517 717 3596 gratia
744 3536 808 3578 non
836 3524 884 3578 est
911 3516 1016 3595 libers,

96 3597 152 3658 sed
175 3616 280 3675 serva,
295 3596 330 3679 *)
356 3597 428 3657 licet
448 3615 510 3658 non
532 3599 638 3659 invita.

95 3701 200 3711 —0-0

153 3733 184 3802 ⁰)
196 3735 259 3787 ‘Pro
272 3749 374 3788 serva
387 3718 616 3804 legiturzservit,
635 3738 662 3787 in
684 3735 762 3792 Torn.
781 3737 802 3791 l.
831 3738 887 3791 Lat.
907 3736 1016 3791 Wittab.

95 3810 127 3859 ut
145 3810 173 3860 et
189 3808 218 3859 in
239 3804 385 3860 Thasibus.
