2356 4200
384 274 413 329 F.
433 273 503 328 silv..
518 275 602 331 Prior.
622 273 711 328 cd-D.
731 274 766 331 ιι.
782 274 865 330 Loth.
1043 269 1086 338 95

161 460 228 502 cem
245 441 460 502 dissidentibus
474 443 505 502 in
520 443 652 513 materia,
665 442 737 503 fidei
747 444 832 523 Papa
845 449 897 504 aut
908 443 1040 524 Legatos
1048 441 1083 527 P)

157 527 229 585 vice
249 527 314 586 eius
336 525 515 605 praesidens
536 526 678 601 concilio,
700 525 844 587 iudicium
868 527 1001 589 formare
1021 545 1084 588 non

160 608 252 669 debet
273 609 440 668 secundum
464 608 608 669 iudicium
631 610 765 687 maioris,
788 609 842 669 sed
864 610 994 671 sanioris
1017 628 1085 690 per·

159 693 207 770 tie,
229 691 297 751 sive
318 694 403 752 euius
425 693 560 752 rationes
582 700 652 751 sunt
674 692 834 770 meliores,
861 693 985 753 etiamsi¹
1003 699 1085 753 esset

158 793 237 834 unus
260 774 359 853 solue,
383 793 453 834 nam
475 781 506 834 et
527 774 757 855 Paphnutiusq)
783 775 1084 837 contradixit-Nice·

159 876 219 919 nas
241 855 387 937 Synodo,
411 865 441 918 et
458 859 595 917 obtinuit
616 857 657 919 di.
679 857 790 920 XXXI.
812 858 939 921 Niceaa.

186 945 196 1010 ζ
242 940 283 1000 ut
304 943 332 1005 6.
354 940 396 1000 ibi
419 941 514 1001 multa
536 941 658 1001 obieeta
680 941 881 1013 solvuntum
975 983 978 989 -
1046 976 1051 989 ·

188 1070 191 1075 .
241 1023 321 1087 [ibri
346 1023 475 1083 secundi
498 1030 591 1103 caput
611 1025 763 1103 primum,
792 1025 874 1103 quod
897 1026 936 1085 sit
956 1024 1083 1085 haereti-

159 1105 268 1188 cumr)
294 1106 414 1183 dicere,
444 1107 525 1186 quod
547 1109 578 1165 in
601 1107 733 1167 ecclesia
755 1107 907 1168 catholica
930 1126 999 1168 uon
1013 1127 1083 1187 poe-

157 1192 221 1249 sint
253 1190 317 1249 fieri
349 1208 440 1249 verae
467 1189 693 1269 indulgentiae,
725 1198 834 1251 contra
864 1190 1082 1287 adversarium,

157 1274 272 1352 quiex
300 1273 503 1352 promulgatis
533 1274 629 1332 veniis
659 1275 854 1334 occasionem
878 1275 1009 1354 sumpsit
1029 1275 1082 1334 im·

156 1355 348 1436 pingendil)
373 1365 480 1416 contra
502 1356 704 1450 apostolicam
726 1357 841 1417 sedem
892 1394 896 1405 ·
958 1406 960 1411 .
1061 1405 1067 1411 .

241 1438 280 1497 Et
309 1438 349 1498 ibi
386 1442 411 1500 ι.
440 1438 550 1534 quid
543 1441 688 1533 apportet
714 1438 923 1519 indulgentiae
945 1438 1082 1519 verbum,

152 1540 194 1581 -ac
216 1523 325 1582 veniae
347 1530 377 1581 et
397 1521 594 1581 remissionis.
750 1538 753 1544 ·

160 1592 163 1597 ’
242 1604 330 1666 istra.
354 1603 424 1683 quid
439 1605 488 1663 sit
508 1604 708 1683 indulgentia.

128 1696 133 1702 ’
241 1687 279 1746 Et
301 1691 329 1750 3.
353 1687 435 1766 quod
458 1688 489 1746 in
512 1687 644 1746 ecclesia
665 1687 738 1746 facit
760 1706 848 1747 veras
876 1687 1081 1768 indulgentias

134 1843 136 1847 7
155 1763 298 1830 Pontifex
320 1769 489 1846 Maximus,
511 1776 542 1829 et
563 1771 711 1850 episcopi,
735 1770 783 1830 rei
804 1769 856 1830 alii
878 1770 1001 1849 quidam
1024 1771 1080 1831 sub

155 1853 336 1913 limitatione
359 1851 525 1913 Pontiiicis.
974 1883 977 1889 ·

240 1936 328 1998 Etr
351 1936 390 1995 ibi
413 1935 621 1995 dissolvuntur
643 1935 731 2014 plura
752 1935 884 1996 obiecta
1124 1993 1125 1997 ,

240 2017 686 2115 utaquodsaneti,qu1ad
710 2018 859 2078 eiusmodi
882 2019 988 2079 venias
1004 2019 1080 2079 elar-

154 2103 282 2182 giendas
306 2107 378 2164 moti
358 2108 479 2178 t,sunt
503 2121 563 2161 non
589 2121 628 2160 ex
651 2101 817 2179 vuluntate,
840 2101 894 2160 sed
911 2103 1080 2179 curatione

151 2193 371 2266 processerunt
380 2231 388 2261 ,
411 2184 493 2265 quod
516 2183 662 2264 probetur
683 2184 724 2242 ibi
745 2183 1027 2264 exprobabilibus,
1050 2172 1080 2245 et

148 2288 233 2348 pene
255 2271 355 2328 statim
379 2288 418 2327 ex
440 2269 670 2362 necessariiss)

222 2352 276 2410 -nt
309 2355 347 2416 6..
371 2349 565 2429 quomodo
557 2371 587 2410 ιιι
623 2355 729 2409 nostro
684 2348 835 2409 thone
860 2368 971 2431 opere,
1004 2356 1080 2430 puta

153 2435 367 2514 eleemosyna,
400 2442 446 2493 est
468 2435 660 2492 meritumet
648 2432 867 2510 satisfactio,
897 2440 927 2493 et
948 2434 1078 2513 primum

103 2544 105 2548 ’
152 2536 274 2597 semper
296 2526 343 2577 est
364 2519 534 2596 operantis,
558 2535 620 2575 non
643 2517 839 2594 secundum,
856 2515 913 2577 sed
935 2517 999 2576 eins
1022 2535 1077 2597 pro

152 2619 214 2681 quo
236 2601 420 2661 intendimus
444 2599 629 2662 satisfacere.
730 2641 744 2650 -

236 2685 320 2747 Et?
349 2683 431 2763 quod
463 2683 570 2743 merita
592 2681 704 2742 Christi
736 2687 790 2741 aut
810 2680 992 2742 Sanctorum
1015 2699 1078 2740 non

152 2786 219 2826 esse
241 2768 331 2846 piene
354 2773 548 2826 remunerata
590 2771 636 2825 est
666 2764 703 2824 ab
735 2763 892 2843 aliquibus
910 2765 1077 2824 canonistis

149 2851 353 2929 impropriet)
378 2851 515 2924 dictum,
538 2847 700 2907 intendunt
723 2855 844 2923 autem,
867 2845 949 2925 quod
971 2847 1077 2907 talium

150 2934 375 2994 satisfactiones
399 2952 461 2993 non
484 2894 555 2991 sdnt
577 2950 684 2990 omnes
708 2937 887 3010 evacuatae,
912 2929 960 2989 vel
983 2930 1078 3010 appli-

149 3025 239 3076 catae
248 3017 451 3096 ,alioquin'
444 3035 503 3076 ram
526 3015 632 3109 passio
655 3013 766 3073 Christi
789 3031 850 3074 non
873 3018 997 3090 essetu)
1031 3031 1077 3072 sa·

149 3099 282 3161 tissaetio
304 3120 360 3204 pro
384 3099 520 3179 quotidie
540 3097 634 3177 poeni
636 3103 700 3156 tten
636 3095 778 3158 ttibus

969 3205 995 3233 κ

203 3348 233 3412 p)
258 3344 308 3395 Vei
334 3345 415 3395 etiam
447 3344 579 3412 magister
610 3342 708 3394 Palatii
734 3340 777 3394 vel
813 3343 939 3395 notarius
967 3343 1075 3410 aliquis.

104 3465 107 3472 ,
148 3416 181 3484 q)
216 3415 362 3466 Pulchrum
401 3422 594 3483 argumentum
628 3432 644 3466 a
677 3419 773 3466 sancto
804 3415 864 3466 viro
891 3414 926 3466 ad
953 3416 1077 3483 impium.

147 3496 174 3550 r)
195 3487 369 3539 Haereticam
390 3487 541 3538 secundum
563 3486 642 3537 fidem
663 3486 796 3549 Silvestri,
818 3501 873 3552 qua
892 3484 1012 3538 creditur
1029 3488 1078 3538 im·

124 3557 253 3626 pietati,
274 3564 303 3610 ιιι
324 3558 466 3625 apostolus
487 3559 634 3625 praedixit.
671 3559 701 3622 s)
721 3557 756 3609 Et
773 3572 823 3623 per
841 3571 871 3609 se
890 3560 965 3610 notis
980 3574 1012 3610 ac
1024 3561 1076 3626 pri-

146 3632 200 3682 mis
220 3631 360 3698 principiis
380 3629 444 3682 libri
463 3630 657 3682 Eienchoram.
696 3628 722 3696 t)
738 3627 1076 3698 silvester'impropriista.

146 3701 180 3769 ιι)
202 3702 287 3767 Quasi
307 3702 407 3753 Christi
428 3703 521 3768 passio
542 3708 569 3754 et
587 3701 687 3754 merita
706 3703 870 3755 Sanctorum
889 3699 1012 3756 habeant
1038 3703 1077 3757 ul·

144 3775 200 3825 iarn
222 3775 442 3840 proportionem.
480 3773 525 3824 Sic
546 3771 742 3824 Silvestrsliter
761 3771 891 3839 disputat.

200 3845 232 3912 1)
255 3845 286 3896 In
306 3843 349 3897 ed.
368 3844 446 3897 den:
465 3843 668 3914 impinguendi.
