2356 4200
322 274 358 332 de
374 278 475 341 virtute
492 277 740 348 indulgentiorem·
935 275 994 341 tt?

77 450 197 524 metm,
227 453 260 509 et
278 446 531 535 impedimentum
552 446 841 529 impedimentorum
861 447 996 513 omnium

76 529 215 593 ultimum
237 536 269 592 et
291 531 458 593 maximum
481 536 538 592 eet

396 710 615 772 Conclusio
642 710 680 772 x.

159 857 291 923 lndoote
312 866 346 923 et
365 859 447 923 mele
467 860 585 923 ieeiunt
605 859 784 929 secerdotes
804 860 837 938 ii,
860 860 912 940 qui
932 877 996 927 me

77 941 179 1004 rituris
200 943 410 1022 poenitentioe
431 945 598 1007 oenonioee
619 943 650 1004 in
672 942 880 1025 purgumrium
901 961 997 1015 reper-

77 1029 161 1091 veut
571 1060 585 1092 ·,
931 1078 934 1085 .
989 1066 993 1072 -

158 1105 201 1169 Iu
220 1107 281 1170 hoo
302 1126 425 1187 qnoque
437 1108 635 1184 corollarium
658 1108 852 1171 menifestum
866 1112 913 1168 est
926 1125 997 1171 eou-

79 1189 225 1251 olusionis
247 1190 276 1254 8·
298 1189 339 1253 Bt
360 1197 443 1253 eerte
465 1199 537 1255 eunt
556 1190 706 1269 nonnulli,
728 1192 781 1271 qui
793 1190 939 1259 mirentur
954 1189 997 1269 ¹),

79 1272 106 1333 si
139 1271 219 1333 heeo
255 1271 332 1334 liunt
366 1293 386 1334 e
420 1273 641 1337 sacerdotibus.
690 1273 734 1335 At
767 1274 873 1354 utique
909 1271 995 1343 liunt.

80 1355 158 1421 eun
179 1373 253 1418 vero
283 1354 314 1415 id
343 1355 384 1417 sit
402 1356 471 1436 plue
494 1355 700 1419 obedientium
728 1374 880 1425 uenenum
906 1374 997 1435 quem

80 1435 287 1499 obedientiam
311 1439 451 1500 vooentis
474 1439 532 1499 Dei
554 1438 740 1520 ponderare,
763 1447 800 1501 et.
815 1439 927 1507 viliore
947 1457 996 1505 oe·

79 1538 196 1581 nonum
217 1539 314 1601 opere
334 1521 489 1601 praeferre
511 1523 609 1602 pretio
631 1522 870 1602 pretiosissimae
891 1521 997 1582 mortis

80 1600 349 1682 Christienorum,
383 1605 490 1666 neseio
524 1604 549 1680 ei
569 1603 615 1665 illi
636 1610 739 1667 reetee
766 1603 838 1665 lidei
859 1603 997 1684 regulam

80 1690 216 1763 teneant,
240 1687 290 1766 qui
313 1685 366 1746 teli
389 1687 496 1748 imbuti
519 1695 590 1747 sunt
611 1687 768 1766 opinione.

163 1767 306 1830 fleenndo
328 1767 361 1829 id
381 1775 488 1831 notum
511 1776 575 1849 eet,
597 1775 628 1831 et
648 1769 818 1850 insignibus
840 1769 997 1831 sutoribus

80 1850 255 1916 eelebrein
277 1851 420 1912 eeoleeie:
442 1851 474 1912 Si
496 1869 587 1931 quem
608 1851 692 1913 Dens
713 1852 869 1914 hominem
893 1853 998 1915 inme

79 1932 136 1993 diis
157 1933 232 2014 ipsis
255 1932 399 2015 operibus
422 1933 617 1996 obedientiae
637 1926 865 1996 ecclesiastieae
886 1933 931 1996 ed
948 1953 997 1996 eo·

80 2016 176 2077 etesin
198 2021 322 2096 reperet
342 2015 393 2077 vel
414 2016 599 2098 singularem
614 2017 893 2096 illuminationem,
914 2024 999 2078 tene-

80 2104 129 2160 tur
147 2098 242 2160 homo
265 2105 328 2159 tum
352 2117 429 2178 opus
446 2100 648 2161 intermittere
671 2107 703 2161 et
721 2099 927 2162 obedientiam
950 2117 998 2160 eo·

80 2181 194 2242 olesiee
214 2181 388 2261 relinquere
408 2178 446 2264 ¹⁵)
470 2188 502 2242 et
522 2183 590 2244 Deo
613 2182 742 2263 obsequi
763 2182 879 2264 mergis,
906 2198 998 2262 qnsm

80 2262 264 2339 hominibus.
306 2263 373 2325 lmo
395 2263 501 2325 dieunt
521 2266 553 2325 in
575 2266 648 2347 ipsis
669 2266 753 2327 horis
775 2265 932 2326 eenonieie
955 2272 998 2326 et

80 2347 250 2409 tentionem
271 2346 433 2408 verborum
457 2346 570 2408 debere
593 2349 701 2428 omitti,
728 2355 837 2410 eontru
856 2366 1001 2429 preeeep·

81 2436 144 2490 tum
175 2428 343 2509 eoelesiee,
377 2431 402 2490 si
426 2448 487 2510 que
516 2431 652 2493 emiserit
672 2431 816 2493 eoelestis
836 2430 999 2491 illustratio

82 2518 114 2573 et
133 2510 267 2573 effeetio.
299 2511 332 2574 Si
354 2530 429 2592 ergo
451 2514 482 2574 in
504 2514 541 2573 iis
557 2513 771 2575 voeetionibns
792 2515 939 2576 ferientur
959 2513 1000 2576 le·

82 2613 138 2676 ger
159 2594 328 2674 eoelesiee,
350 2595 508 2676 quomodo
530 2615 593 2657 non
615 2597 761 2659 mrientm
782 2599 814 2658 in
836 2598 1001 2659 vocatione

82 2684 120 2739 et·
135 2679 247 2739 eostesi
275 2683 339 2738 tem
360 2697 488 2760 megne,
522 2679 642 2740 seilicet
669 2680 796 2741 mortis?
837 2679 903 2740 Nisi
923 2680 1002 2742 forte

82 2759 244 2821 stultorum
271 2761 357 2840 sequi
379 2768 502 2842 oportet
524 2761 771 2840 multitudinem,
801 2761 852 2842 qui
875 2762 905 2821 in
929 2780 1000 2842 ope-

83 2842 168 2904 ribns
189 2843 252 2904 suis
275 2843 530 2905 ceremonialibus
543 2845 587 2904 ite
607 2843 745 2922 haerent,
768 2845 1000 2905 utmenilestem

80 2925 292 2987 ‘obedientium
313 2926 371 2986 Dei
405 2933 436 2986 et
456 2926 617 2987 hominum
643 2935 771 3008 propter
797 2927 851 2986 ille
879 2927 1001 3008 suepins

82 3014 293 3088 postponent,
331 3014 362 3069 et
381 3014 465 3070 reete
486 3007 544 3071 eibi
565 3009 677 3071 iecisse
697 3009 874 3087 videantur,
903 3011 930 3070 ei
949 3009 1003 3070 ille

83 3097 222 3169 tentum,
244 3096 349 3153 oetere
370 3110 443 3151 vero
465 3109 620 3171 nunquam
642 3093 780 3154 iecerint.
831 3104 833 3106 ’

166 3173 290 3251 Tertio,
320 3180 403 3236 esset
423 3193 498 3235 sene
520 3174 654 3236 eoelesie
675 3183 738 3236 tum
760 3175 835 3235 ends
855 3173 950 3253 impie
971 3175 1002 3235 in
1066 3162 1074 3187 ²

83 3255 194 3336 Deum,
215 3257 241 3317 si
262 3256 382 3319 seilicet
400 3276 471 3320 enm
491 3257 523 3316 in
536 3258 671 3319 enoforo
689 3259 836 3319 retineret
856 3256 1002 3335 interiori,

86 3357 177 3418 quem
198 3339 283 3400 Deus
304 3339 366 3400 iem
387 3338 427 3401 nd
449 3359 536 3400 snum
559 3339 690 3403 tribunal
715 3358 888 3420 supremum
901 3345 1003 3417 voeet,

85 3428 139 3483 eut
160 3419 284 3501 qnando
315 3424 429 3502 petitur
449 3440 586 3483 summus
618 3425 759 3504 pontifex
788 3441 874 3483 reum
907 3422 1004 3482 teneri

159 3702 192 3768 1)
213 3699 246 3755 ln
265 3699 401 3758 edient
420 3703 562 3761 mirentur.

160 3775 191 3840 ⁴)
211 3773 272 3829 Deo
289 3772 353 3844 plns
370 3773 544 3845 parendum,
561 3790 645 3846 quum
664 3775 827 3839 canonibus,
878 3801 891 3817 ,-
