2356 4200
117 294 181 360 tto
515 293 646 351 Antoniani

199 463 286 528 Luth.
310 464 342 526 si
354 463 540 525 Ecciustam
561 470 721 545 promptus
736 469 820 526 esset
840 480 990 544 quaerere
1010 465 1042 523 et

119 547 242 627 audire,
264 567 354 628 quam
375 553 424 608 est
444 546 581 610 iudIcare
602 554 634 608 et
655 545 871 625 condemnare,
892 566 955 608 non
978 552 1040 607 tum

122 632 256 694 Insulsus
277 630 365 692 fieret
387 636 434 690 tot
454 628 567 691 deliriis
589 637 621 691 et
641 631 740 712 nugIs.
771 630 854 692 Ecce
874 647 969 690 unum
989 626 1041 689 ad-

118 715 275 792 verbium,
312 713 429 774 scilicet
449 732 538 792 vere,
559 713 633 774 lecit
653 733 723 775 eum
743 718 807 775 tam
828 711 974 795 pudendo
998 730 1041 787 ‚er-

115 819 185 860 rore
200 797 271 868 labi.
298 796 368 877 Ego
383 802 599 876 compunctum
613 816 686 858 vere
698 797 818 878 accipio
840 797 933 877 plene
954 813 1038 857 eom-

115 887 273 962 punotum,
296 898 386 959 quem
416 882 508 940 etiam
539 879 664 941 evolare
687 880 753 940 sine
776 877 975 940 sacramentis
997 876 1039 939 di-

104 970 191 1025 cunt
211 981 333 1041 omnes,
350 962 445 1040 etqui
468 969 570 1042 negat,
587 970 634 1024 est
648 963 820 1023 haereticus
843 970 875 1023 et
894 963 926 1022 iu
939 960 1037 1023 Deum

115 1044 323 1126 blasphemus,
345 1045 416 1106 ideo
439 1046 620 1106 universalis
644 1065 713 1106 mea
734 1053 795 1106 stat
815 1044 950 1105 tirmiter.

199 1129 286 1190 Ultra
308 1128 399 1206 dico,
436 1130 528 1189 etiam
550 1129 720 1209 semiplene
742 1135 976 1209 compunctum,
1009 1133 1040 1188 et

117 1232 208 1290 quem
229 1213 298 1292 ipse
319 1211 431 1291 accipit
452 1211 590 1272 similiter
605 1211 720 1273 habere
741 1211 953 1272 remissionem
976 1209 1038 1290 ple·

116 1295 243 1373 nariam,
264 1299 284 1353 ‘a
305 1294 414 1374 poenis
426 1294 642 1356 ecclesiasticis
664 1294 722 1356 sibi
734 1293 878 1372 debitam,
900 1294 973 1373 qnia
993 1312 1038 1353 sa·

115 1377 224 1438 cerdos
246 1376 339 1438 debet
360 1377 387 1437 ei
410 1378 581 1453 remittere,
616 1376 738 1456 quando
770 1377 846 1440 vidit
875 1394 1038 1457 compunta

115 1470 188 1522 tum.
232 1459 298 1521 Nec
318 1461 479 1539 requiritur
503 1479 605 1540 poena
638 1460 860 1539 satisfactoria,
887 1479 928 1520 ex
951 1459 1036 1521 cnIus

116 1542 237 1605 somnio
261 1543 365 1604 omnia
385 1542 521 1604 Ecciana
541 1545 600 1603 ista
621 1542 802 1623 procedunt.

173 1680 174 1685 ’
265 1664 286 1716 ⁹
399 1676 507 1738 XVIII.
531 1676 748 1757 Obelisous.*)

197 1793 251 1854 Eo.
275 1794 543 1875 VerapropositIo.
565 1793 1035 1876 Actutexsequentibuspatst)

116 1896 184 1937 cnm
212 1877 298 1939 varia
330 1878 370 1938 sit
400 1886 575 1940 sanctorum
602 1879 795 1955 communio,
827 1877 979 1940 bonorum
1007 1883 1038 1938 et

117 1961 293 2021 meritorum
327 1962 536 2042 partIcipatio,
575 1962 724 2022 Lutherns
759 1961 938 2022 mirabiliter
969 1959 1036 2021 illas

117 2043 229 2123 ubique
267 2043 434 2105 confundit.
477 2044 603 2123 Alioqui
625 2045 651 2104 si
674 2044 781 2104 slmilis
803 2049 903 2122 esset,
935 2050 969 2104 et
988 2061 1036 2104 so·

116 2125 179 2188 lum
213 2126 365 2206 generalis
393 2128 586 2208 partipratio
616 2128 812 2187 existentium
844 2128 875 2186 in
909 2127 1036 2188 mriaa

119 2210 216 2287 (sicut
248 2209 290 2267 ait
332 2210 447 2270 David:
493 2211 649 2289 Particeps
693 2229 753 2290 ego
796 2229 862 2271 sum
899 2209 1035 2271 omnium

114 2291 283 2351 timentium
305 2291 371 2371 te),
394 2293 454 2353 iam
477 2295 588 2354 frustra
608 2298 712 2353 essent
733 2312 840 2353 omnes
866 2292 1034 2353 fraternita-

114 2382 176 2451 tes,
207 2393 314 2434 omnes
337 2377 611 2457 congregationes,
646 2375 728 2453 quod
761 2375 835 2435 nihil
867 2374 951 2436 aliud
979 2380 1036 2452 ost,

115 2475 205 2536 quam
229 2456 427 2517 Bohemicum
449 2461 531 2519 virus
554 2457 720 2520 effundere.

194 2538 282 2598 Luth.
313 2541 396 2600 Duas
420 2541 494 2602 istas
515 2543 651 2622 insignes
684 2539 905 2617 contumelias,
951 2537 1034 2619 qnod

114 2641 163 2681 me
185 2629 217 2680 et
237 2622 424 2683 haereticum
447 2630 478 2684 et
498 2625 680 2684 virulentum
694 2631 795 2700 vocat,
818 2641 888 2683 mea
909 2621 1032 2702 quidem

115 2723 154 2763 ex
176 2722 270 2764 causa
291 2714 417 2784 propter
438 2707 631 2787 evangelium
654 2706 795 2767 ferendas
817 2711 910 2785 puto,
933 2705 1033 2767 solnm

115 2785 189 2846 illud
213 2787 324 2848 Christi
347 2789 521 2869 exemplum
544 2796 682 2865 secutus,
721 2788 867 2850 dIcsndo:
902 2787 1034 2849 Daemo-

45 2905 52 2927 .
116 2870 200 2929 nium'
222 2889 285 2930 non
307 2870 426 2948 habeo,
450 2879 551 2932 tamen
582 2873 654 2950 quia
674 2873 705 2931 in
727 2872 841 2952 insigni
862 2869 1033 2949 academie,

113 2951 143 3010 in
167 2952 340 3032 approbata
366 2954 531 3036 religione,
560 2956 590 3014 in
620 2954 824 3015 illustrissimo
846 2952 958 3014 ducatu
981 2951 1053 3017 8ο·Ι

111 3036 242 3112 xoniae,
275 3036 306 3096 in
333 3037 523 3117 amplissimo
547 3038 744 3117 episcopatu,
767 3043 798 3097 et
818 3037 866 3097 his
889 3035 1031 3098 omnibus

20 3157 29 3171 s
113 3117 291 3178 catholicis:
315 3118 427 3182 deinde
448 3140 507 3202 ego
529 3121 597 3200 ipse
619 3118 695 3179 nihil
717 3137 872 3195 asserens,
896 3117 951 3180 sed
974 3117 1032 3180 dis·

111 3207 239 3279 putans,
268 3220 306 3260 ac
327 3203 496 3264 catholicus
518 3222 587 3264 esse
609 3221 779 3281 quaerens,
810 3221 878 3262 cum
901 3201 1031 3265 haereti-

113 3300 181 3342 cum
204 3302 267 3344 non
290 3284 382 3345 faciat
403 3287 460 3346 nisi
482 3285 652 3366 pertInacia
676 3287 786 3346 erroris
814 3286 845 3345 in
873 3282 950 3360 lide,
982 3283 1031 3344 hic

111 3373 213 3424 autem
237 3385 322 3427 error
343 3368 427 3428 solus
450 3377 513 3445 est,
535 3369 561 3428 si
584 3376 685 3429 tamen
709 3375 756 3429 est
782 3386 880 3428 error:
919 3365 1030 3428 deinde

111 3466 173 3507 non
195 3449 226 3507 in
250 3447 320 3526 fide,
336 3451 390 3510 sed
406 3453 436 3510 in
450 3451 645 3531 opinionibus
659 3450 860 3528 scholasticis,
873 3469 952 3531 opus
965 3450 1028 3525 crit,

113 3537 146 3588 ut
167 3549 259 3611 super
279 3531 338 3591 hac
359 3554 392 3593 re
414 3534 538 3595 Echum
566 3534 741 3594 iniuriarum
770 3534 970 3611 conveniam,
999 3537 1028 3592 et

112 3632 146 3671 os
168 3614 233 3672 eius
260 3615 428 3676 mendaciis
457 3625 488 3677 et
515 3615 713 3695 blasphemiis
735 3614 894 3677 abundans
917 3635 956 3678 eo
977 3615 1026 3676 ali·

164 3787 196 3859 ‘)
215 3788 358 3846 Adversus
376 3791 419 3848 37.
439 3791 567 3855 Conclns.
585 3795 705 3854 Lutheri.
