2356 4200
391 259 426 315 da
444 261 543 335 virtute
560 260 805 331 indulgentiarum.
997 259 1061 328 273
1102 258 1105 262 ⁴

133 426 227 508 palea
249 427 419 507 quaedam,
442 429 509 491 sinc
530 431 634 496 tamen
656 447 754 510 grano
776 428 986 506 Constantini,
1010 430 1061 493 de-

137 509 183 571 dit
205 509 365 576 ecclesiae.
409 509 483 573 ldeo
506 517 539 573 et
559 511 692 592 Prsia,
715 511 766 574 nbi
786 512 869 574 Deus
891 512 967 587 dicit
976 511 1061 576 dhri-

134 599 203 655 sto:
225 592 381 660 Postulaa
397 613 456 672 me,
479 602 510 656 et
531 593 612 669 dabo
636 596 690 655 tibi
708 602 817 677 gentes
838 597 870 657 in
891 595 1061 660 haeredita

135 683 210 753 tem,
232 683 263 736 et
277 678 510 773 possessionem
532 684 615 738 tuam
631 679 778 775 territincs
800 677 1061 776 temintelligi

134 758 414 920 tttttlltlt
430 759 637 923 ἳὶιῖξὲἳὲῗέ
659 759 1061 924 ttl'lttttttltt‘t

135 923 228 989 rebus
250 924 403 992 ecclesiae
424 932 456 986 et
477 925 693 1006 spiritualibus,
716 928 774 988 erit
793 926 940 1007 barbarus
963 926 1061 1007 nobis,

135 1007 211 1068 licet
232 1015 263 1068 et
283 1008 318 1071 B.
330 1007 510 1070 Laurentius
531 1007 693 1071 facultates
715 1008 868 1072 ecclesiae
888 1009 1000 1073 dixerit
1019 1009 1061 1071 di-

135 1090 238 1170 vitias,
260 1089 400 1153 sednon
422 1091 516 1155 solas.

449 1256 666 1319 Conclusio
696 1257 764 1320 LX.

221 1382 294 1446 Sine
315 1374 489 1446 temeritate
509 1383 658 1465 dicimus,
681 1385 784 1446 claves
808 1386 959 1448 ecclesiae
981 1386 1062 1464 (rna-

135 1469 196 1528 rito
220 1466 337 1528 Christi
354 1466 506 1545 donatas)
531 1485 600 1527 esse
623 1466 799 1529 the'scurum
820 1470 922 1531 istum.

131 1555 149 1575 ’·
220 1548 267 1610 Si'
288 1549 369 1610 istud
401 1551 542 1611 meritum
564 1557 745 1626 vocaretur,
775 1557 806 1612 et
835 1551 995 1615 thesaurus
1017 1553 1060 1613 in·

135 1631 380 1715 dulgentiamm,
414 1632 534 1694 scilicet
560 1640 699 1714 potestas
722 1628 869 1715 clavium,
898 1634 992 1717 plana
1014 1643 1063 1696 est

133 1713 349 1797 intelligentia.
373 1713 483 1776 Nullus
506 1717 586 1776 enim
611 1715 738 1797 dubitat,
761 1717 833 1796 quin
856 1717 1061 1798 meritnOhri-

136 1799 182 1883 sti
198 1796 346 1860 donatum
369 1798 408 1858 sit
429 1797 594 1880 ecelesiae,
614 1799 758 1880 quioquid
781 1799 930 1862 donatum
952 1806 1007 1861 est.

430 1963 648 2025 Conclusio
681 1961 771 2026 LXI.

218 2089 342 2151 Clarum
354 2097 403 2153 est
422 2093 515 2172 enim,
536 2091 621 2173 quod
643 2090 682 2153 ad
705 2093 919 2154 remissionem
940 2110 1056 2173 poena·

134 2193 203 2239 rum
227 2179 259 2234 et
279 2192 407 2237 casuum
430 2175 500 2236 sola
520 2173 635 2236 subicit
656 2181 794 2255 potestas
812 2194 923 2256 papac.

200 2256 397 2319 Probatnrcx
416 2259 486 2338 ipsc
508 2259 580 2321 stilo
602 2277 712 2339 papae,
735 2257 806 2318 dum
819 2276 975 2338 nunquam
999 2276 1062 2318 mc·

132 2340 227 2401 miuit
257 2341 436 2402 meritorum
465 2339 579 2402 Onrrstr
608 2361 640 2402 ιιι
673 2340 798 2421 ligando
825 2349 880 2402 aut
899 2340 1063 2420 solvendo,

136 2420 193 2486 sed
217 2423 431 2486 tantummodo
453 2422 528 2484 dicit
549 2423 589 2487 dc
608 2422 800 2505 plenitudine
821 2425 1000 2505 potestatis,
1023 2442 1063 2484 ex

136 2511 222 2566 certa
243 2507 373 2567 scientia
394 2512 425 2567 et
447 2512 533 2568 motu
555 2507 691 2587 proprio.

222 2587 385 2668 Secundo,
415 2609 454 2649 ex
477 2590 634 2651 communi
662 2591 798 2651 omnium
821 2591 974 2651 sententia
994 2606 1063 2668 pro-

137 2671 287 2751 bantium,
309 2672 521 2759 indulgentias
536 2674 648 2734 virtute
667 2673 749 2733 illius
772 2673 857 2734 verbi
869 2672 987 2753 donari,
1010 2669 1062 2732 ubi

137 2753 275 2815 Christus
298 2753 388 2815 dicit:
413 2753 626 2835 Quodcunque
647 2756 776 2818 solveris
799 2764 857 2817 etc.
881 2754 971 2830 Quod
997 2772 1062 2814 ver·

119 2836 211 2899 'bum
231 2844 347 2917 putant
374 2839 441 2899 sine
469 2839 577 2918 vigore
604 2858 690 2916 esse,
718 2839 778 2899 nisi
797 2845 986 2918 potestatem
1009 2836 1061 2896 do-

136 2919 231 2980 nandi
254 2922 451 3000 permitteret.
492 2919 595 2996 Quare
616 2929 648 2982 et
672 2922 734 3000 ipsi
754 2921 853 2982 solam
875 2926 1062 3001 potestatem

136 3002 313 3083 intelligunt
335 3002 488 3083 sufficere,
510 3002 597 3064 nulla
618 3011 721 3064 autem
743 3006 908 3066 autoritate
930 3001 1064 3084 probant

139 3085 334 3163 thesaurum,
357 3085 412 3148 sed
433 3085 515 3147 hanc
536 3087 733 3161 autoritatem
754 3085 839 3155 velut
860 3084 1063 3148 sufficientem

136 3167 303 3245 adducunt,
326 3189 407 3249 quae
427 3177 531 3231 tamen
549 3175 642 3231 sonat
656 3169 769 3230 nudam
781 3176 976 3249 potestatem,
998 3186 1061 3229 non

136 3258 242 3315 autem
264 3252 507 3334 applicationem
530 3253 717 3315 meritorum.
1036 3305 1038 3309 .

220 3333 343 3414 Tertio,
372 3335 509 3414 alioquin
545 3336 638 3397 etiam
659 3337 690 3396 in
719 3335 787 3396 aliis
808 3334 1007 3417 ligationibus
1030 3338 1062 3396 et

136 3417 341 3479 solutionibus
362 3418 564 3500 intelligenda
575 3422 659 3481 esset
681 3419 852 3480 distributio
874 3418 1060 3496 meritorum,

135 3508 221 3581 puta,
243 3498 369 3581 quando
393 3500 578 3563 sacerdotali
595 3500 705 3564 officio
727 3502 986 3578 excommunicat,
1008 3498 1062 3562 ab·

136 3580 240 3661 solvit,
264 3582 394 3662 ordinat,
416 3583 590 3663 deordinst,
612 3587 727 3666 statuit,
743 3584 882 3666 abrogat,
900 3581 1061 3665 praecipit,

135 3665 289 3746 prohibet,
310 3665 478 3747 dispensat,
500 3673 606 3744 mutat,
627 3669 853 3750 interpretatur.
875 3667 908 3728 ln
922 3668 959 3728 iis
981 3665 1063 3729 enim

136 3748 280 3812 omnibus
308 3751 408 3830 agitur
444 3751 557 3825 virtute
585 3750 672 3813 istius
694 3751 800 3814 serbi:
831 3748 1061 3831 'Quodcunque

163 3865 255 3909 Lnthsrl
269 3877 321 3918 opp.
337 3867 364 3910 V.
377 3868 405 3909 A.
419 3867 502 3909 adrat.
515 3868 565 3912 hist.
589 3868 604 3909 i.
619 3878 642 3920 p.
658 3869 707 3912 Vol.
722 3869 752 3910 11.
859 3849 900 3916 18
