2356 4200
383 285 419 338 ds
437 287 536 338 virtute
553 284 797 353 indulgentiarum.
840 300 842 306 ·
978 278 1040 345 203

123 454 201 514 ierat
220 452 352 532 flogella,
375 471 428 512 seu
451 459 592 531 quartum
613 471 709 531 genus
732 469 920 531 poenarum,-
933 449 1041 511 saltem

125 535 267 597 omuibus
307 544 337 594 θι
366 555 485 614 semper
524 543 624 595 tamen
655 536 741 595 tertia
774 542 892 610 manet,
927 534 1042 595 scilicet

109 617 316 698 ,evangelica
340 621 401 678 imo
417 628 447 678 et
459 627 576 696 quarta,
599 626 672 698 puta
687 637 778 691 mors,
802 625 832 676 et
844 636 922 696 quae
937 618 1042 676 mortis

125 710 158 761 et
180 701 218 762 ad
241 709 369 761 mortem
393 708 463 759 sunt
482 719 612 779 poenae.
641 701 727 761 Lioet
749 701 828 759 enim
843 708 948 779 posset
960 699 1042 759 Deus

124 803 233 844 omnes
255 783 402 862 perlicere
426 785 454 842 in
479 785 593 862 gratio
622 784 699 843 forte
729 786 794 842 sine
820 785 947 879 poenis,
980 800 1041 842 nott

124 875 227 926 tumen
250 867 354 925 statuit
376 865 405 925 id
424 866 550 941 wlacere
583 866 635 925 sed
670 868 741 925 ad
735 868 898 943 imaginem
921 864 974 925 lilii
996 865 1042 923 sui

128 948 178 1023 (id
207 956 272 1024 est
305 953 446 1026 erucem)
480 968 586 1009 omnes
616 947 861 1026 conformare*]
905 948 944 1007 Et
971 945 1042 1026 quid

126 1044 206 1111 opus
228 994 274 1091 esl
296 1032 417 1091 multis?
461 1030 737 1128 Quantumcunque
759 1018 921 1110 magnillus
948 1030 1043 1089 extol-

126 1115 205 1174 latur
217 1132 384 1194 poenarum
402 1116 551 1190 remissio
575 1114 657 1194 quid,
680 1134 807 1211 quaeso
821 1113 948 1174 eflicitur
962 1113 1043 1192 apud

125 1217 219 1273 eum„
246 1199 297 1275 qui
326 1206 453 1259 mortem
482 1207 513 1259 et
540 1162 678 1257 limorem
703 1199 806 1257 mortis
830 1207 921 1275 atque
942 1196 1044 1255 iudicii

127 1287 199 1340 ante
227 1280 334 1341 ooulos
364 1279 476 1339 habet?
519 1279 597 1338 Huic
625 1281 649 1338 si
683 1282 781 1340 omnis
810 1279 869 1339 alia
904 1280 1043 1338 remissio

126 1363 331 1442 praedicetur,
354 1363 481 1423 ethaeo
503 1381 563 1422 non
587 1363 696 1421 remitti
720 1363 916 1432 conceditur,
939 1362 1043 1421 nescio

125 1447 152 1504 si
177 1444 406 1504 consolationis
440 1445 552 1524 aliquid
574 1449 716 1523 reportet.
760 1445 854 1524 Igitur
888 1445 1042 1504 horrorem

127 1529 233 1587 mortis
256 1536 286 1588 et
308 1528 416 1587 inferni
438 1528 561 1587 attende
588 1537 619 1588 et
641 1529 836 1587 remissiones
866 1542 1045 1607 poenarum,

127 1611 203 1670 velis
227 1610 320 1686 nolis
343 1611 415 1670 nihil
438 1611 574 1686 curabis,
598 1629 635 1669 ac
656 1613 700 1670 sic
723 1629 783 1670 non
806 1618 911 1670 nostro
920 1609 1046 1691 studio,

124 1694 182 1753 sed
203 1694 246 1752 rei
270 1696 452 1753 necessitate
423 1691 697 1754 tvilillcabuntur
719 1683 942 1774 indulgentiae:
965 1704 1044 1805 quae

125 1777 266 1836 timorem
290 1779 394 1836 mortis
417 1795 477 1837 nou
503 1777 617 1837 tollunt

414 1974 630 2058 Conclusio
652 1974 760 2035 XXIV.

211 2100 284 2160 Falli
309 2100 348 2161 ob
371 2100 400 2159 id
424 2121 551 2161 necesse
572 2109 620 2161 est
632 2121 780 2162 merorem
795 2111 912 2182 partem
930 2100 1044 2180 populi,

126 2203 182 2264 per
203 2183 376 2243 indifferent
364 2193 425 2244 tem
448 2184 529 2243 illam
553 2193 584 2243 et
607 2185 800 2264 magnificam
824 2203 944 2264 poenae
965 2182 1045 2243 solu·

128 2277 178 2326 tae
202 2268 447 2344 promissionem.

211 2349 251 2408 Ει
271 2350 356 2408 lianc
372 2368 544 2419 assero,e
527 2360 557 2408 et
585 2352 650 2410 scio
679 2354 721 2410 itu
750 2358 942 2430 coningere,
975 2369 1044 2409 nam

128 2449 188 2509 ego
211 2432 278 2510 ipse
300 2432 401 2491 audivi
425 2432 535 2491 multos
553 2452 614 2492 uon
631 2453 720 2493 secus
735 2434 932 2510 intellexisse,
954 2428 1045 2512 quam

128 2513 210 2592 quod
234 2516 299 2573 sins
322 2516 404 2574 omui
425 2534 527 2594 poena
555 2515 800 2596 evolar·ent·per
831 2517 1045 2596 indulgentius.

127 2596 194 2656 Neo
206 2597 325 2675 mirum,
349 2597 471 2675 quando
485 2598 525 2656 illi
541 2601 584 2657 sio
595 2598 740 2674 scribunt,
763 2601 876 2678 legunt,
901 2601 1045 2674 clamant,

128 2678 211 2757 quod
234 2682 258 2738 si
282 2682 350 2757 quis
372 2682 476 2738 venias
497 2689 681 2742 consecutus
705 2695 776 2742 onte
798 2683 961 2742 recidivam
982 2699 1045 2741 mo·

127 2771 253 2857 reretur,
276 2760 377 2822 statim
401 2763 547 2826 evolaret.
576 2763 661 2823 Haec
682 2767 786 2825 omnia
808 2767 850 2825 ita
872 2766 1045 2862 loquuntur,

128 2845 216 2923 quasi
239 2864 299 2904 non
323 2846 383 2903 sint
406 2854 533 2923 peccata
560 2848 617 2905 nisi
646 2849 794 2923 actualia,
830 2867 866 2907 ao
894 2851 932 2913 si
948 2848 1045 2908 lomes

127 2927 252 2988 relictus
275 2929 357 2987 nulla
374 2928 631 3003 sitimmundicis,
652 2931 767 2989 nullum
785 2931 1045 3011 impedimentum,

128 3009 243 3069 nullum
268 3011 428 3106 medium,
461 3011 543 3088 quod
578 3021 712 3071 moretur
744 3015 912 3092 ingressum
949 3016 1045 3101 regui.

128 3093 222 3164 Gom
245 3094 301 3152 uisi
323 3094 389 3172 ipse
412 3104 551 3165 sanetur
573 3095 761 3235 impossibile
784 3097 822 3155 sit
843 3098 954 3155 intrare
977 3115 1046 3158 ooe-

128 3176 207 3247 Ιιιιιι
239 3177 329 3234 etiam
352 3178 376 3233 si
400 3176 514 3234 nullum
539 3178 614 3236 assit
635 3178 768 3254 actuale,
800 3179 871 3238 nihil
899 3181 979 3239 enim
1002 3182 1046 3241 iu·¹

128 3258 286 3336 quinatum
322 3258 454 3318 intrabit.
505 3259 658 3333 Quocirca
690 3262 838 3321 horror'
831 3281 897 3357 ipse
931 3265 1047 3342 mortis,

129 3360 199 3400 cum
222 3342 261 3399 sit
283 3341 385 3400 vitium
409 3341 504 3401 fomit
485 3349 522 3401 trs
545 3351 575 3402 et
596 3353 773 3441 peccatum
803 3347 893 3404 etism
924 3365 973 3404 se
970 3346 1045 3406 solo

128 3424 257 3518 impedit
284 3425 437 3483 introitum
466 3427 567 3506 regni,
603 3427 673 3505 quia
706 3430 756 3504 qui
786 3446 848 3488 non
876 3429 1046 3489 voluntarie

128 3507 274 3582 moritur,
305 3525 364 3566 non
395 3506 500 3566 obedit
529 3511 651 3569 vocanti
675 3510 741 3569 Deo
765 3511 821 3570 nisi
844 3512 964 3574 invitus.
1008 3513 1047 3571 nt

129 3597 248 3648 tantum
269 3587 310 3647 ibi
334 3608 393 3647 non
417 3590 489 3650 fecit
511 3591 698 3652 volunlatem
725 3594 795 3668 Dei,
825 3603 970 3675 quantum
1004 3596 1046 3658 in·

342 3713 547 3723 ——-.---.--...-

202 3767 233 3828 'l
254 3763 351 3821 coma.
371 3768 396 3822 8.
483 3804 485 3808 .
