2356 4200
384 287 414 344 n.
433 287 557 343 silvanr
576 289 725 347 masana.
839 293 842 299 ·
956 288 1017 359 871

91 452 231 597 indglmni
254 475 335 535 pene
357 462 410 516 tua
430 457 631 519 conclusione
653 464 737 519 tuam
764 458 1016 525 malevolentiam

88 553 123 595 re
179 555 223 598 es.

174 619 233 701 71)
256 621 344 682 llari.
374 621 490 685 Contra
516 624 676 684 veniarum
701 624 942 704 apostolicarum
964 646 1015 693 vs-

87 701 211 763 ritatem
234 705 285 782 qui
301 703 445 784 loquitur,
459 707 499 765 sit
509 705 562 766 ille
583 706 750 768 anathema
770 714 801 768 et
823 707 1014 775 maledictus.

174 784 227 846 sil.
251 785 392 868 Effigiem
415 789 497 869 geris
520 789 601 865 eius,
625 790 676 868 qui
699 791 884 871 consignare
906 810 940 853 se
961 812 1015 873 pu-

88 871 177 946 tans,
204 869 235 928 in
265 870 367 930 lumen
397 871 554 952 proprium
582 873 734 953 impingit.
779 874 908 935 Veritati
932 877 1013 936 enim

86 951 248 1011 veniarum
268 960 324 1013 aut
342 954 580 1034 ignorantiaaut
602 955 719 1017 malitia
740 957 868 1019 multum
891 957 1011 1021 detrax·

89 1034 150 1112 isti,
172 1040 206 1094 ut
226 1035 323 1114 liquet
344 1055 385 1096 ex
408 1035 507 1099 dictis.
944 1069 961 1095 κ

171 1120 229 1197 72)
254 1118 342 1179 Mart.
364 1117 423 1194 Qui
435 1139 508 1182 vere
521 1128 629 1182 contra
641 1120 799 1183 libidinem
813 1130 844 1184 et
855 1123 1012 1201 licentiam

86 1199 252 1262 verborum
282 1203 516 1278 concionatoria
545 1205 700 1266 veniaram
730 1225 834 1267 curam
862 1207 941 1289 agit,
974 1207 1016 1268 ait

85 1281 141 1344 ille
161 1283 352 1346 benedictus.

170 1365 224 1430 Sil.
258 1366 320 1446 sit,
354 1370 494 1448 iuquam,
527 1369 724 1448 benedictus,
758 1372 783 1430 si
807 1372 952 1450 caritate,
986 1372 1012 1433 si
1097 1390 1101 1394 “

85 1450 212 1529 iustitia,
235 1453 261 1510 si
282 1453 397 1531 pietate
420 1458 571 1530 movetur,
595 1454 646 1531 qui
663 1471 737 1514 vero
753 1459 861 1516 contra
874 1453 1013 1517 licentio-

87 1551 154 1593 sum
175 1535 209 1592 in
229 1533 361 1595 dicendo
383 1534 574 1596 licentiosior
596 1542 644 1597 est
665 1536 890 1615 inscribendo,
913 1536 1012 1599 aDeo

86 1614 211 1694 quidem
234 1616 334 1678 bonus
356 1616 514 1696 efficiatur,
538 1616 576 1678 ab
599 1617 775 1679 hominihus
797 1638 870 1680 vero
884 1618 923 1680 ad
936 1620 1011 1681 alio-

84 1717 153 1758 rum
175 1702 398 1760 monimentum
419 1701 594 1780 castigetur.

168 1783 219 1846 73.
231 1784 290 1858 74)
314 1782 401 1846 Mart
426 1782 511 1844 Sicut
531 1803 613 1864 papa
624 1785 702 1845 iuste
717 1782 858 1844 fulminat
873 1804 939 1864 ecs,
960 1787 1011 1866 qui

84 1865 116 1925 in
138 1863 276 1925 fraudem
299 1867 416 1946 negotii
445 1864 703 1947 indulgentiarum
732 1883 918 1946 quacunque
947 1875 1014 1930 erte

85 1947 316 2027 machinantur,
346 1948 443 2009 multo
476 1950 574 2029 magis
605 1949 768 2009 fulminare
789 1949 921 2011 intendit
943 1970 1011 2033 eos,

84 2032 137 2110 qui
167 2049 223 2111 per
250 2032 409 2113 veniarum
440 2038 636 2112 praetextum
664 2033 695 2092 in
724 2019 862 2093 fraudem
884 2044 1013 2096 sanctae

86 2114 222 2174 caritatis
245 2121 277 2175 et
298 2115 436 2175 veritatis
459 2114 682 2176 machinantur.
799 2134 805 2143 ·

171 2196 224 2258 sil.
270 2198 419 2258 Dominus
441 2204 548 2258 noster
569 2217 651 2277 papa
673 2203 778 2257 tantae
802 2200 919 2260 virtutis
949 2219 1012 2260 cre-
1075 2252 1083 2261 .

83 2278 176 2358 ditur,
198 2288 232 2340 ut
253 2282 309 2360 per
330 2299 403 2341 snos
427 2282 584 2342 ministros
606 2281 650 2340 nil
670 2279 818 2341 indecens
840 2281 906 2342 fieri
927 2283 1011 2362 velit,

82 2382 123 2423 an
144 2381 221 2424 vero
244 2365 275 2423 in
299 2382 354 2424 eos
378 2363 592 2442 delinquentes
614 2362 754 2426 intendat
765 2365 1011 2428 animadvertere

84 2465 141 2527 per
163 2446 338 2528 anathema,
362 2455 395 2506 ut
417 2446 508 2522 dicis,
531 2453 606 2526 puto
630 2446 759 2510 nescias.

169 2533 224 2603 75)
246 2529 336 2591 Mart.
370 2529 497 2610 Opinari
525 2531 632 2589 venias
654 2529 783 2610 papales
806 2538 908 2591 tantas
930 2550 1010 2609 esse,

85 2620 120 2672 ut
143 2613 266 2673 solvere
288 2615 410 2692 possint
431 2612 604 2691 homiuem,
627 2613 720 2673 etiam
743 2614 768 2673 si
792 2615 859 2693 quis
881 2633 937 2694 per
956 2615 1010 2673 im-

83 2694 235 2775 possibile
259 2696 317 2756 Dei
339 2697 519 2777 genitricem
541 2695 705 2772 violasset,
728 2704 776 2757 est
796 2698 940 2757 insanire.

169 2776 222 2840 Sil.
244 2778 411 2857 Astruere,
434 2778 516 2858 quod
538 2777 657 2840 habens
679 2779 900 2858 plenitudinem
923 2786 1009 2860 pote·

82 2863 174 2922 atatis
196 2881 216 2921 a
238 2881 320 2942 papa
342 2861 381 2922 ad
403 2863 509 2922 venias
531 2863 631 2942 possit
650 2860 812 2923 absolvere
834 2882 853 2922 a
875 2862 1008 2943 culpain

82 2944 167 3005 dicto
190 2963 264 3005 casu
286 2965 342 3026 per
364 2945 480 3006 ordinis
503 2945 631 3022 clavem,
654 2951 685 3004 et
706 2964 725 3004 a
746 2963 850 3025 poena
870 2964 926 3025 per
947 2943 1007 3021 cla-

80 3047 152 3087 vem
175 3028 404 3106 iurisdictionis,
427 3047 489 3088 non
513 3035 561 3088 est
582 3028 732 3105 insanire,
762 3027 815 3088 sed
839 3047 914 3088 sane
938 3047 1005 3089 sen-

79 3112 156 3190 tire,
180 3129 248 3173 cum
272 3113 365 3172 etiarn
387 3111 470 3172 idem
494 3117 604 3189 posset
624 3111 655 3169 in
667 3109 794 3188 dudam,
832 3119 863 3171 et
884 3112 915 3171 iu
939 3129 1004 3190 eos,

79 3195 132 3272 qui
154 3201 208 3255 aut
228 3196 379 3274 virginem
400 3200 454 3253 aut
475 3192 628 3254 Christum
651 3195 887 3272 interemissent,
910 3192 1004 3270 modo

14 3351 16 3355 ¹
80 3284 185 3337 essent
206 3279 351 3341 viatores.
395 3276 518 3337 Videris
541 3280 643 3337 autem
667 3276 753 3355 loqui
774 3276 963 3357 tragoediae.

162 3359 221 3443 76)
246 3361 333 3423 Mart.
356 3361 493 3421 Dicimus
513 3367 630 3437 contra,
652 3358 736 3438 quod
754 3361 863 3420 veniae
875 3358 1003 3440 papales

78 3463 137 3506 nec
159 3446 317 3505 minimum
339 3451 535 3524 peccatorum
556 3442 724 3503 venialium
739 3442 847 3504 tollere
862 3451 1003 3523 possunt,

78 3526 182 3608 quoad
204 3528 336 3610 culpam.

161 3611 215 3674 sil.
237 3611 303 3672 lmo
325 3611 379 3671 tibi
401 3610 511 3670 tollere
533 3628 596 3668 non
609 3614 740 3688 possunt
756 3608 887 3687 veniale,
909 3609 1002 3669 etiam

78 3696 182 3775 quoad
204 3713 357 3774 poenam,
381 3693 494 3773 quippe
517 3692 664 3772 quoniam
687 3691 854 3753 secundum
879 3698 909 3752 te
933 3699 1003 3753 sunt

77 3778 178 3841 solum
200 3780 292 3859 signa
312 3784 342 3839 et
363 3796 426 3839 non
455 3794 549 3836 causa
569 3775 769 3837 remissionis.
813 3772 905 3849 Quod
927 3793 1001 3837 vero

727 3879 793 3948 24*
