2356 4200
123 252 186 324 132
451 254 599 310 Sermones
616 254 729 309 lutheri

125 432 155 486 ot
187 430 282 487 vocat
308 424 386 506 ipse.
435 425 522 486 Haec
555 424 633 485 fides
666 423 797 504 amplius
835 421 911 484 nihil
942 421 1042 502 habet,

124 510 173 569 cui
204 506 310 568 credat
344 528 503 587 seorsum,
537 509 608 588 quia
633 509 677 568 ita
705 506 846 568 absoluta
878 511 926 566 est
947 512 979 566 et
998 524 1043 567 ro·
1078 567 1082 574 ,

124 591 230 671 tunda,
252 597 286 651 ut
305 591 443 672 pluribus
465 591 579 670 credat,
602 609 691 670 quam
717 592 745 650 ei
768 589 906 650 exhiberi
917 589 1043 669 possint

125 672 294 735 credenda:
329 674 419 737 offert
455 676 535 735 enim
564 694 597 734 se
638 680 734 733 totam
775 671 851 732 nihil
887 671 1043 752 excipiens

124 776 260 838 prorsus,
282 756 321 818 de
344 777 404 837 quo
435 763 449 820 1
475 757 548 819 Cor.
580 759 634 821 13:
667 757 779 816 caritas
809 756 914 831 omnia
940 753 1043 833 credit,

124 841 203 901 haec
224 850 280 919 est,
304 841 387 919 quod
412 843 516 901 omnia
538 859 616 919 quae
638 844 718 918 sunt,
741 857 821 918 quae
842 837 928 916 fiunt,
951 843 985 898 ut
1006 856 1043 897 ex

126 923 193 985 solo
216 923 284 983 Deo
307 923 435 984 fluentia
456 924 577 1003 accipit,
600 930 631 982 et
652 941 708 1001 per
728 941 812 982 suam
824 921 1043 982 rotunditatem

125 1007 231 1067 omnia
253 1007 284 1065 in
306 1009 408 1086 ipsum
430 1008 532 1085 refert,
554 1012 662 1086 parata
685 1004 828 1084 quicquid
850 1005 881 1064 in
904 1004 1044 1065 omnibus

126 1108 195 1150 cum
219 1089 360 1152 omnibus
383 1090 516 1150 voluerit
536 1090 648 1149 facere.
681 1088 738 1148 Hic
761 1088 870 1148 domus
893 1089 959 1148 eius
980 1093 1045 1147 tota

123 1171 273 1252 credidit,
307 1179 339 1234 et
365 1175 468 1233 anima
498 1171 728 1251 quodammodo
759 1172 789 1230 in
819 1172 919 1250 ipsam
953 1168 1044 1230 fidem

126 1261 269 1333 mutatur,
302 1263 335 1316 ut
357 1258 397 1317 sit
418 1255 502 1316 velut
523 1255 600 1315 fides
631 1261 696 1315 tota
727 1256 792 1314 eius
820 1255 900 1333 vita,
936 1252 1045 1313 intelli·

126 1339 240 1420 gentia,
262 1340 340 1399 ratio
364 1345 422 1400 etc.
451 1339 514 1398 Ista
537 1340 595 1398 tria
616 1339 692 1397 mira
712 1337 901 1417 proprietate
922 1355 979 1417 per
1000 1354 1045 1396 or·

127 1421 229 1481 dinem
252 1422 283 1480 in
306 1422 367 1482 isto
390 1421 552 1502 evangelio
577 1420 803 1499 describuntur,
838 1438 908 1479 nam
937 1419 989 1481 ubi
1015 1419 1044 1477 in

126 1502 188 1564 lide
209 1504 383 1584 profecerat
403 1505 542 1584 regulus,
572 1511 604 1564 ut
624 1502 718 1565 verbo
743 1502 882 1563 crederet
901 1502 1045 1583 neglecto

127 1587 233 1669 signo,
265 1593 328 1648 tum
350 1588 390 1648 ad
416 1588 583 1668 perfecta-m
617 1605 673 1666 per
700 1605 861 1646 occursum
890 1602 1046 1646 servorum

127 1671 156 1730 ei
177 1671 379 1731 descendenti
402 1679 433 1730 et
453 1671 657 1730 nuntiantium
680 1669 733 1728 filii
756 1671 860 1748 vitam,
887 1668 970 1729 idem
992 1687 1046 1748 per

127 1755 391 1833 comparationem
418 1753 513 1814 horae
536 1753 575 1813 ad
603 1752 699 1814 verba
721 1752 831 1812 Christi
860 1750 1045 1832 perducitur,

127 1854 207 1914 quae
230 1836 308 1915 quid
325 1836 499 1918 significent
521 1835 721 1896 differendum
748 1841 796 1896 est
817 1834 921 1898 modo.

514 2000 658 2093 Sermo

263 2140 470 2200 Dominica
492 2139 573 2199 XXI
594 2144 683 2219 post
704 2137 910 2197 Trinitatis

28 2317 35 2327 ,
151 2263 157 2279 ·
190 2262 259 2304 cum
281 2252 367 2325 parte
390 2243 605 2324 explicationis
629 2243 712 2304 Orat.
736 2243 928 2304 Dominicae.
945 2241 982 2318 *)

210 2361 318 2421 Redde
346 2360 429 2441 quod
456 2360 567 2438 debes,
589 2361 695 2421 Matth.
721 2362 767 2424 18.
812 2361 902 2420 Plura
934 2379 968 2420 se
998 2359 1047 2419 tri-

128 2443 225 2523 buere
247 2463 337 2523 quam
360 2453 481 2525 petatur
502 2446 575 2504 satis
599 2444 735 2505 ostendit
755 2445 905 2504 Dominus
933 2444 965 2502 in
987 2444 1047 2502 isto

129 2544 238 2604 servo,
272 2528 342 2606 quia
374 2548 480 2588 servus
511 2547 573 2588 non
596 2529 686 2607 petiit
706 2528 920 2587 remissionem
943 2524 1048 2602 debiti,

129 2610 192 2670 imo
215 2612 356 2690 promisit
378 2611 573 2689 solutionem,
595 2611 746 2670 Dominus
768 2616 869 2670 autem
893 2627 956 2670 non
978 2626 1048 2689 pro-

129 2694 276 2753 missione
298 2700 414 2772 motus,
450 2695 503 2754 sed
526 2693 696 2754 afflictione
719 2694 943 2774 promittentis,
977 2691 1048 2752 ideo

129 2775 211 2854 dicit,
234 2777 374 2837 misertus
397 2776 546 2838 Dominus
574 2777 653 2838 servi
681 2776 777 2838 illius:
815 2777 970 2856 proprium
1002 2782 1050 2835 cst

129 2860 210 2919 enim
232 2859 358 2919 Domini
388 2862 523 2920 misereri
552 2860 688 2939 afflictis,
718 2862 796 2939 sicut
818 2859 891 2919 dicit
913 2859 961 2918 Ps.
985 2861 1047 2922 30:

129 2942 219 3002 quta
240 2948 289 3002 est
310 2942 461 3003 Dominus
483 2944 530 3021 iis,
554 2945 604 3022 qui
628 2943 771 3004 tribulato
795 2949 866 3002 sunt
888 2940 992 3020 corde,
1015 2944 1047 3000 et

130 3025 190 3085 alic
215 3024 349 3104 Psalmo,
371 3026 553 3106 Expostula,
575 3028 688 3088 invoca
717 3046 766 3086 me
792 3027 823 3085 in
851 3023 901 3085 die
926 3023 1048 3086 tribula·

129 3108 237 3186 tionis,
266 3127 369 3169 eruam
402 3116 432 3169 te
461 3115 492 3168 et
519 3107 737 3170 honorificabis
762 3128 820 3170 me.
863 3108 903 3168 Et
924 3107 1048 3166 Psalmo

130 3193 205 3254 119:
228 3190 277 3249 Ad
299 3192 464 3252 Dominum
490 3211 556 3252 cum
581 3191 741 3253 trl'oularer
763 3192 875 3270 clama,
903 3197 934 3252 et
956 3209 1048 3251 exau·

129 3273 205 3334 divit
226 3293 285 3352 me,
308 3281 339 3334 et
361 3274 485 3335 Psalmo
509 3282 628 3355 quarto,
653 3295 721 3335 cum
745 3276 933 3354 invocarem,
956 3292 1048 3334 exau·

185 3462 215 3532 ⁸)
240 3463 328 3516 Etiam
362 3464 436 3516 hunc
466 3480 624 3517 sermonem
656 3465 825 3517 Loescherus
863 3463 984 3517 reddidit
1014 3479 1050 3515 ex

130 3533 237 3604 codice,
267 3550 349 3602 quem
377 3538 488 3604 saepius
511 3537 736 3602 memoravimus,
766 3551 933 3604 quamquam
964 3534 1049 3598 dolet,

129 3606 204 3674 qnod
233 3609 357 3658 maxima
385 3623 449 3675 pars
482 3608 656 3675 susciplenae
687 3607 881 3675 explicationis
914 3608 1050 3660 orationis

128 3678 287 3804 ldffiinicoe
311 3680 431 3747 perierit.
470 3679 606 3732 Loescher
634 3681 690 3746 lq.
709 3678 761 3734 293
782 3694 841 3747 sqq.
868 3678 972 3732 Walch.
994 3677 1050 3745 llll,

217 3765 278 3819 sqq.
