2356 4200
124 266 186 338 448
449 270 538 326 Breve
557 271 657 325 Leonis
675 269 710 323 X.

122 442 216 504 rebus
250 426 433 502 sanetlssimi
447 422 579 503 ,Domini
600 441 697 501 nostri
732 446 764 500 et
785 439 877 502 Sedis
906 440 1048 521 apostoli

121 543 182 586 eae
204 523 315 585 allecte
335 524 432 584 luerit.
536 568 541 574 -

208 606 324 668 Idcirco
347 625 492 688 rogamus
515 605 661 685 eandem,
685 605 761 666 velit
776 608 931 668 continuo
951 608 983 667 in
1004 624 1049 666 en

126 691 197 752 dem
218 691 372 751 sententia
393 707 575 770 permanere
589 724 602 768 ,·
627 706 664 749 ee
691 694 783 749 nacta
814 691 984 751 oecamoue
1003 706 1048 749 res

126 774 215 834 huius
250 780 379 834 sanctae
413 772 496 834 sedis
536 772 729 852 spostolicae
760 773 811 833 isti
844 772 1048 834 illustrissimo

126 857 260 937 Princ'pi
282 854 509 932 commendare,
526 850 717 936 persuadens
739 854 949 916 excellentiae
970 873 1049 932 suec,

125 940 202 1001 velit
223 946 329 999 saneta
351 938 762 1021 praedecessorumsuorum
775 939 912 1019 vestigia
931 939 1048 1016 imitari,

126 1025 177 1102 qui
199 1023 340 1083 inimicos
363 1029 488 1082 sanctae
505 1022 666 1082 Romanae
687 1021 839 1081 ecclesiae
861 1021 978 1100 ubique
986 1040 1049 1102 pcr-
1069 1098 1071 1102 Ι

127 1107 225 1166 secuti
247 1114 318 1166 suut
338 1123 398 1166 nec
420 1123 553 1184 unquam
573 1122 677 1165 eorum
701 1105 842 1165 civitates
864 1111 899 1165 et
919 1104 991 1165 loca
1009 1105 1050 1163 in·

127 1188 231 1249 colere
248 1189 333 1268 passi
363 1193 442 1248 sunt.
470 1186 559 1262 Quod
582 1188 673 1248 etiem
696 1187 787 1247 istum
813 1186 1048 1249 illustrissimum

126 1273 294 1351 principem
318 1271 466 1331 iacturum
488 1276 520 1331 ct
540 1271 749 1330 sanctissimus
767 1268 922 1330 Dominus
949 1277 1050 1332 noster

129 1361 160 1414 et
187 1363 253 1414 tote
283 1354 423 1414 Romana
436 1353 528 1413 Curia
549 1352 606 1413 sibi
634 1352 807 1433 persuadet,
830 1372 904 1414 nam
926 1353 1002 1414 illud
1020 1361 1049 1413 et

128 1439 223 1517 ipsius
246 1435 390 1497 nobilitas
415 1442 446 1496 et
467 1435 675 1497 candidissimi
697 1455 799 1497 mores
821 1435 967 1497 omnibus
987 1435 1049 1517 pol·

127 1521 267 1581 licentur.
611 1564 614 1569 ,

191 1603 332 1664 Ceterum
343 1602 443 1682 ipsum
450 1602 615 1662 Dominum
624 1602 768 1665 Gerulum
781 1609 906 1662 vestrae
917 1600 1049 1683 magnill-

127 1687 250 1746 eentiee
268 1686 360 1745 enixe
373 1684 634 1762 commendamus,
656 1690 802 1765 rogantes
811 1684 956 1765 condem,
979 1684 1051 1745 velit
1080 1726 1087 1747 1

97 1803 99 1806 ⁴
128 1768 215 1829 illum
238 1775 269 1829 et
289 1769 417 1848 negotia
437 1787 494 1828 sue
514 1767 699 1847 a'pudistum
720 1767 961 1828 illustrissimum
970 1767 1048 1829 Pn'n·

129 1852 228 1931 cipem
246 1850 361 1912 fovere.
383 1851 418 1910 ln
432 1869 493 1930 quo
506 1849 850 1932 magnificentias-estre
870 1857 905 1912 et
928 1852 1049 1912 sanctis-

129 1935 208 1998 simo
231 1934 366 1995 Domino
388 1941 495 1995 nostro
513 1941 544 1994 et
565 1933 655 1994 nobis
676 1934 855 1997 satisfaciet.

202 2053 288 2113 Bene
309 2039 422 2130 valeat,
443 2071 481 2112 ex
505 2050 613 2132 Capite
634 2050 758 2130 Montis,
780 2050 818 2112 V.
840 2050 991 2114 ianuarii.

455 2134 547 2196 Anno
569 2132 730 2198 M.D.X1X.
948 2189 953 2201 ,

713 2216 1012 2314 ΙἱῖίοεοιιηοθΙΙανίιιε.

327 2381 408 2474 Leo
438 2379 562 2499 Papa
589 2379 641 2475 X.
670 2377 837 2474 Dilecto

129 2543 206 2604 Filio
222 2541 357 2623 Georgic
382 2541 552 2622 Spalatino,
574 2543 686 2604 Dilecti
707 2542 784 2621 Filii,
806 2543 922 2604 nobilis
945 2544 1001 2604 viri
1017 2543 1050 2603 D.

317 2625 461 2689 Friderici
481 2627 595 2707 Ducis,
617 2627 789 2692 secretario
811 2625 861 2707 *).

214 2763 335 2823 Dilecte
356 2761 409 2841 fili,
433 2761 570 2823 Salutem
591 2769 623 2823 et
643 2761 845 2842 apostolicam
864 2761 1052 2824 benedictio·

129 2863 210 2907 nem.
701 2857 708 2865 ·

213 2925 334 3001 Quanto
371 2927 482 2988 affectu
521 2933 712 3008 paternoque
744 2945 850 2988 amore
882 2928 1048 2988 sacratissi-

129 3028 210 3068 mem
232 3027 355 3069 auream
377 3010 510 3088 Rosam,
531 3012 696 3089 quotannis
718 3029 737 3070 e
757 3010 906 3070 Romanis
929 3008 1049 3088 pontifl-
1075 3062 1086 3074 ,

131 3091 216 3152 cibus
239 3098 347 3172 querta
363 3093 525 3153 Dominice
549 3093 773 3154 sacratissimae
785 3091 1047 3172 Quadregesimse

130 3176 302 3236 consecrari
325 3194 438 3256 magno
461 3177 607 3255 mysterio
630 3184 662 3236 et
688 3176 779 3237 elicui
803 3194 843 3235 ex
865 3174 1049 3255 primoribus

129 3255 369 3318 Christianorum
391 3259 469 3338 Regi
497 3259 546 3319 vel
568 3255 700 3339 Principi
726 3259 820 3319 diceri
849 3265 881 3319 ct
902 3259 983 3318 mitti
1004 3274 1050 3319 so·

128 3339 224 3419 litam,
247 3341 307 3401 hoc
328 3360 410 3402 anno
433 3341 545 3402 dilecto
567 3341 664 3403 nobili
675 3342 761 3419 Viro,
783 3341 950 3419 Friderico‚
974 3341 1049 3401 Duci

43 3479 50 3498 ,
129 3421 299 3501 Saxoniae,
331 3429 439 3503 utpote
462 3443 586 3486 suorum
609 3425 848 3486 clarissimorum
868 3424 1049 3504 Progenito·

104 3525 193 3567 ·rum
214 3525 301 3568 more
322 3506 361 3567 de
382 3506 471 3568 nobie
493 3514 524 3569 et
544 3515 651 3569 sancta
671 3508 845 3588 apostolica
867 3506 950 3569 Sede
971 3507 1049 3569 bene

128 3591 248 3669 merito,
271 3597 363 3669 utque
384 3590 514 3671 posthae
534 3593 632 3672 magis
653 3591 762 3652 mereri
786 3591 905 3671 possit,
928 3589 1049 3652 dicave-

128 3709 338 3724 Μ

184 3769 213 3834 *)
231 3767 307 3822 Cori,
319 3768 437 3838 ed.0pp.
447 3769 524 3823 luth.
532 3768 671 3822 Wlttemb.
691 3766 712 3832 l,
723 3765 777 3822 2³4
786 3771 814 3819 et
824 3765 869 3820 cd.
878 3766 942 3820 Jen.
952 3767 976 3836 1,
988 3767 1048 3824 220.
