2356 4200
378 310 444 363 anta
460 307 581 365 azlblb
591 307 719 365 babitus.
967 303 1009 375 33

77 474 296 553 desolatorios,
305 476 731 556 etaagittaspotentisacutos
737 476 915 558 fulminarc3
927 479 1008 544 adeo

79 557 561 621 estresistahodieomnium
584 561 748 622 maxime
770 564 1008 645 necessaria,

80 650 115 703 ut
136 640 380 703 sacerdotes
402 643 526 722 primo
549 644 652 703 omni
672 644 794 707 verbo
822 647 1007 709 veritatis

79 723 294 788 abundent.
339 724 473 787 Scatet
503 731 613 787 totus
642 723 766 805 orbis,
797 728 871 797 imo
899 730 1007 791 inuu-

79 807 140 869 dat
183 807 309 868 hodie
345 808 477 871 multis
508 816 546 871 et
579 810 702 871 variis
737 808 1008 873 doctrinarum

79 889 283 953 sordibus:
312 897 374 953 tot
393 891 564 972 legibus,
588 900 648 955 tot
668 893 927 973 opinionibus
948 895 1007 957 ho-

79 975 234 1052 minum,
265 981 327 1036 tot
348 973 515 1055 denique
538 976 904 1056 superstitionibus
925 997 1007 1057 pas-

79 1057 146 1119 sim
179 1057 354 1138 populus
391 1056 570 1120 obruitur
608 1060 727 1139 magis
759 1078 869 1138 quarn
897 1058 1007 1122 doce-

79 1150 147 1218 tur,
170 1141 661 1204 utverbumveritatisvix
683 1143 860 1203 tenuiter
880 1144 1007 1223 micet,

79 1224 113 1283 in
147 1223 284 1284 multis
316 1244 407 1286 vero
431 1225 533 1286 locis
557 1244 604 1286 ne
626 1223 831 1287 scintillet
852 1225 1007 1304 quidem

79 1305 306 1386 aliquando.
349 1306 390 1368 Et
419 1327 498 1387 quae
529 1315 725 1387 potestesse
754 1309 916 1386 nativitas,
954 1307 1006 1370 ubi

79 1388 173 1451 verbo
195 1389 368 1469 homiuum,
389 1409 453 1452 non
466 1392 525 1452 Dei
545 1390 730 1472 generatur?
753 1389 851 1464 Quale
866 1391 1006 1471 verbum,

78 1473 144 1533 talis
169 1479 203 1533 et
224 1479 346 1552 partus:
383 1474 482 1554 qualis
511 1480 634 1555 pertus,
664 1473 734 1537 talis
760 1473 904 1553 populus.
949 1474 1004 1535 llli·

77 1557 135 1617 rari
157 1566 223 1617 uon
246 1557 394 1636 solemus,
418 1564 536 1619 tantam
556 1558 586 1616 in
605 1556 723 1637 populo
734 1555 1004 1638 Christi-regnare

78 1638 283 1718 discordiam,
304 1641 397 1720 iram,
420 1639 584 1719 invidiam,
608 1640 799 1720 superbiam,
821 1639 1003 1701 inobedien-

77 1725 167 1801 tiam,
192 1722 369 1801 libidinem,
399 1724 521 1804 gulam,
548 1725 733 1803 penitusque
764 1721 876 1803 frigore
898 1723 1006 1784 carita·

72 1813 155 1885 tem,
196 1804 291 1867 fidem
323 1808 493 1888 exstingui,
517 1823 614 1886 ¹spem
655 1806 818 1868 evacuari:
856 1804 1005 1885 desistite,

78 1908 210 1969 quaeso,
233 1890 347 1952 mirari.
388 1889 459 1951 Non
482 1895 553 1950 sunt
573 1891 635 1950 ista
659 1889 818 1951 mirabilia.
860 1888 1006 1951 Nostra

78 1972 171 2033 haec
187 1973 780 2052 praelatornmet'sacerdotum
803 1972 919 2054 culpa
935 1978 1005 2033 est.

78 2055 113 2117 lli
137 2056 243 2136 potius
265 2055 448 2119 admiranda
468 2063 556 2136 sunt,
578 2053 689 2138 ianr*)
714 2075 768 2117 eos
790 2074 860 2118 esse
882 2074 1006 2135 coecos,

78 2141 136 2199 iam
159 2141 208 2200 sui
231 2138 326 2200 officii
347 2138 480 2219 oblitos,
510 2146 559 2220 ut,
583 2141 634 2219 qui
657 2139 753 2201 verbo
776 2139 912 2201 veritatis
934 2138 1006 2199 huic

79 2224 232 2283 nativitati
267 2224 382 2284 servire
403 2223 588 2301 debuerant,
621 2223 690 2283 aliis
712 2223 822 2283 intenti
844 2240 1006 2300 rerumque

80 2306 297 2386 temporalium
329 2308 409 2367 curis
439 2305 580 2369 suffocati
600 2308 721 2386 penitus
744 2305 818 2367 illud
844 2306 1004 2367 omittant:

80 2391 202 2450 maior
224 2409 318 2451 vero
341 2409 432 2470 pars
456 2388 611 2455 fabulas
630 2395 687 2465 (ut
708 2388 806 2465 dixi)
824 2388 947 2450 docet
968 2394 1006 2449 et

80 2473 246 2533 humana
267 2478 498 2536 commenta.
531 2473 576 2533 l'dt
597 2472 721 2533 adhuc
743 2474 933 2552 miramur,
956 2479 1005 2533 ta·

80 2556 183 2617 libus
206 2556 342 2617 verbis
365 2556 484 2616 talem
507 2557 692 2637 populum
715 2555 901 2634 lieri**)?

164 2645 194 2713 S.
216 2643 246 2704 5.
290 2638 349 2699 Hic
372 2638 444 2698 milri
467 2640 617 2719 quispiam
632 2639 738 2718 dicet,
767 2658 913 2720 magnum
936 2657 1006 2699 esse

81 2725 196 2783 crimen
228 2728 262 2782 et
282 2721 461 2783 scandalum
487 2722 722 2784 fornicationem
744 2741 781 2785 ac
804 2723 1006 2803 potationem,

82 2806 175 2885 lusus,
198 2812 229 2866 et
251 2806 278 2865 si
292 2825 372 2885 quae
395 2805 456 2865 alia
466 2807 498 2866 in
510 2805 593 2867 clero
605 2806 845 2885 reprehensione
857 2805 1006 2886 dignas).

80 2889 208 2968 Fateor,
251 2889 331 2949 haec
359 2896 585 2970 magnasunt,
630 2888 786 2970 arguenda
817 2895 903 2967 sunt,
943 2908 1006 2949 mu·

81 2972 175 3033 tanda
195 2979 281 3032 sunt:
315 2991 420 3032 verum
448 2972 526 3033 haec
554 2973 594 3034 ab
622 2972 764 3035 omnibus
787 2978 1006 3052 agnoscuntur,

82 3074 186 3117 crasse
209 3062 281 3116 sunt
304 3056 477 3136 corporalia
499 3063 529 3116 et
545 3056 686 3117 sensibus
704 3056 857 3135 exposito,
880 3055 952 3116 ideo
975 3062 1007 3116 et

82 3145 210 3201 movent
230 3139 368 3199 animos:
402 3140 458 3200 sed
479 3139 553 3200 heu!
582 3139 660 3199 haec
682 3138 768 3201 labes
792 3146 823 3198 et
843 3140 938 3218 pestis
962 3139 1006 3199 in·

83 3218 332 3302 comparabiliter
354 3224 515 3285 nocentior
537 3230 568 3283 et
590 3222 743 3285 crudelior
766 3229 821 3302 est,
843 3242 906 3283 non
929 3229 941 3283 t
995 3257 1005 3268 -

82 3314 164 3367 tasse
186 3304 316 3367 verbum
339 3307 493 3386 veritatis,
515 3313 568 3366 aut
588 3306 663 3367 illud
684 3305 891 3385 adulterasse,
914 3312 1006 3386 atquc

136 3537 164 3598 ⁴)
186 3535 266 3588 sort:
298 3542 354 3588 tum
381 3553 403 3589 c.
428 3554 451 3591 e.
472 3553 494 3589 c.
514 3541 570 3589 tum
600 3538 642 3588 sui
669 3542 719 3589 ctc.
759 3534 807 3604 ⁸‘)
828 3531 870 3587 En
897 3526 1026 3604 insigne·

83 3606 257 3673 praeludium
277 3610 336 3662 veri
348 3608 520 3661 fundamenti
533 3624 613 3661 verae
626 3607 841 3673 reformationis,
861 3622 931 3675 qrrne
944 3612 1007 3675 post

83 3683 177 3730 secuta
197 3684 247 3732 est.

83 3820 99 3872 d
133 3750 168 3818 g)
190 3751 274 3804 Satan
295 3754 398 3819 patitur
417 3768 509 3806 mores
522 3751 684 3806 elericorum
705 3752 818 3820 corrigi,
837 3766 893 3802 non
913 3755 1005 3802 autern

101 3824 245 3877 octrinam.

108 3915 200 3955 Lutlreri
212 3924 261 3962 opp.
282 3917 302 3955 V.
315 3916 341 3953 Α.
355 3915 386 3953 ud
396 3917 436 3954 rof.
450 3916 500 3958 dist
515 3919 529 3958 l.
543 3930 566 3969 p,
584 3922 632 3963 Vol,
647 3923 665 3962 Ι,
776 3924 795 3995 3
