<?xml version="1.0" encoding="UTF-8"?>
<!DOCTYPE html PUBLIC "-//W3C//DTD XHTML 1.0 Transitional//EN"
    "http://www.w3.org/TR/xhtml1/DTD/xhtml1-transitional.dtd">
<html xmlns="http://www.w3.org/1999/xhtml" xml:lang="en" lang="en">
 <head>
  <title>
</title>
<meta http-equiv="Content-Type" content="text/html;charset=utf-8" />
  <meta name='ocr-system' content='tesseract 3.04.00' />
  <meta name='ocr-capabilities' content='ocr_page ocr_carea ocr_par ocr_line ocrx_word'/>
</head>
<body>
  <div class='ocr_page' id='page_1' title='image "./dmartinilutheri01luthgoog_0910.png"; bbox 0 0 2356 4200; ppageno 0'>
   <div class='ocr_carea' id='block_1_1' title="bbox 283 266 1114 343">
    <p class='ocr_par' dir='ltr' id='par_1_1' title="bbox 283 266 1114 343">
     <span class='ocr_line' id='line_1_1' title="bbox 283 266 1114 343; baseline -0.006 -16"><span class='ocrx_word' id='word_1_1' title='bbox 283 273 372 328; x_wconf 88' lang='lat' dir='ltr'>Breve</span> <span class='ocrx_word' id='word_1_2' title='bbox 390 272 489 332; x_wconf 70' lang='lat' dir='ltr'>Leonis</span> <span class='ocrx_word' id='word_1_3' title='bbox 506 272 541 329; x_wconf 80' lang='lat' dir='ltr'>X·</span> <span class='ocrx_word' id='word_1_4' title='bbox 561 272 595 327; x_wconf 78' lang='lat' dir='ltr'>sd</span> <span class='ocrx_word' id='word_1_5' title='bbox 616 266 684 342; x_wconf 71' lang='lat' dir='ltr'>[larg.=</span> <span class='ocrx_word' id='word_1_6' title='bbox 698 274 854 343; x_wconf 79' lang='lat' dir='ltr'>l’faffingor.</span> <span class='ocrx_word' id='word_1_7' title='bbox 981 268 1044 335; x_wconf 67' lang='lat'>447</span> <span class='ocrx_word' id='word_1_8' title='bbox 1113 319 1114 322; x_wconf 74' lang='grc'>,</span> 
     </span>
    </p>
   </div>
   <div class='ocr_carea' id='block_1_2' title="bbox 122 441 1083 2439">
    <p class='ocr_par' dir='ltr' id='par_1_2' title="bbox 124 441 1046 607">
     <span class='ocr_line' id='line_1_2' title="bbox 124 441 1046 523; baseline -0.004 -14"><span class='ocrx_word' id='word_1_9' title='bbox 124 461 218 523; x_wconf 75' lang='lat' dir='ltr'>queue</span> <span class='ocrx_word' id='word_1_10' title='bbox 239 442 428 507; x_wconf 77' lang='lat' dir='ltr'>detestabilis</span> <span class='ocrx_word' id='word_1_11' title='bbox 450 445 490 504; x_wconf 90' lang='lat' dir='ltr'>sit</span> <span class='ocrx_word' id='word_1_12' title='bbox 510 444 598 509; x_wconf 82' lang='grc' dir='ltr'>ιιιιιιιι</span> <span class='ocrx_word' id='word_1_13' title='bbox 610 442 743 507; x_wconf 80' lang='lat' dir='ltr'>Satanae</span> <span class='ocrx_word' id='word_1_14' title='bbox 759 443 825 523; x_wconf 83' lang='lat' dir='ltr'>lilii,</span> <span class='ocrx_word' id='word_1_15' title='bbox 846 441 1046 505; x_wconf 68' lang='lat' dir='ltr'>Fratrialler·</span> 
     </span>
     <span class='ocr_line' id='line_1_3' title="bbox 125 524 1048 607; baseline -0.001 -19"><span class='ocrx_word' id='word_1_16' title='bbox 125 527 181 588; x_wconf 90' lang='lat' dir='ltr'>tini</span> <span class='ocrx_word' id='word_1_17' title='bbox 194 524 252 587; x_wconf 90' lang='lat' dir='ltr'>Lut</span> <span class='ocrx_word' id='word_1_18' title='bbox 240 526 326 605; x_wconf 81' lang='lat' dir='ltr'>theri,</span> <span class='ocrx_word' id='word_1_19' title='bbox 348 527 443 588; x_wconf 92' lang='lat' dir='ltr'>nimia</span> <span class='ocrx_word' id='word_1_20' title='bbox 464 528 635 606; x_wconf 88' lang='lat' dir='ltr'>temeritas,</span> <span class='ocrx_word' id='word_1_21' title='bbox 657 546 736 607; x_wconf 84' lang='lat' dir='ltr'>qnae</span> <span class='ocrx_word' id='word_1_22' title='bbox 759 526 851 590; x_wconf 77' lang='lat' dir='ltr'>etiem</span> <span class='ocrx_word' id='word_1_23' title='bbox 873 532 905 587; x_wconf 85' lang='lat' dir='ltr'>et</span> <span class='ocrx_word' id='word_1_24' title='bbox 925 526 1048 588; x_wconf 77' lang='lat' dir='ltr'>notissi-</span> <span class='ocrx_word' id='word_1_25' title='bbox 1027 526 1033 539; x_wconf 89' lang='grc'><em>“</em></span> 
     </span>
    </p>

    <p class='ocr_par' dir='ltr' id='par_1_3' title="bbox 122 609 1050 857">
     <span class='ocr_line' id='line_1_4' title="bbox 125 609 1046 690; baseline -0.003 -19"><span class='ocrx_word' id='word_1_26' title='bbox 125 628 209 675; x_wconf 86' lang='lat' dir='ltr'>mem</span> <span class='ocrx_word' id='word_1_27' title='bbox 227 610 371 676; x_wconf 83' lang='lat' dir='ltr'>haeresin</span> <span class='ocrx_word' id='word_1_28' title='bbox 391 611 490 690; x_wconf 82' lang='lat' dir='ltr'>sepit,</span> <span class='ocrx_word' id='word_1_29' title='bbox 520 617 551 673; x_wconf 87' lang='lat' dir='ltr'>et</span> <span class='ocrx_word' id='word_1_30' title='bbox 571 612 651 673; x_wconf 88' lang='lat' dir='ltr'>tenti</span> <span class='ocrx_word' id='word_1_31' title='bbox 670 611 768 673; x_wconf 74' lang='lat' dir='ltr'>onds</span> <span class='ocrx_word' id='word_1_32' title='bbox 786 609 901 671; x_wconf 70' lang='lat' dir='ltr'>derum</span> <span class='ocrx_word' id='word_1_33' title='bbox 922 625 1046 688; x_wconf 83' lang='lat' dir='ltr'>namen,</span> 
     </span>
     <span class='ocr_line' id='line_1_5' title="bbox 122 691 1050 776; baseline -0.002 -21"><span class='ocrx_word' id='word_1_34' title='bbox 122 692 240 757; x_wconf 70' lang='lat' dir='ltr'>&#39;alerem</span> <span class='ocrx_word' id='word_1_35' title='bbox 262 694 354 756; x_wconf 84' lang='lat' dir='ltr'>etiem</span> <span class='ocrx_word' id='word_1_36' title='bbox 376 712 499 758; x_wconf 87' lang='lat' dir='ltr'>suorum</span> <span class='ocrx_word' id='word_1_37' title='bbox 507 693 740 776; x_wconf 82' lang='lat' dir='ltr'>Progenitornnr</span> <span class='ocrx_word' id='word_1_38' title='bbox 751 693 865 757; x_wconf 79' lang='lat' dir='ltr'>lamam</span> <span class='ocrx_word' id='word_1_39' title='bbox 886 691 1050 772; x_wconf 74' lang='lat' dir='ltr'>denigrare·</span> 
     </span>
     <span class='ocr_line' id='line_1_6' title="bbox 124 775 1047 857; baseline -0.008 -14"><span class='ocrx_word' id='word_1_40' title='bbox 124 782 239 857; x_wconf 80' lang='lat' dir='ltr'>potest,</span> <span class='ocrx_word' id='word_1_41' title='bbox 259 776 369 841; x_wconf 83' lang='lat' dir='ltr'>eodem</span> <span class='ocrx_word' id='word_1_42' title='bbox 392 775 505 839; x_wconf 72' lang='lat' dir='ltr'>(letoio</span> <span class='ocrx_word' id='word_1_43' title='bbox 526 776 646 838; x_wconf 81' lang='lat' dir='ltr'>Nunnio</span> <span class='ocrx_word' id='word_1_44' title='bbox 668 783 774 839; x_wconf 70' lang='lat' dir='ltr'>nosne</span> <span class='ocrx_word' id='word_1_45' title='bbox 797 776 923 855; x_wconf 85' lang='lat' dir='ltr'>andito,</span> <span class='ocrx_word' id='word_1_46' title='bbox 947 794 986 836; x_wconf 86' lang='lat' dir='ltr'>ee</span> <span class='ocrx_word' id='word_1_47' title='bbox 1005 775 1047 836; x_wconf 87' lang='lat' dir='ltr'>oi·</span> 
     </span>
    </p>

    <p class='ocr_par' dir='ltr' id='par_1_4' title="bbox 124 822 1048 1104">
     <span class='ocr_line' id='line_1_7' title="bbox 125 822 1048 941; baseline 0 -21"><span class='ocrx_word' id='word_1_48' title='bbox 125 859 196 925; x_wconf 80' lang='lat' dir='ltr'>dem</span> <span class='ocrx_word' id='word_1_49' title='bbox 217 859 296 923; x_wconf 88' lang='lat' dir='ltr'>Duoi</span> <span class='ocrx_word' id='word_1_50' title='bbox 323 878 379 922; x_wconf 86' lang='lat' dir='ltr'>sno</span> <span class='ocrx_word' id='word_1_51' title='bbox 409 879 486 922; x_wconf 89' lang='lat' dir='ltr'>sano</span> <span class='ocrx_word' id='word_1_52' title='bbox 514 858 645 923; x_wconf 65' lang='lat' dir='ltr'>consilis</span> <span class='ocrx_word' id='word_1_53' title='bbox 663 860 850 941; x_wconf 86' lang='lat' dir='ltr'>persuadere</span> <span class='ocrx_word' id='word_1_54' title='bbox 870 822 962 937; x_wconf 79' lang='lat' dir='ltr'>velit,</span> <span class='ocrx_word' id='word_1_55' title='bbox 992 875 1048 938; x_wconf 73' lang='lat' dir='ltr'>pes</span> 
     </span>
     <span class='ocr_line' id='line_1_8' title="bbox 125 940 1048 1025; baseline 0.001 -22"><span class='ocrx_word' id='word_1_56' title='bbox 125 961 206 1023; x_wconf 86' lang='lat' dir='ltr'>qnae</span> <span class='ocrx_word' id='word_1_57' title='bbox 225 948 404 1007; x_wconf 76' lang='lat' dir='ltr'>nosnaeet</span> <span class='ocrx_word' id='word_1_58' title='bbox 391 942 527 1005; x_wconf 81' lang='lat' dir='ltr'>idiotae</span> <span class='ocrx_word' id='word_1_59' title='bbox 548 943 637 1006; x_wconf 81' lang='lat' dir='ltr'>Sedis</span> <span class='ocrx_word' id='word_1_60' title='bbox 657 945 817 1025; x_wconf 80' lang='lat' dir='ltr'>dignitati,</span> <span class='ocrx_word' id='word_1_61' title='bbox 848 949 880 1004; x_wconf 86' lang='lat' dir='ltr'>et</span> <span class='ocrx_word' id='word_1_62' title='bbox 911 940 1048 1004; x_wconf 83' lang='lat' dir='ltr'>eiusdem</span> 
     </span>
     <span class='ocr_line' id='line_1_9' title="bbox 124 989 1046 1104; baseline 0 -17"><span class='ocrx_word' id='word_1_63' title='bbox 124 1026 220 1093; x_wconf 88' lang='lat' dir='ltr'>Dneis</span> <span class='ocrx_word' id='word_1_64' title='bbox 243 1024 349 1091; x_wconf 82' lang='lat' dir='ltr'>decori</span> <span class='ocrx_word' id='word_1_65' title='bbox 365 1032 449 1088; x_wconf 84' lang='lat' dir='ltr'>reete</span> <span class='ocrx_word' id='word_1_66' title='bbox 463 1027 650 1104; x_wconf 83' lang='lat' dir='ltr'>oemulatur,</span> <span class='ocrx_word' id='word_1_67' title='bbox 665 1035 704 1088; x_wconf 87' lang='lat' dir='ltr'>et</span> <span class='ocrx_word' id='word_1_68' title='bbox 724 1027 799 1087; x_wconf 86' lang='lat' dir='ltr'>dieti</span> <span class='ocrx_word' id='word_1_69' title='bbox 809 989 932 1086; x_wconf 78' lang='grc' dir='ltr'>ιιιιιιιιι</span> <span class='ocrx_word' id='word_1_70' title='bbox 952 1031 1046 1087; x_wconf 84' lang='lat' dir='ltr'>tama·</span> 
     </span>
    </p>

    <p class='ocr_par' dir='ltr' id='par_1_5' title="bbox 124 1108 1061 1421">
     <span class='ocr_line' id='line_1_10' title="bbox 124 1108 1048 1207; baseline -0.008 -32"><span class='ocrx_word' id='word_1_71' title='bbox 124 1111 199 1175; x_wconf 84' lang='lat' dir='ltr'>ritas</span> <span class='ocrx_word' id='word_1_72' title='bbox 219 1108 447 1190; x_wconf 72' lang='lat' dir='ltr'>comprimetur,</span> <span class='ocrx_word' id='word_1_73' title='bbox 469 1117 499 1171; x_wconf 89' lang='lat' dir='ltr'>et</span> <span class='ocrx_word' id='word_1_74' title='bbox 520 1130 614 1207; x_wconf 77' lang='lat' dir='ltr'>error,</span> <span class='ocrx_word' id='word_1_75' title='bbox 633 1109 698 1172; x_wconf 85' lang='lat' dir='ltr'>hau</span> <span class='ocrx_word' id='word_1_76' title='bbox 719 1111 845 1171; x_wconf 91' lang='lat' dir='ltr'>nimium</span> <span class='ocrx_word' id='word_1_77' title='bbox 859 1109 972 1206; x_wconf 66' lang='lat' dir='ltr'>grevia</span> <span class='ocrx_word' id='word_1_78' title='bbox 993 1108 1048 1187; x_wconf 83' lang='lat' dir='ltr'>qni</span> 
     </span>
     <span class='ocr_line' id='line_1_11' title="bbox 124 1190 1048 1290; baseline -0.004 -34"><span class='ocrx_word' id='word_1_79' title='bbox 124 1195 157 1256; x_wconf 86' lang='lat' dir='ltr'>in</span> <span class='ocrx_word' id='word_1_80' title='bbox 177 1192 294 1272; x_wconf 89' lang='lat' dir='ltr'>populo</span> <span class='ocrx_word' id='word_1_81' title='bbox 316 1193 496 1290; x_wconf 89' lang='lat' dir='ltr'>plerumque</span> <span class='ocrx_word' id='word_1_82' title='bbox 517 1195 645 1255; x_wconf 89' lang='lat' dir='ltr'>nimium</span> <span class='ocrx_word' id='word_1_83' title='bbox 658 1193 784 1255; x_wconf 82' lang='lat' dir='ltr'>credulo</span> <span class='ocrx_word' id='word_1_84' title='bbox 806 1194 850 1253; x_wconf 89' lang='lat' dir='ltr'>ite</span> <span class='ocrx_word' id='word_1_85' title='bbox 871 1190 1048 1268; x_wconf 81' lang='lat' dir='ltr'>seminatur,</span> 
     </span>
     <span class='ocr_line' id='line_1_12' title="bbox 125 1275 1061 1357; baseline -0.004 -18"><span class='ocrx_word' id='word_1_86' title='bbox 125 1284 157 1339; x_wconf 85' lang='lat' dir='ltr'>te</span> <span class='ocrx_word' id='word_1_87' title='bbox 180 1294 242 1337; x_wconf 84' lang='lat' dir='ltr'>uno</span> <span class='ocrx_word' id='word_1_88' title='bbox 272 1277 466 1356; x_wconf 86' lang='lat' dir='ltr'>potissimum</span> <span class='ocrx_word' id='word_1_89' title='bbox 498 1297 564 1338; x_wconf 89' lang='lat' dir='ltr'>rem</span> <span class='ocrx_word' id='word_1_90' title='bbox 586 1278 711 1337; x_wconf 89' lang='lat' dir='ltr'>iuvante</span> <span class='ocrx_word' id='word_1_91' title='bbox 745 1284 838 1357; x_wconf 88' lang='lat' dir='ltr'>teque</span> <span class='ocrx_word' id='word_1_92' title='bbox 870 1275 954 1338; x_wconf 91' lang='lat' dir='ltr'>bono</span> <span class='ocrx_word' id='word_1_93' title='bbox 977 1292 1061 1335; x_wconf 68' lang='lat' dir='ltr'>oea.</span> 
     </span>
     <span class='ocr_line' id='line_1_13' title="bbox 126 1357 515 1423; baseline -0.003 -2"><span class='ocrx_word' id='word_1_94' title='bbox 126 1357 244 1421; x_wconf 81' lang='lat' dir='ltr'>sultore</span> <span class='ocrx_word' id='word_1_95' title='bbox 264 1358 398 1423; x_wconf 85' lang='lat' dir='ltr'>tollatur.</span> <span class='ocrx_word' id='word_1_96' title='bbox 512 1375 515 1380; x_wconf 85' lang='lat'>·</span> 
     </span>
    </p>

    <p class='ocr_par' dir='ltr' id='par_1_6' title="bbox 125 1440 1049 1521">
     <span class='ocr_line' id='line_1_14' title="bbox 125 1440 1049 1521; baseline 0 -19"><span class='ocrx_word' id='word_1_97' title='bbox 125 1456 131 1477; x_wconf 82' lang='grc'>’</span> <span class='ocrx_word' id='word_1_98' title='bbox 209 1443 243 1505; x_wconf 89' lang='lat' dir='ltr'>ln</span> <span class='ocrx_word' id='word_1_99' title='bbox 268 1460 328 1521; x_wconf 91' lang='lat' dir='ltr'>quo</span> <span class='ocrx_word' id='word_1_100' title='bbox 351 1441 476 1503; x_wconf 89' lang='lat' dir='ltr'>devotio</span> <span class='ocrx_word' id='word_1_101' title='bbox 510 1441 621 1503; x_wconf 80' lang='lat' dir='ltr'>aedem</span> <span class='ocrx_word' id='word_1_102' title='bbox 651 1449 704 1504; x_wconf 84' lang='lat' dir='ltr'>tna</span> <span class='ocrx_word' id='word_1_103' title='bbox 728 1443 795 1503; x_wconf 92' lang='lat' dir='ltr'>Deo</span> <span class='ocrx_word' id='word_1_104' title='bbox 819 1440 973 1503; x_wconf 67' lang='lat' dir='ltr'>salvatori</span> <span class='ocrx_word' id='word_1_105' title='bbox 994 1458 1049 1502; x_wconf 90' lang='lat' dir='ltr'>no·</span> 
     </span>
    </p>

    <p class='ocr_par' dir='ltr' id='par_1_7' title="bbox 126 1521 1048 1688">
     <span class='ocr_line' id='line_1_15' title="bbox 126 1521 1048 1605; baseline -0.002 -20"><span class='ocrx_word' id='word_1_106' title='bbox 126 1530 206 1605; x_wconf 89' lang='lat' dir='ltr'>stro</span> <span class='ocrx_word' id='word_1_107' title='bbox 229 1526 314 1585; x_wconf 86' lang='lat' dir='ltr'>ouius</span> <span class='ocrx_word' id='word_1_108' title='bbox 336 1543 429 1586; x_wconf 86' lang='lat' dir='ltr'>oense</span> <span class='ocrx_word' id='word_1_109' title='bbox 450 1525 564 1605; x_wconf 83' lang='lat' dir='ltr'>agitur,</span> <span class='ocrx_word' id='word_1_110' title='bbox 592 1545 657 1586; x_wconf 90' lang='lat' dir='ltr'>rem</span> <span class='ocrx_word' id='word_1_111' title='bbox 679 1531 861 1605; x_wconf 78' lang='lat' dir='ltr'>acceptam,</span> <span class='ocrx_word' id='word_1_112' title='bbox 895 1531 927 1585; x_wconf 87' lang='lat' dir='ltr'>et</span> <span class='ocrx_word' id='word_1_113' title='bbox 947 1521 1048 1602; x_wconf 82' lang='lat' dir='ltr'>nobis,</span> 
     </span>
     <span class='ocr_line' id='line_1_16' title="bbox 126 1602 1048 1688; baseline -0.007 -15"><span class='ocrx_word' id='word_1_114' title='bbox 126 1609 178 1687; x_wconf 82' lang='lat' dir='ltr'>qni</span> <span class='ocrx_word' id='word_1_115' title='bbox 211 1607 288 1669; x_wconf 88' lang='lat' dir='ltr'>nihil</span> <span class='ocrx_word' id='word_1_116' title='bbox 316 1602 430 1688; x_wconf 79' lang='lat' dir='ltr'>magis,</span> <span class='ocrx_word' id='word_1_117' title='bbox 462 1627 554 1687; x_wconf 84' lang='lat' dir='ltr'>quem</span> <span class='ocrx_word' id='word_1_118' title='bbox 582 1610 729 1670; x_wconf 75' lang='lat' dir='ltr'>zizaniam</span> <span class='ocrx_word' id='word_1_119' title='bbox 751 1609 921 1687; x_wconf 87' lang='lat' dir='ltr'>loliumque</span> <span class='ocrx_word' id='word_1_120' title='bbox 947 1606 1048 1667; x_wconf 89' lang='lat' dir='ltr'>huius·</span> 
     </span>
    </p>

    <p class='ocr_par' dir='ltr' id='par_1_8' title="bbox 126 1688 1048 1789">
     <span class='ocr_line' id='line_1_17' title="bbox 126 1688 1048 1789; baseline -0.01 -31"><span class='ocrx_word' id='word_1_121' title='bbox 126 1689 211 1773; x_wconf 80' lang='lat' dir='ltr'>modi</span> <span class='ocrx_word' id='word_1_122' title='bbox 233 1711 274 1753; x_wconf 88' lang='lat' dir='ltr'>ex</span> <span class='ocrx_word' id='word_1_123' title='bbox 297 1711 372 1771; x_wconf 76' lang='lat' dir='ltr'>egro</span> <span class='ocrx_word' id='word_1_124' title='bbox 395 1690 519 1753; x_wconf 80' lang='lat' dir='ltr'>Domini</span> <span class='ocrx_word' id='word_1_125' title='bbox 540 1693 713 1789; x_wconf 78' lang='lat' dir='ltr'>exstirpare</span> <span class='ocrx_word' id='word_1_126' title='bbox 738 1710 799 1788; x_wconf 88' lang='lat' dir='ltr'>pro</span> <span class='ocrx_word' id='word_1_127' title='bbox 822 1696 977 1788; x_wconf 87' lang='lat' dir='ltr'>posset</span> <span class='ocrx_word' id='word_1_128' title='bbox 948 1688 1048 1751; x_wconf 88' lang='lat' dir='ltr'>stude·</span> 
     </span>
    </p>

    <p class='ocr_par' dir='ltr' id='par_1_9' title="bbox 126 1772 1048 1921">
     <span class='ocr_line' id='line_1_18' title="bbox 127 1772 1048 1870; baseline -0.004 -33"><span class='ocrx_word' id='word_1_129' title='bbox 127 1790 204 1870; x_wconf 75' lang='lat' dir='ltr'>mos,</span> <span class='ocrx_word' id='word_1_130' title='bbox 227 1775 431 1855; x_wconf 73' lang='lat' dir='ltr'>gratissimam</span> <span class='ocrx_word' id='word_1_131' title='bbox 452 1774 553 1853; x_wconf 83' lang='lat' dir='ltr'>faeiat,</span> <span class='ocrx_word' id='word_1_132' title='bbox 576 1794 632 1855; x_wconf 85' lang='grc' dir='ltr'>ριο</span> <span class='ocrx_word' id='word_1_133' title='bbox 655 1794 717 1854; x_wconf 84' lang='lat' dir='ltr'>qna</span> <span class='ocrx_word' id='word_1_134' title='bbox 736 1776 768 1834; x_wconf 91' lang='lat' dir='ltr'>in</span> <span class='ocrx_word' id='word_1_135' title='bbox 790 1777 851 1834; x_wconf 88' lang='lat' dir='ltr'>suis</span> <span class='ocrx_word' id='word_1_136' title='bbox 875 1773 972 1834; x_wconf 87' lang='lat' dir='ltr'>etiem</span> <span class='ocrx_word' id='word_1_137' title='bbox 989 1772 1048 1852; x_wconf 87' lang='lat' dir='ltr'>piis</span> 
     </span>
     <span class='ocr_line' id='line_1_19' title="bbox 126 1853 1050 1921; baseline -0.001 -4"><span class='ocrx_word' id='word_1_138' title='bbox 126 1857 208 1921; x_wconf 86' lang='lat' dir='ltr'>votis</span> <span class='ocrx_word' id='word_1_139' title='bbox 239 1864 271 1919; x_wconf 86' lang='lat' dir='ltr'>et</span> <span class='ocrx_word' id='word_1_140' title='bbox 291 1856 451 1919; x_wconf 74' lang='lat' dir='ltr'>desideriis</span> <span class='ocrx_word' id='word_1_141' title='bbox 474 1857 600 1921; x_wconf 85' lang='lat' dir='ltr'>devotio</span> <span class='ocrx_word' id='word_1_142' title='bbox 623 1857 733 1919; x_wconf 84' lang='lat' dir='ltr'>eedem</span> <span class='ocrx_word' id='word_1_143' title='bbox 769 1855 822 1917; x_wconf 86' lang='lat' dir='ltr'>tna</span> <span class='ocrx_word' id='word_1_144' title='bbox 844 1875 903 1916; x_wconf 90' lang='lat' dir='ltr'>nos</span> <span class='ocrx_word' id='word_1_145' title='bbox 924 1853 1050 1917; x_wconf 84' lang='lat' dir='ltr'>Sedam-</span> 
     </span>
    </p>

    <p class='ocr_par' dir='ltr' id='par_1_10' title="bbox 128 1934 1083 2439">
     <span class='ocr_line' id='line_1_20' title="bbox 129 1934 1049 2021; baseline -0.001 -22"><span class='ocrx_word' id='word_1_146' title='bbox 129 1959 188 2019; x_wconf 90' lang='lat' dir='ltr'>qne</span> <span class='ocrx_word' id='word_1_147' title='bbox 210 1940 400 2020; x_wconf 76' lang='lat' dir='ltr'>praedictam</span> <span class='ocrx_word' id='word_1_148' title='bbox 421 1942 519 2021; x_wconf 79' lang='lat' dir='ltr'>magis</span> <span class='ocrx_word' id='word_1_149' title='bbox 540 1940 599 2001; x_wconf 90' lang='lat' dir='ltr'>sibi</span> <span class='ocrx_word' id='word_1_150' title='bbox 620 1942 772 2021; x_wconf 88' lang='lat' dir='ltr'>propitios</span> <span class='ocrx_word' id='word_1_151' title='bbox 796 1934 931 2003; x_wconf 88' lang='lat' dir='ltr'>inveniet</span> <span class='ocrx_word' id='word_1_152' title='bbox 957 1945 1049 2016; x_wconf 80' lang='lat' dir='ltr'>etque</span> 
     </span>
     <span class='ocr_line' id='line_1_21' title="bbox 129 2016 1049 2104; baseline -0.005 -19"><span class='ocrx_word' id='word_1_153' title='bbox 129 2024 296 2104; x_wconf 81' lang='lat' dir='ltr'>benignos,</span> <span class='ocrx_word' id='word_1_154' title='bbox 328 2031 420 2103; x_wconf 85' lang='lat' dir='ltr'>prout</span> <span class='ocrx_word' id='word_1_155' title='bbox 441 2043 480 2089; x_wconf 82' lang='lat' dir='ltr'>ex</span> <span class='ocrx_word' id='word_1_156' title='bbox 512 2024 623 2086; x_wconf 87' lang='lat' dir='ltr'>eodem</span> <span class='ocrx_word' id='word_1_157' title='bbox 653 2022 765 2086; x_wconf 82' lang='lat' dir='ltr'>Oarolo</span> <span class='ocrx_word' id='word_1_158' title='bbox 794 2016 925 2083; x_wconf 88' lang='lat' dir='ltr'>anobis</span> <span class='ocrx_word' id='word_1_159' title='bbox 957 2021 1049 2101; x_wconf 90' lang='lat' dir='ltr'>plene</span> 
     </span>
     <span class='ocr_line' id='line_1_22' title="bbox 128 2103 1083 2188; baseline -0.004 -22"><span class='ocrx_word' id='word_1_160' title='bbox 128 2109 276 2167; x_wconf 87' lang='lat' dir='ltr'>instruoto</span> <span class='ocrx_word' id='word_1_161' title='bbox 244 2105 414 2167; x_wconf 85' lang='lat' dir='ltr'>taedem</span> <span class='ocrx_word' id='word_1_162' title='bbox 444 2105 568 2171; x_wconf 81' lang='lat' dir='ltr'>devotio</span> <span class='ocrx_word' id='word_1_163' title='bbox 597 2107 718 2188; x_wconf 85' lang='lat' dir='ltr'>plenius</span> <span class='ocrx_word' id='word_1_164' title='bbox 745 2104 905 2185; x_wconf 82' lang='lat' dir='ltr'>intelliget.</span> <span class='ocrx_word' id='word_1_165' title='bbox 884 2103 1048 2164; x_wconf 90' lang='lat' dir='ltr'>tDetnm</span> <span class='ocrx_word' id='word_1_166' title='bbox 1078 2166 1083 2178; x_wconf 26' lang='lat' dir='ltr'>x</span> 
     </span>
     <span class='ocr_line' id='line_1_23' title="bbox 129 2186 1047 2267; baseline -0.003 -18"><span class='ocrx_word' id='word_1_167' title='bbox 129 2191 260 2249; x_wconf 72' lang='lat' dir='ltr'>divitatis</span> <span class='ocrx_word' id='word_1_168' title='bbox 290 2191 401 2251; x_wconf 89' lang='lat' dir='ltr'>veteris</span> <span class='ocrx_word' id='word_1_169' title='bbox 435 2189 602 2252; x_wconf 76' lang='lat' dir='ltr'>viterbien</span> <span class='ocrx_word' id='word_1_170' title='bbox 629 2189 807 2267; x_wconf 72' lang='lat' dir='ltr'>Dionaeam,</span> <span class='ocrx_word' id='word_1_171' title='bbox 847 2187 902 2248; x_wconf 89' lang='lat' dir='ltr'>sub</span> <span class='ocrx_word' id='word_1_172' title='bbox 933 2186 1047 2248; x_wconf 88' lang='lat' dir='ltr'>annulo</span> 
     </span>
     <span class='ocr_line' id='line_1_24' title="bbox 128 2267 1049 2349; baseline -0.003 -17"><span class='ocrx_word' id='word_1_173' title='bbox 128 2272 303 2349; x_wconf 83' lang='lat' dir='ltr'>Piscatoris,</span> <span class='ocrx_word' id='word_1_174' title='bbox 325 2272 448 2335; x_wconf 86' lang='lat' dir='ltr'>kalend</span> <span class='ocrx_word' id='word_1_175' title='bbox 463 2273 585 2334; x_wconf 87' lang='lat' dir='ltr'>Januar</span> <span class='ocrx_word' id='word_1_176' title='bbox 607 2273 700 2333; x_wconf 86' lang='lat' dir='ltr'>Anno</span> <span class='ocrx_word' id='word_1_177' title='bbox 716 2273 756 2334; x_wconf 89' lang='grc' dir='ltr'><strong>Μ</strong></span> <span class='ocrx_word' id='word_1_178' title='bbox 759 2272 785 2331; x_wconf 92' lang='lat' dir='ltr'>D</span> <span class='ocrx_word' id='word_1_179' title='bbox 789 2272 875 2332; x_wconf 79' lang='lat' dir='ltr'>,XlX.</span> <span class='ocrx_word' id='word_1_180' title='bbox 887 2267 1049 2332; x_wconf 82' lang='lat' dir='ltr'>Pontifice-</span> 
     </span>
     <span class='ocr_line' id='line_1_25' title="bbox 130 2336 985 2439; baseline 0.001 -23"><span class='ocrx_word' id='word_1_181' title='bbox 130 2363 177 2416; x_wconf 87' lang='lat' dir='ltr'>tns</span> <span class='ocrx_word' id='word_1_182' title='bbox 199 2360 272 2429; x_wconf 83' lang='lat' dir='ltr'>nost</span> <span class='ocrx_word' id='word_1_183' title='bbox 272 2357 296 2415; x_wconf 88' lang='grc' dir='ltr'>ιι</span> <span class='ocrx_word' id='word_1_184' title='bbox 319 2374 401 2417; x_wconf 90' lang='lat' dir='ltr'>enno</span> <span class='ocrx_word' id='word_1_185' title='bbox 424 2356 493 2418; x_wconf 89' lang='lat' dir='ltr'>Vll.</span> <span class='ocrx_word' id='word_1_186' title='bbox 515 2356 718 2439; x_wconf 78' lang='lat' dir='ltr'>Evangeliste</span> <span class='ocrx_word' id='word_1_187' title='bbox 739 2336 924 2435; x_wconf 84' lang='lat' dir='ltr'>subsoripsit.</span> <span class='ocrx_word' id='word_1_188' title='bbox 980 2412 985 2417; x_wconf 84' lang='lat'><strong>.</strong></span> 
     </span>
    </p>
   </div>
   <div class='ocr_carea' id='block_1_3' title="bbox 370 2611 936 2766">
    <p class='ocr_par' dir='ltr' id='par_1_11' title="bbox 370 2611 936 2766">
     <span class='ocr_line' id='line_1_26' title="bbox 370 2611 936 2766; baseline 0.002 -57"><span class='ocrx_word' id='word_1_189' title='bbox 370 2611 599 2734; x_wconf 78' lang='lat' dir='ltr'>Magnifice</span> <span class='ocrx_word' id='word_1_190' title='bbox 628 2613 807 2711; x_wconf 86' lang='lat' dir='ltr'>Domino</span> <span class='ocrx_word' id='word_1_191' title='bbox 929 2759 936 2766; x_wconf 87' lang='lat'><em>.</em></span> 
     </span>
    </p>
   </div>
   <div class='ocr_carea' id='block_1_4' title="bbox 130 2834 1049 3001">
    <p class='ocr_par' dir='ltr' id='par_1_12' title="bbox 130 2834 1049 3001">
     <span class='ocr_line' id='line_1_27' title="bbox 130 2834 1049 2916; baseline 0.001 -18"><span class='ocrx_word' id='word_1_192' title='bbox 130 2835 336 2916; x_wconf 86' lang='lat' dir='ltr'>Degenherdo</span> <span class='ocrx_word' id='word_1_193' title='bbox 363 2835 551 2916; x_wconf 83' lang='lat' dir='ltr'>Pfeffinger,</span> <span class='ocrx_word' id='word_1_194' title='bbox 572 2836 769 2897; x_wconf 90' lang='lat' dir='ltr'>Illustrissimi</span> <span class='ocrx_word' id='word_1_195' title='bbox 783 2834 938 2898; x_wconf 75' lang='lat' dir='ltr'>Senoniae</span> <span class='ocrx_word' id='word_1_196' title='bbox 952 2835 1049 2901; x_wconf 87' lang='lat' dir='ltr'>Duois</span> 
     </span>
     <span class='ocr_line' id='line_1_28' title="bbox 250 2920 980 3001; baseline 0.003 -21"><span class='ocrx_word' id='word_1_197' title='bbox 250 2920 443 3000; x_wconf 80' lang='lat' dir='ltr'>consiliario,</span> <span class='ocrx_word' id='word_1_198' title='bbox 466 2921 575 2981; x_wconf 85' lang='lat' dir='ltr'>Amioo</span> <span class='ocrx_word' id='word_1_199' title='bbox 599 2925 707 2981; x_wconf 90' lang='lat' dir='ltr'>nostro</span> <span class='ocrx_word' id='word_1_200' title='bbox 728 2921 905 3001; x_wconf 79' lang='lat' dir='ltr'>praecipuo.</span> <span class='ocrx_word' id='word_1_201' title='bbox 975 2964 980 2969; x_wconf 92' lang='lat'>-</span> 
     </span>
    </p>
   </div>
   <div class='ocr_carea' id='block_1_5' title="bbox 213 3106 1049 3189">
    <p class='ocr_par' dir='ltr' id='par_1_13' title="bbox 213 3106 1049 3189">
     <span class='ocr_line' id='line_1_29' title="bbox 213 3106 1049 3189; baseline 0.004 -21"><span class='ocrx_word' id='word_1_202' title='bbox 213 3106 376 3188; x_wconf 75' lang='lat' dir='ltr'>Magniana</span> <span class='ocrx_word' id='word_1_203' title='bbox 404 3107 556 3185; x_wconf 75' lang='lat' dir='ltr'>Domine,</span> <span class='ocrx_word' id='word_1_204' title='bbox 590 3106 699 3168; x_wconf 78' lang='lat' dir='ltr'>Amioe</span> <span class='ocrx_word' id='word_1_205' title='bbox 735 3113 841 3169; x_wconf 85' lang='lat' dir='ltr'>noster</span> <span class='ocrx_word' id='word_1_206' title='bbox 882 3110 1049 3189; x_wconf 73' lang='lat' dir='ltr'>entissime,</span> 
     </span>
    </p>
   </div>
   <div class='ocr_carea' id='block_1_6' title="bbox 130 3156 1154 3272">
    <p class='ocr_par' dir='ltr' id='par_1_14' title="bbox 130 3156 1154 3272">
     <span class='ocr_line' id='line_1_30' title="bbox 130 3156 1154 3272; baseline 0.004 -22"><span class='ocrx_word' id='word_1_207' title='bbox 130 3209 199 3250; x_wconf 87' lang='lat' dir='ltr'>enm</span> <span class='ocrx_word' id='word_1_208' title='bbox 221 3191 449 3271; x_wconf 83' lang='lat' dir='ltr'>inpraesentia</span> <span class='ocrx_word' id='word_1_209' title='bbox 471 3191 630 3272; x_wconf 76' lang='lat' dir='ltr'>contingat</span> <span class='ocrx_word' id='word_1_210' title='bbox 654 3190 862 3252; x_wconf 85' lang='lat' dir='ltr'>venerabilem</span> <span class='ocrx_word' id='word_1_211' title='bbox 883 3156 1049 3254; x_wconf 66' lang='lat' dir='ltr'>Dominurn’</span> <span class='ocrx_word' id='word_1_212' title='bbox 1151 3218 1154 3231; x_wconf 92' lang='lat'>·</span> 
     </span>
    </p>
   </div>
   <div class='ocr_carea' id='block_1_7' title="bbox 82 3273 1124 3855">
    <p class='ocr_par' dir='ltr' id='par_1_15' title="bbox 82 3273 1124 3855">
     <span class='ocr_line' id='line_1_31' title="bbox 131 3273 1124 3353; baseline 0.003 -19"><span class='ocrx_word' id='word_1_213' title='bbox 131 3273 276 3334; x_wconf 80' lang='lat' dir='ltr'>Carnium</span> <span class='ocrx_word' id='word_1_214' title='bbox 299 3274 337 3334; x_wconf 87' lang='lat' dir='ltr'>de</span> <span class='ocrx_word' id='word_1_215' title='bbox 359 3274 476 3353; x_wconf 80' lang='lat' dir='ltr'>Mittite,</span> <span class='ocrx_word' id='word_1_216' title='bbox 499 3273 683 3335; x_wconf 74' lang='lat' dir='ltr'>sanctissimi</span> <span class='ocrx_word' id='word_1_217' title='bbox 704 3273 829 3335; x_wconf 83' lang='lat' dir='ltr'>Domini</span> <span class='ocrx_word' id='word_1_218' title='bbox 849 3275 946 3336; x_wconf 82' lang='grc' dir='ltr'>ιιοιιιι</span> <span class='ocrx_word' id='word_1_219' title='bbox 960 3273 1050 3337; x_wconf 64' lang='lat' dir='ltr'>onai»</span> <span class='ocrx_word' id='word_1_220' title='bbox 1120 3342 1124 3351; x_wconf 49' lang='grc'><strong>,</strong></span> 
     </span>
     <span class='ocr_line' id='line_1_32' title="bbox 131 3356 1120 3456; baseline 0.003 -39"><span class='ocrx_word' id='word_1_221' title='bbox 131 3356 293 3435; x_wconf 85' lang='lat' dir='ltr'>aulerinm,</span> <span class='ocrx_word' id='word_1_222' title='bbox 325 3363 493 3418; x_wconf 75' lang='lat' dir='ltr'>sanetum</span> <span class='ocrx_word' id='word_1_223' title='bbox 508 3358 587 3418; x_wconf 83' lang='lat' dir='ltr'>istun</span> <span class='ocrx_word' id='word_1_224' title='bbox 625 3357 798 3419; x_wconf 87' lang='lat' dir='ltr'>oonaedera</span> <span class='ocrx_word' id='word_1_225' title='bbox 828 3357 868 3419; x_wconf 94' lang='lat' dir='ltr'>ob</span> <span class='ocrx_word' id='word_1_226' title='bbox 898 3359 1049 3456; x_wconf 84' lang='lat' dir='ltr'>quaedam</span> <span class='ocrx_word' id='word_1_227' title='bbox 1116 3366 1120 3373; x_wconf 82' lang='lat'><strong>‘</strong></span> 
     </span>
     <span class='ocr_line' id='line_1_33' title="bbox 130 3439 1049 3520; baseline 0.003 -19"><span class='ocrx_word' id='word_1_228' title='bbox 130 3458 205 3501; x_wconf 85' lang='lat' dir='ltr'>enea</span> <span class='ocrx_word' id='word_1_229' title='bbox 226 3441 394 3500; x_wconf 81' lang='lat' dir='ltr'>sanctitatis</span> <span class='ocrx_word' id='word_1_230' title='bbox 417 3441 558 3520; x_wconf 70' lang='lat' dir='ltr'>negotia</span> <span class='ocrx_word' id='word_1_231' title='bbox 573 3439 726 3501; x_wconf 84' lang='lat' dir='ltr'>noluimus</span> <span class='ocrx_word' id='word_1_232' title='bbox 740 3440 824 3501; x_wconf 91' lang='lat' dir='ltr'>illum</span> <span class='ocrx_word' id='word_1_233' title='bbox 847 3441 915 3502; x_wconf 88' lang='lat' dir='ltr'>sine</span> <span class='ocrx_word' id='word_1_234' title='bbox 936 3443 1049 3504; x_wconf 80' lang='lat' dir='ltr'>nostris</span> 
     </span>
     <span class='ocr_line' id='line_1_34' title="bbox 131 3522 1093 3621; baseline 0.001 -38"><span class='ocrx_word' id='word_1_235' title='bbox 131 3522 172 3583; x_wconf 90' lang='lat' dir='ltr'>ed</span> <span class='ocrx_word' id='word_1_236' title='bbox 193 3529 327 3584; x_wconf 79' lang='lat' dir='ltr'>vestram</span> <span class='ocrx_word' id='word_1_237' title='bbox 348 3523 608 3621; x_wconf 78' lang='lat' dir='ltr'>magnilioentiem</span> <span class='ocrx_word' id='word_1_238' title='bbox 629 3523 723 3584; x_wconf 87' lang='lat' dir='ltr'>literis</span> <span class='ocrx_word' id='word_1_239' title='bbox 744 3522 907 3603; x_wconf 85' lang='lat' dir='ltr'>profioisoi.</span> <span class='ocrx_word' id='word_1_240' title='bbox 930 3523 1049 3586; x_wconf 80' lang='lat' dir='ltr'>Scimus</span> <span class='ocrx_word' id='word_1_241' title='bbox 1091 3556 1093 3561; x_wconf 95' lang='lat'>·</span> 
     </span>
     <span class='ocr_line' id='line_1_35' title="bbox 131 3607 1049 3704; baseline 0.002 -38"><span class='ocrx_word' id='word_1_242' title='bbox 131 3607 228 3685; x_wconf 83' lang='lat' dir='ltr'>enirn,</span> <span class='ocrx_word' id='word_1_243' title='bbox 247 3612 393 3686; x_wconf 86' lang='lat' dir='ltr'>qnantum</span> <span class='ocrx_word' id='word_1_244' title='bbox 429 3607 469 3667; x_wconf 91' lang='lat' dir='ltr'>ob</span> <span class='ocrx_word' id='word_1_245' title='bbox 492 3609 632 3704; x_wconf 76' lang='lat' dir='ltr'>egregias</span> <span class='ocrx_word' id='word_1_246' title='bbox 659 3607 724 3666; x_wconf 87' lang='lat' dir='ltr'>eins</span> <span class='ocrx_word' id='word_1_247' title='bbox 744 3608 870 3669; x_wconf 81' lang='lat' dir='ltr'>virtutes</span> <span class='ocrx_word' id='word_1_248' title='bbox 904 3613 936 3668; x_wconf 90' lang='lat' dir='ltr'>et</span> <span class='ocrx_word' id='word_1_249' title='bbox 955 3609 1049 3668; x_wconf 89' lang='lat' dir='ltr'>animi</span> 
     </span>
     <span class='ocr_line' id='line_1_36' title="bbox 131 3688 1048 3772; baseline 0.003 -23"><span class='ocrx_word' id='word_1_250' title='bbox 131 3688 344 3751; x_wconf 88' lang='lat' dir='ltr'>dexteritatem</span> <span class='ocrx_word' id='word_1_251' title='bbox 377 3688 459 3770; x_wconf 90' lang='lat' dir='ltr'>apud</span> <span class='ocrx_word' id='word_1_252' title='bbox 491 3692 581 3751; x_wconf 87' lang='lat' dir='ltr'>istum</span> <span class='ocrx_word' id='word_1_253' title='bbox 614 3690 850 3751; x_wconf 88' lang='lat' dir='ltr'>illustrissimum</span> <span class='ocrx_word' id='word_1_254' title='bbox 876 3690 1048 3772; x_wconf 78' lang='lat' dir='ltr'>Principem</span> 
     </span>
     <span class='ocr_line' id='line_1_37' title="bbox 82 3771 1049 3855; baseline 0.004 -23"><span class='ocrx_word' id='word_1_255' title='bbox 82 3778 87 3784; x_wconf 82' lang='lat'><strong><em>&#39;</em></strong></span> <span class='ocrx_word' id='word_1_256' title='bbox 131 3771 234 3834; x_wconf 75' lang='lat' dir='ltr'>ndens</span> <span class='ocrx_word' id='word_1_257' title='bbox 255 3780 288 3834; x_wconf 86' lang='lat' dir='ltr'>et</span> <span class='ocrx_word' id='word_1_258' title='bbox 307 3774 471 3835; x_wconf 82' lang='lat' dir='ltr'>autoritate</span> <span class='ocrx_word' id='word_1_259' title='bbox 492 3781 525 3835; x_wconf 89' lang='lat' dir='ltr'>et</span> <span class='ocrx_word' id='word_1_260' title='bbox 544 3775 665 3855; x_wconf 61' lang='grc' dir='ltr'>μιιιιι,</span> <span class='ocrx_word' id='word_1_261' title='bbox 696 3781 905 3854; x_wconf 85' lang='lat' dir='ltr'>quantumque</span> <span class='ocrx_word' id='word_1_262' title='bbox 926 3793 1049 3855; x_wconf 84' lang='lat' dir='ltr'>semper</span> 
     </span>
    </p>
   </div>
   <div class='ocr_carea' id='block_1_8' title="bbox 0 0 1188 4200">
    <p class='ocr_par' dir='ltr' id='par_1_16' title="bbox 0 0 1188 4200">
     <span class='ocr_line' id='line_1_38' title="bbox 0 0 1188 4200; baseline 0 0"><span class='ocrx_word' id='word_1_263' title='bbox 0 0 1188 4200; x_wconf 95' lang='lat' dir='ltr'> </span> 
     </span>
    </p>
   </div>
  </div>
 </body>
</html>
