2356 4200
107 310 171 384 390
319 312 392 370 Acta
410 314 446 372 D.
468 310 549 370 liert.
566 308 647 369 nun.
667 300 823 385 Augustae

109 488 371 570 Extravcguntls,
404 506 462 549 nec
488 487 527 548 ab
554 488 623 568 ipsa
656 492 842 566 receperunt
862 474 1036 559 veritatem,

109 568 167 634 neo
187 576 294 655 potest
314 570 384 649 dici,
406 570 488 651 quod
501 568 539 631 de
550 568 749 651 indulgentiis
766 568 945 651 loquantur,
968 576 1035 626 cum

108 674 165 799 per
191 660 290 715 totam
328 652 492 715 ecclesiam
514 658 621 715 notum
645 653 699 730 sit,
731 650 807 713 nihil
828 653 860 713 in
885 650 1036 731 scriptura

130 736 214 800 cheri
250 735 291 798 de
311 734 395 798 indul
418 737 527 814 antiis,
562 734 632 796 ideo
661 735 838 797 necessario
875 733 982 815 sequi,
1011 734 1035 793 si

110 830 188 901 quae
202 819 376 901 Scripturae
391 754 430 881 de
444 819 488 880 cis
509 820 756 899 interpretentur,
778 824 811 879 ut
831 818 884 879 hio
906 812 951 896 nt,
974 816 1034 877 vim

110 904 155 965 eis
176 900 254 981 fleri,
275 909 306 964 et
327 903 494 983 improprie
515 922 552 963 ac
575 900 701 962 abusive
723 900 831 983 accipi.

146 980 150 987 ’
190 983 398 1047 Nihilominus
430 994 533 1047 tamen
576 974 768 1046 reverentiae
804 1003 901 1046 causa
929 1000 1033 1046 veram

109 1088 176 1130 earn
199 1067 360 1144 confiteor,
383 1074 414 1130 ct
434 1074 596 1148 utrumque
619 1088 742 1129 sensum
764 1067 838 1128 volo
861 1068 952 1131 tueri.
996 1062 1035 1127 nt

110 1151 267 1229 diaunt1)
293 1152 376 1232 mihi,
399 1153 461 1213 imo
484 1152 576 1212 istum
598 1151 642 1225 (id
665 1155 722 1230 est,
737 1150 943 1223 deteriorem)
969 1166 1033 1212 sen·

109 1252 176 1296 sum
199 1233 346 1313 servabis
369 1234 499 1296 alterum
524 1232 572 1311 (id
596 1241 643 1294 est
664 1238 863 1316 germanum)
894 1233 1032 1316 negabis.

109 1314 183 1379 ldeo
213 1317 237 1377 si
262 1326 364 1378 'meam
397 1317 629 1381 conclusionem
659 1337 756 1400 cogor
784 1316 896 1379 falsam
920 1317 1033 1393 dicere,

110 1400 220 1463 luciam
242 1398 376 1481 quidem,
398 1400 453 1461 sed
478 1399 567 1462 simul
579 1400 840 1483 Extravagantem
852 1401 900 1462 bis
921 1400 1032 1462 taleam

110 1482 308 1564 praedicabo.
351 1482 431 1545 Nam
460 1483 542 1565 quod
568 1484 598 1544 iu
628 1504 678 1546 mc
704 1485 903 1546 criminantur
926 1484 1033 1545 contri

110 1576 304 1627 communem
328 1566 581 1629 consuetudinem
605 1586 654 1627 mc
677 1569 790 1629 sentire
812 1566 851 1628 de
871 1566 1032 1649 indulgen·

110 1648 177 1727 tiit,
205 1648 297 1729 plane
323 1650 491 1711 fatearis
517 1660 603 1727 esse,
632 1659 663 1710 et
692 1648 796 1711 dedita
817 1664 916 1732 opera
943 1668 964 1710 a
984 1666 1031 1709 me

110 1731 243 1812 fantum,
277 1736 311 1791 ut
345 1732 547 1794 discuteretur
574 1733 739 1813 aliquando
767 1733 827 1797 ista
858 1732 1031 1795 communis

55 1886 58 1891 ¹
111 1814 229 1894 opinio,
250 1816 336 1876 iuxta
357 1824 449 1896 quam
472 1818 580 1877 merita
593 1815 702 1877 Christi
725 1820 830 1882 vocari
853 1816 1030 1878 thesaurum

110 1896 367 1979 indulgentiarum
389 1919 451 1961 nou
473 1901 482 1960 i
506 1900 670 1977 norabam,
701 1897 755 1960 sed
784 1902 857 1964 mihi
890 1898 974 1965 falsa
993 1897 1029 1960 ad

110 1972 271 2043 verborum
294 2000 403 2044 sonum
424 1982 495 2045 vide
517 1988 593 2044 atur.
636 1980 710 2044 Ideo
732 1988 842 2067 posui,
864 1982 951 2065 quod
973 1982 1030 2045 cla·

110 2074 164 2125 ves
199 2064 309 2125 merito
340 2064 451 2127 Christi
478 2066 612 2128 donatae
638 2070 743 2127 essent
772 2070 823 2132 hio
856 2068 1030 2147 thesaurus,

109 2164 171 2208 non
201 2144 326 2209 omnino
357 2149 499 2211 reiiciens
532 2148 571 2210 ab
592 2148 790 2231 indulgentiis
812 2152 926 2225 merita
949 2142 1029 2215 chn-

109 2231 169 2311 sti,
192 2229 247 2291 sed
270 2230 309 2290 ed
333 2232 425 2293 alium
448 2248 571 2295 sensum
594 2248 765 2316 exponens,
788 2250 879 2317 quam
901 2234 1031 2297 haberet

108 2312 214 2393 opinio
238 2316 419 2379 communis.
453 2304 544 2392 Quod
567 2316 625 2377 nisi
646 2334 714 2377 cum
736 2318 910 2381 humilitate
934 2325 965 2380 et
987 2340 1029 2381 re·

107 2397 245 2457 verentia
266 2397 432 2460 voluissem
466 2401 620 2463 communi
643 2399 714 2461 huic
741 2402 880 2484 opinioni
911 2406 1029 2465 contra-

107 2477 230 2555 dicere,
253 2480 425 2543 omisissem
447 2482 559 2559 dicere,
582 2483 684 2544 claves
708 2486 815 2546 merito
839 2484 955 2546 Christi
978 2484 1029 2547 do·

105 2565 203 2640 natas,
226 2569 259 2622 ut
279 2565 402 2643 penitus
425 2566 532 2627 merita
554 2566 665 2627 Christi
688 2568 897 2631 excluderem.
941 2566 1030 2630 Nunc

106 2650 208 2706 autem
235 2645 366 2724 in'volvi,
400 2655 434 2709 ut
465 2649 568 2710 mitior
599 2656 683 2712 esset
706 2650 929 2729 contradictio,
958 2652 1027 2731 quin

105 2742 167 2790 non
183 2747 362 2809 peccassem
384 2732 563 2811 mortaliter,
586 2730 840 2817 siExtravaganti
862 2734 894 2794 ln
917 2732 1028 2795 faciem

104 2810 292 2872 restitissem.
338 2812 379 2874 Et
405 2816 480 2877 illud
509 2815 573 2876 divi
605 2812 784 2898 Hieronymi
817 2814 1027 2885 adduxissem.

106 2888 157 2953 ubi
179 2890 217 2953 de
239 2895 276 2954 iis
298 2894 440 2982 loquens,
463 2903 514 2981 qui
537 2896 683 2980 quidquid
707 2901 839 2962 dixerint
858 2894 1027 2983 legemllei

104 2980 222 3054 putant,
245 2976 334 3040 dicit:
365 2976 434 3043 Neo
455 2985 533 3047 scire
556 2981 727 3063 dignantur,
750 2982 822 3063 quid
844 2982 1026 3064 prophetae,

105 3057 178 3136 quid
215 3063 348 3141 apostoli
372 3068 525 3129 senserint
559 3070 653 3139 (nota
676 3067 866 3141 senserint),
903 3065 960 3127 sed
989 3066 1025 3127 ad

103 3158 226 3202 sensum
256 3164 343 3204 suum
374 3150 545 3231 incongrua
566 3154 673 3229 optant
711 3149 905 3222 testimonia,
942 3150 1024 3231 quasi

102 3223 220 3305 grande
241 3226 290 3302 sit,
313 3234 344 3288 et
365 3250 427 3292 non
450 3232 681 3295 vitiosissimum
705 3230 837 3295 docendi
853 3251 955 3313 genus
977 3230 1024 3293 de

102 3325 230 3386 pravare
252 3315 438 3391 sententias,
461 3315 553 3378 etad
576 3314 765 3377 voluntatem
789 3332 875 3376 suam
901 3317 960 3376 scri
983 3322 1023 3376 tu·

102 3398 168 3450 ram
189 3390 310 3454 trahere
332 3404 566 3480 repugnantem.
589 3397 640 3459 Sic
662 3404 744 3461 certe
768 3398 843 3459 facit
863 3396 947 3459 haec
961 3336 1022 3459 htx-

102 3477 275 3555 travagans,
292 3496 368 3565 ¹mam
391 3481 486 3543 verba
507 3481 547 3544 de
568 3482 683 3544 meritis
701 3482 824 3560 Christi,
848 3478 961 3561 quibus
981 3500 1021 3543 rc-

100 3554 260 3618 mittuntur
280 3568 420 3643 peccata,
443 3565 535 3627 trahit
556 3564 595 3626 ad
617 3564 834 3647 indulgentias,
858 3564 944 3645 quod
968 3582 1020 3647 qua

100 3636 155 3698 liat
175 3643 368 3723 congruitate
388 3645 516 3710 adverte
543 3667 667 3729 quaeso.

154 3812 186 3891 1)
206 3812 239 3873 n
257 3812 303 3874 eo.
322 3815 531 3891 sensuum:
549 3816 656 3873 unsrun.
