2356 4200
220 802 221 807 ‘
255 765 553 900 Rotoluli'ouas
582 766 925 902 disputationum
950 798 971 806 ’”
1033 773 1049 900 *j

128 964 165 1031 do
203 933 478 1064 iudmlgentiardm
511 940 637 1033 sumite*
666 937 711 1033 Ρ
745 930 886 1034 ldarlirliv
913 934 1050 1063 Luthe'r'p

130 1049 365 1141 Augustmmni
387 1052 713 1140 Vnittsmbsrgonsis‚
741 1051 789 1140 ad*
803 1053 936 1135 Leonam
955 1042 1049 1120 deoi-

152 1130 158 1145 '
222 1131 333 1227 'mum'
346 1129 463 1236 Pontis.
486 1134 630 1225 omnibns
650 1133 765 1233 modis¹
782 1128 947 1234 summum„
959 1141 973 1204 ’,

210 1288 223 1309 ,¹
356 1278 385 1311 3r
443 1285 478 1303 -,
532 1240 663 1311 leflrffi
701 1262 715 1301 “,
775 1286 792 1293 ··
820 1287 865 1313 :pv
893 1292 907 1299 ,,
1005 1296 1021 1311 ,Ι

191 1382 209 1461 'i
259 1366 429 1467 Candidum
454 1377 486 1458 et
506 1364 806 1465 liberum''ledtorem
828 1352 963 1431 volo.·'''

92 1695 95 1704 “
210 1662 364 1755 lrutherus
387 1695 479 1774 paulo
498 1703 667 1776 postquam
700 1694 802 1754 theses
827 1692 865 1753 de
888 1691 1049 1773 indulgeu-

127 1779 233 1838 tiarum
249 1779 359 1838 virtute
372 1780 542 1858 proposuit,
566 1779 613 1839 his
627 1781 760 1839 virorum
784 1776 944 1837 doctorum
967 1775 1048 1836 illins

77 1900 83 1907 ,
126 1862 235 1920 aetatis
264 1880 380 1922 morem
416 1870 538 1922 secutus
560 1863 815 1942 probationes
839 1861 903 1919 sive
939 1878 1048 1919 reso·

126 1943 303 2005 lutiones
326 1944 493 2025 adiungere
508 1946 635 2025 paravit.
657 1945 691 2006 ld
714 1946 773 2004 iam
797 1941 1048 2003 mensechem·

126 2027 171 2087 bri
193 2048 220 2088 a.
247 2031 324 2092 loli
348 2029 449 2108 egisse
473 2048 542 2089 eum
563 2035 693 2108 apparet
715 2048 753 2088 ex
772 2024 925 2106 epistola,⁴
957 2043 1048 2104 quarn

126 2109 285 2189 &palatino
308 2118 381 2171 tunc
404 2112 487 2172 dedit
509 2120 540 2172 et
560 2113 591 2171 in
614 2132 674 2191 qua
695 2111 773 2170 haec
800 2110 937 2188 scripsit:
961 2108 1050 2186 „Fuit

126 2192 191 2252 heri
220 2193 301 2272 apud
337 2215 385 2254 me
409 2194 558 2256 Dominus
581 2195 686 2256 Abbas
708 2193 887 2254 Leninensis
924 2191 1048 2251 nomine

127 2282 157 2335 et
169 2277 237 2336 vice
259 2277 420 2336 reverendi
431 2278 555 2338 Domini
573 2278 720 2357 Episcopi
734 2274 1049 2353 Brandenburgensis,

126 2359 210 2418 cuius
233 2367 264 2420 et
286 2360 388 2420 literas
411 2360 449 2420 ad
478 2382 527 2421 me
548 2362 664 2439 attulit,
702 2360 835 2420 referens
863 2357 936 2415 mihi
965 2376 1048 2416 man-

126 2440 198 2501 dato
222 2442 357 2502 eiusdem
381 2444 505 2503 Domini
528 2445 673 2524 Episcopi
697 2445 808 2520 nostri,
832 2448 939 2520 optare
963 2460 997 2499 se
1020 2445 1050 2499 et

43 2553 45 2556 ·
126 2532 246 2604 petere,
284 2533 317 2585 ut
345 2526 502 2604 paululum
526 2525 662 2586 differam
687 2527 892 2587 editiones
916 2522 1048 2601 proba

126 2608 271 2668 tionum
300 2627 466 2669 mearum
498 2617 528 2670 ct
563 2609 766 2688 quarumlibet
795 2606 1048 2683 lucubrationum,

126 2692 150 2750 si
174 2710 250 2769 quas
271 2691 439 2752 haberem:
463 2693 500 2752 de
523 2693 721 2773 indulgentiis
744 2700 844 2751 tamen
861 2688 918 2762 (de
933 2688 1050 2749 Wette:

127 2782 208 2845 tum)
239 2794 411 2835 sermonem
436 2776 593 2855 vulgarem
632 2777 745 2844 editum
776 2773 866 2833 valde
895 2772 994 2832 nollet
1020 2780 1050 2830 et

127 2857 272 2937 deinceps
295 2877 357 2917 non
382 2859 534 2918 edendum
558 2878 616 2917 nec
640 2858 832 2919 vendendum
857 2856 988 2935 rogavit.
1014 2890 1047 2896 -

126 2940 211 3000 Licet
232 2942 311 3000 enim
327 2941 401 3001 nihil
423 2943 534 3002 erroris
556 2943 586 3001 in
609 2942 685 3020 illis,
707 2942 762 3002 sed
781 2941 884 3000 omnnia
897 2937 1049 2998 catholica

127 3043 197 3083 esse
220 3032 369 3097 censeret,
391 3025 519 3103 ipseque
531 3025 691 3085 damnaret
711 3025 778 3084 illas
801 3022 984 3081 indiscretas
1000 3020 1050 3102 (ut

126 3106 257 3189 vocant)
269 3107 802 3188 proclamationesindulgentiarum
815 3114 915 3165 tamen
924 3110 1051 3184 propter

127 3190 304 3249 scandalum
327 3190 475 3250 iudicaret
488 3192 707 3269 aliquantulum
730 3188 892 3251 tacendum
917 3195 947 3246 et
962 3186 1050 3247 diffe-

127 3273 286 3334 rendum“.
313 3274 408 3353 (Epp.
431 3273 518 3334 Luth.
542 3274 589 3335 ed.
604 3275 699 3334 Aurif.
722 3275 744 3350 Ι,
767 3275 816 3338 do.
840 3272 878 3331 de
901 3270 1007 3332 Wette
1028 3269 1049 3348 l,

127 3377 156 3436 p.
180 3358 251 3435 71).
275 3356 408 3417 Cernere
429 3357 502 3417 hinc
524 3358 596 3417 licet
615 3360 674 3418 iam
699 3364 769 3417 tuno
791 3358 869 3415 inter
885 3353 1049 3414 Lutherum

128 3448 158 3500 et
181 3442 360 3519 episcopum
374 3440 700 3521 Brandenburgeusem
723 3439 940 3500 commercium
955 3437 1049 3517 quod-

127 3524 197 3584 dam
221 3524 419 3602 epistolarum
443 3524 481 3584 de
503 3523 700 3604 indulgentiis
723 3524 832 3599 fuisse,
865 3529 896 3580 et
918 3520 958 3580 ob
983 3541 1049 3581 eam

127 3626 190 3667 rem
215 3605 452 3667 Seclrendorfius
475 3609 503 3666 in
519 3607 652 3668 Historia
673 3607 792 3667 Lnther.
817 3607 838 3680 Ι,
861 3625 889 3684 p.
904 3607 942 3666 32
967 3610 1050 3665 recte

127 3690 206 3750 haec
229 3698 350 3750 monet:
389 3710 471 3767 „non
495 3690 708 3766 dubitandum,
732 3691 802 3768 quin
825 3691 884 3748 iam
909 3693 1050 3768 tempore

120 3772 348 3862 publicatarum
386 3774 515 3834 thesium
544 3774 651 3834 ultimo
674 3772 742 3834 Oct.
776 3776 851 3837 1517
882 3770 931 3830 vel
967 3773 1049 3853 prius
