2356 4200
124 253 189 333 240
373 258 795 329 &memnonios-tuo

125 429 199 499 dum
218 434 315 509 putet.
352 429 399 493 lte
420 429 516 493 multo
539 428 692 497 difficilius
715 437 763 491 est
785 431 959 512 oonddere,
983 452 1055 501 sese

125 531 194 572 esse
216 512 397 593 participem
419 511 530 574 Christi
552 513 705 574 bonorum
729 512 777 584 (id
799 522 863 591 ost,
892 517 1054 587 inenerra-

124 594 229 665 bilium
253 594 420 674 bonorum,
454 603 487 655 ut
518 597 559 657 sit
579 597 734 676 particeps
756 595 880 663 divinas
908 605 1053 679 nomme,

124 676 254 751 nuiss,
268 677 457 756 Petrus*)),
484 677 664 759 Magnitudo
685 677 838 749 bonorum
859 682 1053 763 etismmpe-

123 766 207 825 rstnr
228 759 440 839 diffidentiam,
463 758 618 840 videlieet,
640 779 703 823 non
720 762 821 825 solum
835 766 1053 835 esseremisse

123 851 210 913 tonte
231 844 322 923 mole,
343 863 448 905 verum
470 853 503 904 et
523 844 638 905 soliers
651 852 736 905 tants
748 844 841 923 bons,
863 853 900 907 ut
910 848 955 909 sit
970 847 1052 913 iilius

122 925 192 1006 Dei,
211 926 322 989 bseres
344 927 449 1008 regni,
469 926 563 988 freter
584 926 710 1005 Christi,
729 930 831 993 socius
852 930 1051 1010 angelorum,

123 1008 265 1071 dominus
287 1009 402 1074 mundi.
446 1008 594 1088 Obsecro,
616 1010 773 1089 quomodo
795 1011 874 1075 hose
896 1031 974 1075 vere
994 1032 1050 1094 po·

122 1098 183 1159 test
203 1092 344 1171 eredere,
373 1092 425 1173 qui
444 1095 565 1172 peooeti
592 1094 640 1153 sni
669 1112 786 1173 morsu,
814 1096 878 1157 imo
906 1094 1050 1176 pondere

122 1176 220 1237 fessus
244 1175 372 1237 trehitur
392 1175 433 1235 sd
454 1175 578 1237 inferos.
692 1196 696 1203 ·
815 1236 818 1243 ,
946 1210 975 1239 -,
1002 1232 1005 1237 .

205 1258 263 1319 His
283 1261 388 1337 itaque
409 1259 618 1330 necessarium
640 1266 689 1319 est
707 1259 853 1325 iedioiurn
874 1261 991 1341 oleris,
1016 1268 1050 1325 ut

122 1341 216 1403 homo
239 1341 382 1405 sibinen
405 1340 526 1417 oredst,
559 1340 665 1402 oredst
690 1349 794 1403 sutem
822 1344 925 1424 potins
956 1344 1048 1425 elusi,

121 1423 154 1485 id
176 1432 232 1502 est,
253 1423 417 1487 secerdoti.
446 1424 550 1504 Atque
565 1424 639 1485 nibil
661 1443 745 1505 curo,
767 1427 899 1497 sietinm
913 1427 1048 1497 sitiorte
1092 1418 1095 1439 ¹

121 1505 263 1573 iudootus
286 1507 421 1588 claviger
441 1515 496 1569 eut
516 1507 601 1571 levis.
645 1506 724 1569 Nem
751 1526 821 1573 non.
843 1516 974 1589 psopter
999 1530 1047 1575 su·

122 1588 290 1667 serdotem,
313 1609 373 1651 neo
393 1597 580 1670 poteststem
600 1591 675 1666 eius,
697 1591 752 1661 sed
775 1598 901 1671 propter
914 1593 1046 1663 verbum

122 1673 197 1752 eius,
220 1674 271 1752 qui
293 1672 387 1752 dixit,
409 1680 441 1733 et
460 1692 525 1733 non
547 1674 704 1735 mentitur:
748 1672 1046 1754 Quodcunque2sol

120 1756 201 1817 veris
230 1762 288 1825 ets,
332 1759 365 1817 ln
390 1757 427 1817 iis
443 1755 471 1823 ¹)
508 1757 590 1816 enim
618 1757 669 1835 qui
696 1757 825 1840 eredunt
849 1758 881 1819 iu
914 1758 1046 1831 verbum

119 1837 209 1899 istud·
222 1858 286 1899 non
308 1845 412 1919 potest
434 1838 530 1901 clavis
552 1857 662 1899 errore.
700 1840 791 1901 Erret
812 1859 887 1903 veru
908 1841 942 1901 in
964 1838 1044 1925 iisl]

89 1948 94 1959 ·
121 1921 213 2000 solis,
241 1923 293 2001 qui
320 1940 383 1983 non
414 1920 543 1983 eredunt
568 1921 793 1999 absolutionem
815 1923 906 1985 istam
927 1925 1044 1987 velere.

119 2003 199 2065 Nem
218 2003 301 2086 linge
323 2011 397 2084 (per
417 2003 608 2084 impossibile
624 2004 674 2067 vel
688 2006 910 2103 contingens),
925 2008 955 2067 si
976 2009 1045 2088 quis

120 2107 183 2151 non
206 2089 256 2157 sit.
267 2087 317 2149 vel
338 2107 401 2159 non
423 2095 511 2167 putet
526 2107 596 2149 sese
608 2088 683 2147 satis
696 2090 870 2168 oontritum,
892 2095 1044 2153 ettamen

119 2170 293 2237 absolventi
316 2177 382 2231 toto
396 2169 508 2237 fiduois
529 2169 635 2231 oredst
656 2189 726 2232 sese
747 2171 923 2233 absolutum
949 2172 1043 2243 ludu·

118 2255 168 2315 eis
188 2274 258 2325 mes
278 2255 324 2317 sio
345 2254 493 2334 opinor),
513 2252 593 2313 bseo
613 2254 681 2333 ipss
701 2252 779 2317 fides
801 2274 870 2315 eum
892 2255 970 2327 feeit
990 2256 1043 2319 eb-

116 2336 253 2398 solutum
274 2338 448 2413 verissime,
481 2337 552 2414 quis
575 2335 672 2397 eredit
698 2338 729 2399 in
758 2357 843 2416 sum,
873 2339 926 2417 qui
950 2339 1042 2401 dixit:

118 2418 331 2501 Quoduunque
352 2430 411 2481 eto.
438 2418 529 2481 Fides
550 2426 655 2479 autem
676 2419 789 2481 Christi
811 2440 935 2501 semper
957 2423 1041 2489 insti-

117 2501 198 2581 flost,
221 2524 285 2567 non
305 2523 395 2564 seons
416 2521 511 2582 quern
532 2503 557 2563 si
581 2503 718 2582 baptizet
739 2510 770 2564 ts
790 2505 926 2583 ineptus,
952 2504 1041 2582 levis,

122 2587 281 2666 imperitus
304 2585 460 2648 ssoerdos.
983 2646 987 2653 .

135 2730 139 2739 ,
195 2671 302 2747 ¹Adde,
335 2670 361 2729 si
390 2671 482 2729 etism
510 2687 573 2731 non
604 2676 692 2747 putes
725 2677 755 2729 te
776 2670 850 2729 sutis
873 2672 1040 2733 oontritum

118 2753 189 2831 (tibi
217 2755 297 2817 enim
331 2771 392 2813 non
426 2758 515 2830 potes
543 2769 601 2813 neo
633 2751 728 2813 debes
759 2750 933 2813 confideret
967 2754 1041 2815 nihi-

116 2837 264 2914 lominus,
292 2836 318 2897 si
347 2834 445 2895 eredis
468 2835 511 2908 ei,
538 2835 589 2912 qui
612 2833 702 2895 dixit:
744 2833 803 2908 Qui
824 2834 990 2897 crediderit
1011 2844 1041 2897 et

117 2919 287 2998 baptizatus
316 2919 419 2993 luerit,
450 2916 499 2976 hio
525 2916 629 2977 sslvus
657 2918 727 2993 erit,
760 2918 830 2978 dioo
858 2917 929 2995 tibi,
962 2919 1041 2983 huso

114 3001 191 3063 fides
212 3005 281 3065 eins
304 3000 387 3060 verbi
409 3001 482 3060 ssoit
497 3006 527 3058 te
541 3000 698 3061 verissime
713 2999 871 3080 bs'ptinsri,
893 3001 1039 3083 quioquid

114 3087 158 3155 sio
181 3085 219 3146 de
242 3085 424 3145 enutritione
447 3091 512 3160 tus,
542 3082 613 3142 ideo
642 3081 703 3143 ilde
730 3083 842 3162 ubique
872 3102 958 3164 opus·
983 3092 1038 3147 est

113 3167 244 3229 Tantum
267 3167 373 3243 hebes,
395 3173 542 3245 quantum
565 3165 671 3225 eredis.
715 3166 817 3244 Atque
838 3167 885 3225 sio
898 3167 1038 3248 intelligo

114 3251 197 3330 quod
221 3253 316 3313 nostri
339 3249 482 3311 dootores
503 3246 619 3321 dieunt,
640 3258 835 3311 sacramente
853 3269 923 3311 esse
936 3250 1039 3313 efflue·

114 3335 163 3395 oio
183 3336 300 3413 gratiae
322 3335 423 3412 signs,
446 3349 509 3391 non
533 3332 604 3408 quis
626 3330 661 3391 fit
684 3336 735 3407 (ut
755 3332 789 3393 B.
812 3333 1038 3413 Augustinus),

113 3417 168 3477 sed
190 3419 262 3496 quis
283 3416 428 3493 ereditur,
450 3421 487 3479 ut,
504 3432 608 3493 supro.
652 3416 694 3475 ltu
715 3415 782 3492 hio,
803 3414 972 3477 Absolutis
992 3426 1038 3479 est

113 3499 234 3578 eliisex,
255 3519 318 3561 non
339 3501 412 3579 quis
433 3497 476 3576 fir,
498 3516 518 3555 s
533 3494 719 3576 quoeunque
731 3496 855 3567 tandem
870 3497 937 3578 flet,
958 3508 1038 3561 erret

166 3691 198 3761 1)
218 3691 305 3747 ibid:
325 3693 379 3747 his.

167 3764 198 3831 'l
218 3762 236 3818 2
254 3762 310 3818 Pet
331 3766 355 3818 1.
