2356 4200
110 274 173 343 224
371 279 565 346 Resolutiouss
586 281 688 348 Disput.
708 279 786 335 Lutlr.

111 449 214 511 terdet
201 457 336 512 tautam
358 449 448 530 dare,
479 458 513 512 ut
539 458 625 532 petet
613 453 677 512 tin
700 452 852 513 omnium
858 457 1041 513 sanctorum

113 533 352 595 orationibuset
373 533 535 614 doctrinis,
570 539 603 596 ut
624 534 735 615 probet
762 535 1040 614 perseverentiam.

110 617 185 679 Ideo
209 617 302 698 longe
324 615 439 678 distant
427 617 646 698 tsuffregium,
669 618 842 697 exauditio,
865 619 1073 727 exsecutio*

114 719 173 780 que
195 699 343 764 eiusdem
979 742 983 749 -

195 781 315 862 Tertio,
337 780 420 861 quod
444 782 528 843 hoc
520 803 618 863 ipsum
642 802 725 844 nove
746 782 871 863 dicitur,
894 784 963 844 sine
983 800 1052 843 arr-¹

114 866 239 929 toritate
208 865 325 926 tulls
346 883 404 925 con
408 871 455 924 tra
476 865 713 946 prohibitionem
738 868 877 943 canonis,
900 865 1039 945 nequid

111 948 201 1028 ultra,
224 966 318 1027 quarn
340 949 371 1007 in
394 947 489 1008 literis
507 950 689 1030 continetur,
712 950 794 1010 dicat
782 956 844 1009 tu:r
866 913 938 1009 llon
959 967 1040 1031 ergo

112 1031 227 1092 Der
195 1038 227 1093 ι
248 1031 410 1107 ecclesiae,
431 1031 460 1090 id
486 1038 534 1092 est
538 1051 658 1111 ,vera,
681 1031 734 1093 sed
757 1053 812 1093 suc
833 1033 976 1112 proprie,
1006 1030 1039 1093 id

113 1121 169 1193 est,
192 1114 354 1175 mendacia
375 1113 549 1193 loquuntur.

134 1196 321 1274 Quinto,
343 1214 405 1256 non
430 1195 572 1258 differunt
560 1197 666 1340 tille,t
693 1200 744 1276 qui
768 1197 900 1278 loquitur
922 1197 1037 1257 falsum

113 1282 197 1341 scien
201 1290 256 1363 ιιι,
278 1286 309 1340 ιι
321 1279 383 1357 ιιιι,
406 1280 457 1358 qui
473 1282 583 1341 asserit
601 1288 716 1341 cerum
721 1279 834 1360 ,quod
851 1280 951 1339 nescit
966 1298 1039 1342 csse

114 1371 179 1427 cert
180 1383 240 1422 um.
299 1362 350 1423 Sic
382 1363 462 1421 enim
503 1369 534 1423 et
566 1383 672 1424 verum
704 1364 833 1459 loquens
867 1361 1039 1460 aliquando

115 1448 267 1506 mentitur
312 1442 372 1506 Sed
403 1444 489 1504 illa
482 1465 543 1505 mm
565 1445 646 1507 dicta
615 1447 768 1506 tsciunt
801 1445 858 1506 sibi
890 1464 962 1506 esse
994 1447 1039 1506 in·

114 1539 212 1606 certa,
242 1533 397 1588 ettamen
420 1535 504 1588 certa
531 1527 724 1606 ιιιιιιιιιιιιι)
761 1536 905 1608 tanquam
941 1548 1036 1591 evan·

114 1612 210 1697 gelia,
240 1609 324 1670 nulla
346 1611 428 1671 enim
450 1631 488 1671 au
492 1613 614 1672 toritcte
584 1613 684 1673 tvel
706 1613 824 1729 ratione
845 1617 979 1692 possunt
1001 1630 1040 1673 ιιι

114 1691 198 1757 certa
219 1712 288 1754 esse
309 1692 450 1773 probare

197 1776 273 1838 Sext
261 1783 303 1854 to,
325 1781 398 1837 tunc
419 1775 595 1856 suffragium
612 1777 687 1838 illud
707 1785 790 1839 esset
778 1778 917 1838 tmelius
932 1777 1038 1839 alieno

115 1859 236 1938 officio,
270 1867 301 1920 ιι
321 1879 377 1939 per
402 1859 562 1936 occidens,
597 1879 686 1938 quem
710 1880 766 1922 suo
787 1861 930 1941 proprie,
965 1862 1046 1940 quic·

114 1963 176 2006 uon
200 1949 316 2003 tantum
339 1942 467 2022 prodest
483 1944 636 2022 operario,
658 1962 750 2022 quarn
775 1944 872 2023 elteri,
893 1962 951 2022 pro
975 1963 1040 2024 quo

114 2026 157 2105 fir,
179 2028 241 2086 imo
256 2026 316 2085 lroc
334 2032 381 2085 est
395 2027 638 2106 peripateticum,
660 2025 731 2087 ideo
745 2033 879 2105 transeo,
902 2028 1042 2086 maxime

115 2130 184 2170 curn
205 2108 249 2168 illi
271 2110 372 2168 ausint
393 2107 581 2186 concedere,
617 2108 698 2187 quod
728 2128 790 2169 non
822 2110 943 2188 prosint
965 2128 1040 2189 ope·

114 2195 204 2271 roric,
227 2190 281 2251 sed
303 2193 423 2253 animae
447 2199 503 2253 etc
534 2191 660 2252 Possem
685 2201 715 2252 ιι
737 2194 893 2289 ego'istas
917 2192 1039 2253 fabulas

113 2275 256 2336 ridendas
279 2274 421 2352 agitare²
429 2281 439 2350 )
466 2280 496 2335 ιι
524 2273 668 2353 illudere,
704 2276 782 2334 sicut
815 2277 871 2354 ipsi
898 2295 954 2354 per
987 2295 1040 2336 eas

112 2359 243 2419 illudunt
231 2358 438 2436 tveritstem,
471 2356 524 2417 sed
548 2357 680 2436 desisto,
710 2377 750 2418 ne
781 2359 876 2438 magis
911 2357 1041 2438 dogma,

114 2462 204 2522 quarn
226 2441 386 2522 problema
407 2459 523 2520 ponere
545 2439 659 2502 videar.

372 2640 587 2701 Conclusio
611 2641 777 2704 XXVIII,

197 2781 320 2840 Certum
332 2783 388 2854 est,
403 2794 527 2835 nummo
540 2777 571 2835 in
590 2777 696 2836 cistam
711 2779 858 2838 tinniente
876 2784 1041 2855 quaestum

115 2873 146 2925 ιι
168 2863 326 2923 avaritiam
350 2860 454 2954 angeri
476 2878 584 2938 posse,
613 2859 789 2940 suffragium
812 2880 851 2919 ιιι
853 2868 915 2920 tem
939 2862 1040 2923 ecclc

115 2950 178 3009 sine
200 2953 247 3006 est
267 2946 298 3004 in
321 2942 444 3003 arbitrio
468 2942 563 3002 solius
585 2943 652 3002 Dei.
1042 3004 1044 3009 .

148 3030 304 3088 Mirum
328 3034 384 3101 est,
403 3024 488 3104 quod
512 3044 573 3085 nou
597 3034 682 3085 tento
706 3025 857 3085 studiot
826 3032 918 3104 atquc
943 3026 1040 3088 boatu

115 3070 205 3176 etism
241 3109 434 3190 evangelium
468 3108 577 3168 Christi
558 3107 846 3250 tpraedicatur³tl
878 3108 1043 3170 saluberri-

114 3218 207 3258 mum.
251 3193 406 3268 Quaeres
437 3199 610 3271 suspectum
638 3193 710 3251 lacit
742 3192 916 3269 negotium,
955 3193 1040 3270 quod

113 3281 183 3377 plus
205 3282 365 3358 quaestum
388 3295 479 3370 quam
503 3275 647 3354 pietatem
664 3273 1041 3353 aestima1·e¹)videntur,

115 3365 173 3423 nisi
196 3362 274 3422 lorte
296 3359 460 3418 iustissime
476 3365 625 3418 excusent
626 3379 661 3417 ur
682 3378 737 3437 per
749 3357 817 3427 hoc
840 3357 922 3436 quod
947 3377 1042 3418 evan·

115 3446 228 3526 gelium
254 3442 393 3502 Christi
344 3448 539 3521 t·trgnoran
591 3443 701 3520 igitur,
736 3459 804 3499 cum
826 3440 998 3520 indulgent
990 3461 1041 3503 ιιι

333 3582 539 3593 -ο--ι--ι

188 3650 219 3716 1)
248 3651 278 3700 ln
309 3648 352 3701 ed.
376 3648 477 3716 princ:
508 3661 564 3698 non
591 3648 737 3698 affirment.
785 3647 817 3711 2)
837 3647 868 3698 ln
898 3645 941 3701 ed.
962 3647 1041 3702 Jem:

115 3724 268 3792 exagitare.
319 3721 351 3785 3)
381 3720 412 3771 ln
431 3718 473 3771 ed,
500 3719 599 3786 princ:
630 3717 779 3788 praedicet.
823 3717 855 3786 l)
876 3717 963 3774 lbid.:
982 3722 1041 3773 exi·

114 3797 237 3852 stimsre.
