2356 4200
124 280 187 350 392
335 285 405 338 Αιιι
422 283 456 338 D
475 282 554 393 Mart
574 282 652 336 Lnth
672 281 818 354 Angustos

127 460 265 518 monstra
286 457 312 516 si
333 454 467 517 admissa
480 454 603 533 fuerint,
626 455 775 535 scriptura
796 434 899 536 periit,
922 473 1048 537 sequen·

126 546 173 601 ter
192 544 224 600 et
244 539 393 636 eoplesia,
422 544 455 600 et
473 537 546 598 nihil
568 537 718 618 reliquum
741 534 812 617 e'n't,
841 539 902 599 nisi
924 539 1048 600 verbnm

125 622 288 683 hominis
281 642 312 682 ιιι
336 621 479 698 eooleeia,
501 621 555 681 sed
581 627 732 700 quaerunt
751 621 783 682 hi
805 620 1017 683 adulatores
1009 642 1049 683 rn-

125 704 251 783 sidiam,
273 703 386 766 deinde
406 703 526 797 ruinam
531 697 573 764 et
586 705 755 785 perniciem
768 703 936 767 Romanae
955 705 1050 767 aeolo
1070 744 1079 767 ι

127 789 201 851 siae

209 870 313 946 Quare
335 889 393 952 ego
416 889 520 931 eoram
544 875 590 949 te,
544 870 674 931 tleot
661 875 726 947 tor,
748 876 869 951 protest
870 889 908 932 or
929 891 982 932 me
1003 889 1048 932 oo·

126 954 245 1016 lere
213 961 245 1015 e
265 955 351 1033 sequi
374 953 546 1015 Romanam
569 954 731 1015 eeclesiam
754 954 786 1014 in
809 954 974 1033 omnibus,
1005 973 1048 1015 so-

126 1038 190 1099 lnm
219 1035 280 1098 illis
309 1038 436 1111 resisto,
473 1037 526 1116 qni
556 1037 682 1098 nomine
710 1035 861 1097 ecelesiae
890 1037 1048 1098 Romanoa

78 1158 81 1163 -
127 1119 331 1201 Babyloniam
353 1119 442 1180 nobis
464 1124 598 1180 statuere
612 1120 785 1196 moliuntur,
809 1118 956 1182 volentes
968 1119 1048 1200 quid·

44 1216 47 1223 '
129 1204 202 1284 quid
224 1204 362 1284 rogitare
381 1203 541 1281 poterint,
574 1202 667 1264 modo
690 1201 826 1280 linguam
849 1209 971 1264 tantum
990 1223 1047 1265 mo

129 1304 202 1348 vere
230 1286 369 1381 possint,
407 1291 440 1345 ut
471 1285 645 1345 Romanam
683 1285 845 1347 eeclesiam
881 1287 1048 1365 nominent,

128 1375 227 1430 totum
261 1368 363 1428 statim
392 1386 449 1447 pro
470 1367 631 1428 Romanae
652 1368 804 1429 eeclesiae
825 1371 985 1431 sententia
1005 1389 1047 1431 ao

129 1452 199 1531 oipi,
224 1450 310 1529 quasi
333 1469 395 1510 non
418 1451 550 1530 supersit
571 1451 651 1530 scrip
655 1457 722 1512 ιιιι
743 1456 860 1528 saneta,
883 1471 1048 1534 perquam

131 1532 182 1616 (nt
203 1532 392 1613 Augustinus
414 1534 474 1603 ait)
500 1532 538 1593 de
561 1533 704 1594 omnibus
726 1533 921 1613 indicamus,
945 1542 1049 1597 oontn

129 1635 219 1696 quam
249 1616 316 1675 sine
337 1613 430 1676 dubio
453 1615 595 1677 Romana
615 1616 748 1677 eoolesia
784 1635 944 1728 nunqnam
973 1619 1050 1700 sapit

130 1706 183 1760 aut
203 1698 317 1761 statuit.

38 1846 41 1851 ,
210 1781 258 1842 De
271 1800 399 1860 quorum
412 1800 539 1842 numero
554 1783 622 1842 esse
639 1781 731 1843 oredo
754 1782 959 1844 suavissimos
977 1784 1049 1846 istos

129 1864 368 2007 sycophantas,t
376 1866 426 1944 qui
450 1864 512 1925 diet
500 1871 604 1925 ιιιιιιι
625 1864 780 1945 quoddam
791 1865 891 1926 Breve
916 1865 956 1950 *)
982 1886 1051 1949 apo·

129 1948 270 2009 stolienm
294 1953 403 2008 eontra
424 1960 483 2027 me,
508 1948 593 2008 onius
611 1948 751 2027 formam,
773 1947 939 2031 utvideas,
964 1968 1051 2031 quan

128 2031 260 2111 prudent
248 2030 327 2090 tibus
348 2030 466 2090 insidiis
490 2032 551 2091 sint
568 2032 625 2109 nsi,
649 2031 766 2093 voloin
787 2029 947 2112 publionm
970 2032 1051 2108 dara,

130 2133 200 2174 nam
222 2115 253 2174 in
265 2113 432 2174 Germania
452 2114 558 2189 fuisqe
566 2113 742 2192 oonfiotum,
765 2122 796 2175 et
812 2113 919 2195 aliqua
941 2115 1051 2177 deinde

130 2196 279 2258 industria
304 2196 342 2256 ad
370 2197 500 2257 Romam
534 2199 675 2274 missum,
709 2205 740 2258 et
770 2198 849 2258 forte
884 2199 957 2260 solo
980 2205 1052 2260 nutu

130 2280 257 2423 atlionins
279 2281 431 2360 magnatis
452 2280 571 2341 Romae
597 2281 756 2341 remissum
780 2279 817 2351 ad
841 2279 1050 2359 Germaniam,

145 2364 231 2423 tatim
255 2361 359 2423 addita
380 2363 524 2441 Postilla,
555 2368 584 2424 te
614 2363 663 2423 vel
687 2371 802 2424 eertum
831 2363 881 2424 vel
904 2366 1050 2446 suspioio·

129 2466 196 2507 sum
219 2445 279 2506 salt
267 2452 327 2506 tem
349 2445 482 2526 faeiem,
504 2447 637 2527 pertinet
659 2447 738 2507 enim
762 2451 793 2507 et
813 2446 875 2506 hoo
896 2447 939 2506 ad
962 2448 1051 2509 Aeto·

129 2549 193 2590 rum
217 2548 351 2590 meorum
373 2536 502 2609 partem

519 2678 660 2743 FINIS.

182 2929 212 2993 ἰ
235 2931 295 2984 Hos
313 2933 409 2995 Breve,
429 2930 505 2999 quod
524 2931 633 2999 insipit:
652 2930 761 2984 Dilecto
785 2935 882 2982 nostro
903 2931 964 2985 tilio
982 2932 1050 2986 Tho·

127 3017 189 3056 mae
208 3030 241 3039 ·-
260 3002 314 3056 Leo
334 3005 410 3070 Papa
419 3003 451 3066 X,
472 3002 534 3055 vide
555 3018 640 3069 supra
656 3019 683 3070 p.
697 3001 749 3056 354
763 3017 822 3070 sqq.
841 3002 872 3054 In
883 3003 1049 3059 collectione

126 3072 272 3127 Basiliensi
285 3089 309 3126 a
321 3074 390 3130 1520
400 3072 563 3126 hicdemnrn
581 3076 710 3125 intersert
700 3079 756 3125 tum
768 3079 809 3125 est
819 3073 908 3126 Breve
917 3074 1049 3129 Leonis!

127 3143 257 3198 Caietano
279 3147 393 3197 missurn
414 3149 441 3196 et
452 3144 575 3210 Postilla
596 3160 678 3214 qnam
699 3146 722 3197 ei
743 3145 888 3197 subiunxit
895 3145 1049 3215 Lntherus3

126 3218 177 3271 et
169 3232 197 3268 ιι
219 3215 261 3269 ed
281 3218 351 3284 orig
371 3216 438 3267 Wrt
439 3215 519 3280 snb
549 3231 632 3284 quarn
653 3232 735 3284 supra
753 3215 943 3285 laudavimus,
963 3187 1049 3273 Breve,

126 3278 154 3340 ιι
173 3287 287 3340 Postilla
315 3287 440 3338 ultimam
469 3287 590 3339 efficiunt
616 3287 703 3340 libelli
730 3287 763 3343 de
778 3286 856 3340 Antra
876 3287 1049 3359 Augustanis

125 3363 242 3426 partem,
263 3374 348 3427 quum
369 3358 440 3410 duae
459 3373 476 3409 a
497 3359 616 3412 Luthero
638 3359 770 3414 Caietano
790 3360 896 3412 missae
916 3363 1049 3431 epistolae

124 3429 161 3484 ibi
180 3445 237 3484 non
256 3431 393 3501 legantur
