2356 4200
444 279 550 337 Contra
566 279 644 337 Obel.
664 227 763 334 Ilccil.w
981 273 1043 345 441

129 451 253 534 quaudo
275 452 458 597 perducam,
486 458 519 513 nt
546 449 713 512 mendaciis
742 450 814 511 suis.
831 448 922 511 iidem
944 447 1046 525 faciat,

127 543 180 597 aut
216 554 274 617 pro
297 542 330 597 et
367 537 535 615 simplicem
575 552 708 595 errorem
752 553 821 596 esse
863 530 1046 593 virulentam

126 618 288 682 baeresim.
666 672 675 693 ,
818 683 829 690 ,

208 701 243 764 Si
264 701 420 783 disputare
443 708 491 764 est
509 701 697 764 haereticum
715 718 833 781 sapere,
854 697 916 759 iam
932 696 1047 760 Eccius

128 785 280 864 omnium,
306 803 383 864 quos
412 784 489 846 vidit
523 783 670 860 ecclesia,
705 791 753 845 est
779 782 1048 858 haereticissimns,

128 870 242 949 quippe
264 868 367 948 quiin
399 876 530 948 quatuor
557 868 768 929 illustrissimis
791 864 974 942 academiis,
996 883 1048 925 ve·

127 951 232 1029 uenis,
260 949 289 1011 id
314 959 376 1029 est,
404 951 679 1031 disputationibus,
715 950 820 1012 omnia
856 948 1048 1010 intoxicavit.
1081 1016 1084 1021 ,

127 1034 221 1110 Miror
243 1033 410 1112 hominem,
454 1034 516 1096 uod
538 1053 600 1093 non
622 1032 661 1092 ad
684 1052 801 1114 ungues
824 1030 935 1112 pedum
950 1048 1048 1109 usque
1072 1020 1091 1061 ⁵¹¹·

115 1117 235 1198 friget,
263 1116 386 1196 quando
409 1053 454 1186 ad,
471 1124 698 1183 sacramentum
727 1116 831 1176 altaris
858 1113 992 1190 accedit,
1021 1113 1047 1173 si

128 1207 230 1261 nmen
252 1218 371 1262 memor
392 1208 440 1262 est
461 1208 566 1261 lautae
587 1200 617 1259 in
635 1199 762 1261 tratrem
783 1217 869 1258 suum
887 1196 1047 1258 crudelita

127 1283 173 1343 tis.
217 1281 277 1343 Per
306 1284 411 1344 omnia
443 1284 515 1344 mihi
544 1282 657 1342 Eccius
684 1282 773 1359 lacit,
806 1283 885 1343 sieut
912 1278 1048 1341 dohanni

127 1365 279 1427 lleucbliu
300 1366 373 1426 lecit
395 1366 449 1428 ille
464 1385 536 1427 suus
548 1365 658 1442 Satan,
679 1373 807 1444 uterque
828 1363 860 1425 id
882 1361 974 1426 studii
995 1359 1070 1421 lra-'

128 1446 188 1526 bet,
210 1453 244 1508 ut
264 1449 289 1509 si
311 1456 419 1528 posset
440 1468 548 1509 onmes
565 1448 675 1526 lernae,
689 1467 797 1510 omnes
813 1449 959 1524 sentinas,
983 1464 1046 1506 om·

126 1531 177 1591 nia
188 1529 332 1592 barathra
343 1551 489 1611 errorum,
500 1532 683 1608 haeresium,
700 1529 854 1592 malorum
870 1527 1048 1607 irrivare¹],

127 1621 189 1674 tum
211 1631 268 1675 suo
291 1620 417 1695 uterque
438 1616 586 1677 frueretur
606 1612 731 1695 gaudio.

208 1695 270 1757 Sed
292 1696 332 1758 ad
354 1700 551 1778 positionem,
576 1698 686 1759 omitto
708 1697 824 1757 verium
846 1694 929 1756 illam
955 1693 1046 1775 parti-

127 1779 317 1860 cipationem
337 1780 499 1858 bonorum,
521 1780 560 1841 de
583 1800 644 1863 qua
662 1780 811 1860 gloriatur
824 1778 952 1855 Ennius,
974 1775 1047 1856 quid

126 1861 183 1924 illa
204 1863 244 1922 sit
265 1871 318 1924 aut
338 1863 440 1943 faciat,
462 1864 597 1924 iudicent
617 1863 679 1941 alii,
701 1862 774 1922 mihi
789 1860 916 1922 multum
928 1858 1050 1921 videtur

127 1945 161 2005 iri
181 1964 220 2005 ea
240 1945 338 2006 foveri
362 1947 559 2024 carnalitatis,
583 1947 654 2025 quin
682 1945 776 2006 libere
787 1942 957 2024 proclamo,
978 1961 1047 2002 eam

126 2046 197 2088 esse
223 2029 350 2089 noxiam
382 2029 630 2105 multismodis,
664 2029 722 2088 nisi
748 2026 925 2108 generalem
952 2022 1047 2102 illam,

126 2119 246 2185 veram,
273 2130 468 2191 germanam,
498 2112 755 2190 ecclesiasticam,
786 2117 849 2170 tum
873 2107 1047 2188 evangelio,

124 2199 189 2253 tum
216 2195 359 2255 oratione
386 2196 550 2256 Dominica
578 2193 841 2269 commendatam,
873 2191 968 2272 louge
989 2189 1047 2251 sibi

123 2276 314 2356 praetulerit.
357 2277 424 2338 Nec
445 2286 493 2339 est
513 2278 700 2351 haereticus,
729 2277 780 2356 qui
807 2294 860 2336 eas
891 2281 1046 2355 contemp-

125 2358 215 2436 serit,
237 2359 397 2440 multoque
420 2361 529 2422 melius
549 2361 636 2436 fouit,
659 2360 710 2438 qui
732 2377 785 2421 eas
807 2359 837 2418 in
859 2376 953 2417 unum
975 2374 1046 2416 eon-

124 2441 234 2518 lundit,
268 2460 358 2522 quam
394 2445 445 2524 qui
479 2464 531 2504 eas
566 2443 733 2523 distinguit.
788 2441 839 2503 Sic
870 2440 951 2501 enim
974 2457 1047 2519 apo·

123 2523 198 2586 stoli
221 2523 350 2604 docent,
379 2527 576 2606 quantumvis
598 2525 775 2586 scholastici
795 2522 936 2604 Morphei
959 2522 1048 2583 aliter

123 2627 139 2668 s
181 2607 256 2670 iant

140 2625 180 2688 ap
208 2689 326 2753 Tamen
348 2696 502 2771 utcunque
524 2688 578 2751 illa
594 2691 664 2770 sint,
686 2708 745 2771 ego
766 2689 836 2751 dieo
856 2689 896 2750 de
910 2685 1048 2769 generali

124 2771 181 2834 illa
202 2780 235 2834 et
256 2792 331 2834 vera
351 2773 586 2854 participatione
609 2773 760 2835 bonorum
774 2772 934 2847 eeclesiae,
956 2770 1047 2850 hanc,

123 2857 261 2936 iuquam,
283 2855 377 2916 habet
398 2855 526 2936 quilibet
536 2855 736 2933 Christianus,
759 2857 826 2916 sine
848 2854 941 2915 literis
964 2853 1048 2915 veni·
1098 2911 1101 2919 .

124 2958 226 3016 arum,
249 2957 328 3018 quae
349 2939 417 2999 sola
439 2938 497 2998 sibi
518 2937 644 3016 sufficit,
674 2939 713 2998 de
735 2957 794 3016 qua
817 2937 908 2998 toties
929 2934 966 2997 B:
980 2930 1047 2996 ''Au-

125 3022 269 3102 gustinus
292 3022 427 3101 loquitur
454 3030 562 3083 contra
588 3022 786 3097 Donatistae,
814 3020 922 3080 unitati
951 3017 1047 3079 eccle-

124 3105 191 3165 siae
211 3123 336 3183 prorsus
359 3105 463 3166 omnia
485 3103 631 3167 tribuens.
675 3104 740 3164 Nec
761 3101 853 3164 credo
870 3101 960 3162 aliam
975 3120 1046 3162 eon-

124 3186 196 3248 lerri
218 3206 274 3267 per
296 3186 399 3248 literas
415 3187 583 3265 veniarum,
599 3195 651 3248 out
664 3185 818 3267 probetur.
855 3184 959 3245 Latrat
973 3203 1047 3265 ergo

124 3268 254 3331 Hecuba
273 3271 342 3348 ista,
365 3268 466 3330 donec
487 3271 572 3329 oanis
594 3268 657 3349 flat,
681 3267 877 3353 opinionibus
890 3266 1047 3328 hominum

123 3352 201 3413 nihil
226 3371 363 3413 moveor.

426 3433 506 3495 XIX.
529 3432 746 3517 Obeliscus.*)

212 3552 266 3613 Ec.
281 3551 359 3612 ·Non
382 3556 511 3632 apparet
532 3550 611 3612 adeo
635 3550 777 3631 dillioile,
805 3570 873 3612 eum
904 3549 1046 3610 contritio

181 3723 210 3782 ll
229 3721 310 3790 Apud
329 3723 457 3776 loeson:
476 3723 593 3774 irritare.

181 3791 212 3861 ⁸)
233 3793 375 3848 Adversus
394 3795 439 3850 39.
457 3792 583 3859 conclus,
602 3791 722 3847 Luthsri.
