2356 4200
419 280 600 351 Heidelberg.¹
615 280 755 351 Disputat.
987 272 1051 345 393
1121 334 1126 341 .

129 466 202 510 vere
224 448 450 548 immortalia),
478 453 550 531 quia
576 450 731 511 humilitas
758 457 790 511 et
810 450 903 559 timor
925 450 1052 511 out
1004 456 1052 512 est

123 536 224 592 totum
247 534 398 594 meritum.
581 546 590 557 ’

568 661 603 722 V.

209 778 280 840 Non
303 779 347 839 sio
369 787 440 840 sunt
461 796 558 860 opera
578 779 735 840 bominum
759 779 902 842 mortalia
923 777 980 855 (de
999 778 1051 840 bo·

126 863 183 942 uis,
206 867 241 922 ut
252 870 410 944 apparent,
433 863 617 942 loquimur),
648 870 681 923 ut
701 863 810 924 eudem
832 863 894 924 sint
914 862 1052 927 erimina.

211 945 347 1006 Crimina
381 946 462 1006 enim
505 953 591 1023 sunt,
625 964 704 1024 quae
746 947 884 1008 aoousari
921 952 1054 1026 possunt

127 1028 219 1088 etiam
245 1046 349 1089 eoram
372 1027 556 1107 hominibus,
580 1035 612 1089 ut
633 1028 793 1107 adulteria,
815 1029 903 1108 turta,
926 1027 1051 1089 homiui-

126 1110 194 1188 dia,
225 1109 464 1190 obloquutiones
486 1116 545 1172 eto.
588 1111 650 1173 Sed
679 1113 821 1173 mortalia
851 1118 938 1190 sunt,
974 1128 1053 1190 quse

128 1200 282 1275 apparent
303 1192 402 1271 bona,
431 1205 463 1256 et
493 1203 595 1255 tamen
627 1195 708 1256 intus
730 1201 801 1256 sunt
821 1195 922 1255 malae
944 1193 1055 1254 radiois

126 1285 158 1337 at
182 1276 283 1337 maias
305 1275 423 1338 arboris
447 1278 571 1338 fruetus.
607 1277 799 1360 Augustinus
820 1277 909 1376 libro
930 1279 959 1340 4.
982 1293 1054 1337 oon·

119 1365 175 1446 'tra
196 1359 364 1420 Julianum.

564 1488 617 1551 VI.

213 1604 284 1667 Non
307 1607 351 1666 sio
373 1613 444 1666 sunt
471 1624 567 1686 opera
588 1606 646 1666 Dei
669 1606 776 1666 merita
800 1604 857 1680 (de
884 1605 947 1683 his,
976 1621 1056 1684 quae

95 1716 97 1723 ⁴
131 1707 187 1769 per
207 1688 366 1750 bominem
389 1689 483 1767 fiunt,
507 1688 695 1769 loquimur),
722 1695 756 1748 ut
776 1688 884 1749 eadem
910 1706 972 1748 non
995 1688 1057 1748 siut

150 1778 267 1832 esaata.

128 1789 148 1852 p
212 1853 418 1916 Ecclesiastes
441 1858 475 1917 7:
519 1854 588 1915 Nou
612 1861 659 1915 est
688 1855 786 1914 iustus
814 1854 846 1913 in
872 1860 968 1926 terra,
1001 1854 1053 1933 qui

128 1936 223 1998 iaciat
210 1937 333 2015 tbeue,
357 1946 388 1998 et
410 1957 473 1998 non
495 1946 613 2018 peeoet
655 1937 714 1997 Hio
734 1942 837 1997 autem
859 1935 898 1996 ab
920 1935 989 1996 aliis
1010 1934 1053 1996 di

129 2020 224 2092 nitur,
247 2020 329 2099 qnod
352 2022 448 2081 iustus
471 2019 593 2100 quidem
615 2025 739 2101 penset,
767 2019 821 2080 sed
843 2038 906 2079 non
929 2018 1053 2098 quando

130 2065 284 2164 benededit
338 2103 456 2178 Quibus
477 2102 698 2185 respondetur:
749 2101 781 2163 Si
802 2099 834 2162 id
861 2101 957 2162 vellet
976 2101 1055 2163 bueo

130 2187 290 2265 autoritas,
313 2185 384 2265 quid
408 2185 566 2267 superfluit
586 2184 708 2245 verbis?
743 2184 791 2245 An
814 2184 944 2265 Spiritus
966 2203 1052 2245 sano

127 2278 176 2328 tue
200 2268 371 2329 delectatur
392 2269 583 2347 multiloquio
612 2276 643 2328 et
664 2267 852 2348 nugatione?
895 2267 972 2327 Nam
994 2267 1053 2328 iste

130 2369 239 2412 sensus
262 2352 370 2412 tuisset
390 2350 512 2412 abunde
534 2352 579 2410 sio
600 2368 782 2493 expressus
815 2350 885 2412 Non
898 2351 1052 2410 estiustus

128 2436 160 2494 in
183 2435 441 2513 terra,quinon
465 2440 592 2514 peccet,
614 2433 741 2531 utquid
763 2433 863 2509 addit,
890 2430 1053 2512 quibene·

128 2516 227 2577 fauit?
269 2516 366 2591 Quasi
392 2518 469 2576 alius
493 2518 532 2576 sit
552 2518 660 2594 iustus,
684 2518 734 2596 qui
756 2515 948 2578 saoiatmale.
983 2515 1053 2576 Non

129 2600 211 2660 enim
238 2600 298 2660 nisi
326 2600 424 2659 iustus
457 2600 531 2659 facit
556 2599 646 2659 bene.
695 2601 737 2660 At
762 2599 813 2659 ubi
841 2599 880 2659 de
916 2599 1052 2680 pennatis

129 2689 217 2742 extra
240 2681 401 2742 benefacta
423 2683 645 2762 loquitur,·sio
667 2682 755 2742 dioit:
793 2681 914 2762 Septies
941 2682 971 2741 in
1001 2680 1051 2741 die

129 2763 212 2825 eadit
232 2765 339 2825 iustus.
382 2765 439 2824 Hie
468 2783 529 2825 non
559 2765 662 2825 dioitz·
697 2765 818 2846 Septies
844 2766 875 2824 in
899 2764 949 2824 die
971 2763 1053 2826 cadit

128 2849 240 2925 iustus,
269 2847 393 2926 quando
416 2847 577 2909 benefacit.
632 2848 688 2907 Est
716 2849 796 2907 enim
830 2847 948 2923 simile,
976 2848 1054 2907 siout

129 2931 153 2990 si
187 2931 255 3009 quis
283 2949 351 2989 oum
382 2932 480 2991 securi
512 2949 638 2992 corrosa
660 2937 690 2990 et
712 2929 838 2990 dentata
860 2936 959 3009 seoet,
981 2930 1054 2990 lieet

130 3018 277 3094 operator
299 3014 338 3073 sit
359 3012 458 3074 bonus
480 3013 576 3087 faber,
599 3020 701 3073 tamen
724 3014 838 3073 securis
861 3012 934 3073 facit
955 3012 1052 3073 maias

130 3102 160 3156 et
184 3095 325 3156 difficiles
352 3115 388 3158 ac
420 3095 573 3156 deformes
605 3096 791 3174 incisiones,
822 3096 866 3155 sio
893 3095 976 3154 Deus
996 3114 1053 3176 per

129 3195 187 3239 nos
209 3195 351 3258 operans.

558 3305 621 3367 Vll.

213 3423 370 3484 iustorum
393 3442 489 3504 opera
511 3431 617 3485 essent
636 3423 797 3503 mortalia,
827 3424 884 3483 nisi
913 3423 965 3502 pio
993 3422 1051 3483 Dei

131 3508 241 3567 timore
264 3505 302 3565 ab
324 3507 464 3586 ipsismet
480 3507 567 3567 iustis
589 3511 622 3565 ut
643 3506 786 3566 mortalia
807 3508 993 3567 timerentur.

213 3588 302 3649 Patet
328 3608 368 3648 ex
395 3590 422 3650 4.
453 3587 678 3665 Conclusione,
713 3586 793 3662 Quia
822 3586 978 3649 oonfidere
1020 3588 1049 3648 in

133 3691 220 3753 opus,
243 3671 282 3731 de
305 3690 366 3749 quo
389 3670 493 3732 debuit
514 3673 639 3750 timere,
670 3678 717 3732 est
705 3671 795 3733 tsibi
816 3671 947 3752 gloriam
969 3669 1052 3748 dare,

132 3754 250 3816 etDeo
274 3752 410 3832 auferre,
441 3756 490 3815 eui
516 3756 608 3816 timor
631 3720 796 3817 debetur
788 3754 925 3817 inomni
947 3772 1053 3834 opere
