2356 4200
135 309 198 378 866
442 349 445 353 -
523 314 682 385 Dialogus

300 407 311 435 s

135 485 168 544 iu
199 488 304 566 morte
322 484 535 562 -oonseqoitor
569 483 746 546 confitendo
782 504 852 545 amu
893 485 1060 561 attritione,

135 572 364 645 consequenter
383 572 487 627 eutem
514 568 607 628 etiam
635 567 792 648 salvatum:
820 568 846 649 si
872 575 1058 648 perseverat.

135 649 176 710 lit
196 647 280 729 quod
297 648 447 711 ¹Salvator
470 649 559 710 dicit:
601 651 714 713 Multos
738 671 807 712 esse
836 658 986 729 vocatos,
1018 651 1058 711 sic

134 731 370 814 intelligendum
397 740 444 793 est
473 732 604 812 dictum,
637 735 709 813 qnia
738 740 820 795 totus
850 731 983 794 mundus
1015 739 1058 793 est

135 823 274 878 vocatus.
364 824 367 855 ³
582 872 586 877 .
835 832 841 839 ·

217 900 275 975 24)
314 899 401 960 Mart.
436 898 513 958 Falli
548 899 587 960 ob
624 899 656 959 id
689 919 818 961 neeesse
840 905 889 961 est
911 900 1056 961 maiorem

134 989 252 1064 partem
276 981 384 1062 populi
405 1001 461 1062 per
480 981 706 1044 indifferentem
715 982 799 1043 illam
814 989 846 1045 st
863 980 1055 1064 magnificam

134 1085 257 1147 poenae
279 1065 400 1126 solutae
421 1066 668 1146 promissionem.
1044 1110 1047 1115 -

219 1148 272 1209 Sil.
294 1147 365 1208 Nou
387 1147 501 1208 fallitur
529 1150 628 1209 maior
654 1169 725 1229 pars
754 1149 878 1229 populi,
911 1149 937 1208 si
966 1149 1057 1210 attriti

135 1231 335 1308 confitentur,
363 1237 395 1290 et
421 1232 540 1310 reliqua
562 1231 744 1311 observant,
774 1251 812 1292 eo
845 1231 895 1293 vel
925 1232 1057 1292 maxime

134 1315 359 1376 declamatores
383 1313 491 1375 erebro
513 1315 628 1377 docent
645 1324 771 1396 propter
793 1315 901 1377 venias
924 1313 987 1375 elia
1008 1315 1057 1395 pia

136 1417 232 1478 opera
254 1415 317 1458 nou
341 1417 411 1457 esse
432 1397 650 1476 relinquenda,
679 1418 747 1459 curn
771 1397 871 1458 nullus
894 1417 951 1478 pro
975 1404 1056 1459 certo

134 1482 227 1554 sciat,
257 1499 290 1540 se
314 1481 435 1541 veniam
465 1487 680 1559 assequutum,
711 1483 785 1542 itern
813 1481 899 1560 quia,
928 1483 987 1543 etsi
1014 1479 1057 1541 illi

134 1564 256 1626 veniam
278 1581 341 1624 non
363 1572 574 1643 assequantur,
596 1566 680 1645 pium
704 1572 806 1626 tamen
830 1583 909 1646 opus
932 1564 1056 1642 faciunt,

134 1647 217 1728 quod
240 1665 295 1708 eoa
316 1648 348 1706 in
371 1647 501 1709 salutem
523 1647 668 1727 disponit.

217 1732 275 1808 25)
305 1729 394 1791 Mart.
424 1728 556 1805 Qualem
584 1738 770 1810 potestatem
798 1730 892 1792 hahet
922 1746 1007 1809 papa
1027 1729 1056 1787 in

134 1814 345 1894 purgatorium
370 1813 572 1894 generaliter,
601 1815 694 1875 talem
720 1814 814 1876 hahet
836 1810 966 1892 quilibet
997 1811 1056 1890 epi·
1084 1832 1089 1841 ·

134 1914 246 1977 scopus
267 1903 300 1957 et
320 1906 443 1957 curatus
465 1898 495 1957 in
521 1917 576 1957 sue
589 1895 747 1958 dioeeoesi
769 1904 801 1957 et
821 1893 972 1977 parochia
991 1911 1056 1974 spe-

134 1979 260 2041 cialiter.

145 2096 148 2100 ·
217 2063 271 2124 Sil.
294 2061 448 2137 Quantum
471 2063 511 2123 ad
533 2064 726 2144 propositum
739 2063 778 2126 de
795 2063 941 2140 themate,
966 2078 1057 2141 super

134 2165 194 2226 quo
217 2145 443 2225 disceptamus,
472 2145 554 2207 idem
583 2153 728 2226 quantum
751 2147 790 2207 ad
812 2144 1055 2226 applicationem

134 2229 351 2293 satisfactionis
373 2230 461 2289 ouius
483 2229 522 2290 ad
544 2229 689 2309 alterurn,
717 2237 765 2290 est
786 2228 949 2308 multiplex
972 2225 1055 2289 diffe-

132 2313 232 2373 rentia
259 2314 338 2372 inter
367 2331 479 2393 papam
501 2315 532 2373 iu
555 2312 688 2375 eeclesia
709 2320 790 2390 tota,
820 2320 851 2373 et
874 2312 1054 2392 episcopum

134 2398 166 2455 in
189 2395 356 2473 dioecessi,
380 2403 411 2455 et
432 2403 570 2456 curatum
592 2398 623 2456 in
644 2396 803 2476 parochia.
825 2395 941 2455 Harum
958 2395 1056 2475 prima

133 2485 182 2539 est
203 2477 371 2539 secundom
393 2478 477 2539 illam
505 2480 700 2559 opinionem,
730 2499 809 2558 quae
839 2479 932 2539 sentit
959 2475 1055 2538 indul-

135 2562 255 2641 gentias
278 2560 347 2621 fleri
367 2581 409 2622 ex
432 2561 577 2623 thesauro
602 2564 820 2624 satisfactionis
843 2560 971 2638 Christi,
993 2579 1055 2620 nou

133 2651 236 2706 autern
251 2644 442 2724 Sardorum,
464 2646 538 2724 quia
557 2647 644 2707 iuxta
665 2666 732 2706 eam
753 2645 837 2706 solus
854 2662 939 2724 papa
949 2651 1056 2724 posset

133 2727 340 2809 indulgentias
362 2728 474 2807 faeere,
495 2729 575 2789 sicut
596 2730 680 2791 eolus
704 2728 863 2809 dispensat
880 2726 1056 2787 eommunia

133 2812 190 2871 toti
212 2811 373 2889 eeclesiae,
396 2811 567 2872 cuiusmodi
589 2819 636 2873 est
657 2812 756 2872 dictus
778 2812 949 2872 thesaurus.
993 2807 1054 2873 Sed

133 2895 206 2974 qnia
226 2894 316 2954 istam
338 2895 518 2975 opinionem
539 2894 647 2955 salsam
671 2896 830 2973 existimo,
853 2893 939 2970 dico,
972 2890 1054 2972 quod

133 2976 195 3037 alia
217 2976 390 3038 differentia
411 2984 473 3056 est,
504 2979 575 3058 quia
602 2998 684 3059 papa
706 2978 902 3059 dispensator
923 2982 972 3037 est
992 2975 1054 3037 the·

133 3061 215 3120 asuri
236 3059 362 3136 infiniti,
395 3079 464 3120 oum
486 3060 644 3142 dispenset
666 3063 908 3122 satisfactionem
932 3058 1054 3136 Christi,

133 3162 196 3205 non
216 3152 320 3204 autem
342 3144 404 3222 alii,
427 3143 482 3204 sed
503 3145 612 3205 merita
632 3144 823 3206 subditorum
842 3161 968 3203 suorum
981 3141 1053 3202 dnu-

133 3235 227 3288 taxat.
270 3226 319 3286 Ex
333 3226 391 3287 hae
412 3234 514 3286 antem
527 3229 664 3306 sequitur
679 3228 749 3306 alia,
772 3229 844 3306 quia
864 3225 949 3286 solus
972 3243 1054 3306 pape

132 3310 205 3371 lacit
226 3310 449 3390 indulgentiam
471 3311 656 3391 plenariam,
680 3330 750 3372 oum
773 3310 858 3370 solus
880 3310 921 3370 sit
942 3314 1053 3384 certus,

119 3393 215 3472 'quod
238 3394 399 3453 thesaurus
423 3413 480 3474 per
501 3412 570 3454 eum
595 3393 810 3474 dispensabilis
838 3389 995 3454 sufficiens
1017 3391 1055 3448 sit

132 3477 171 3537 ed
192 3496 311 3557 poenas
335 3495 442 3537 omues
465 3475 635 3538 diluendas.
677 3477 748 3539 Alia
774 3478 868 3537 etiam
889 3482 954 3554 est,
983 3474 1053 3553 quia

132 3578 215 3640 papa
244 3559 404 3640 dispensat
430 3560 528 3638 bona,
565 3580 645 3639 quae
674 3561 726 3623 alii
755 3560 953 3640 dispensant,
991 3575 1053 3617 nen

132 3651 274 3722 econtra,
306 3641 388 3702 unde
409 3650 442 3703 et
461 3643 592 3703 aliorum
614 3649 800 3723 potestatem
822 3642 935 3702 limitat
957 3648 1053 3701 stre

131 3726 266 3806 stringit,
293 3745 356 3786 uon
379 3732 515 3788 econtra.
558 3725 666 3788 Utrum
688 3733 791 3787 autem
813 3732 935 3786 curatus
957 3721 1052 3785 indul·

121 3809 249 3890 geatias
272 3807 366 3871 edere
387 3809 495 3890 possit,
518 3806 611 3871 modo
634 3828 697 3871 non
720 3808 862 3872 discutio.
