2356 4200
359 867 826 966 Praefatio.

211 1161 284 1252 Hoc
306 1193 464 1254 volumina
491 1196 631 1275 aggressi
655 1213 759 1254 sumus
782 1193 910 1254 alteram
932 1199 1049 1272 partem

124 1274 551 1355 Operum-Latinorum
573 1277 741 1351 Lutheri,
765 1295 918 1356 quacnon
942 1276 1051 1336 melius

126 1358 385 1438 commodiusque
396 1361 535 1442 insigniri
544 1361 739 1440 credidimus,
752 1378 843 1440 quam
853 1366 885 1420 ut
896 1358 987 1419 Luth
996 1381 1012 1418 e
1021 1360 1051 1420 ri

125 1441 414 1522 OperaLatina
437 1444 533 1504 varii
557 1445 781 1525 argumenti
803 1442 848 1503 ad
870 1442 1050 1503 reforma-

125 1526 247 1585 tionis
296 1526 509 1587 historiam
559 1528 752 1607 imprimis
802 1527 1050 1605 pertinentia

126 1608 366 1688 appellaremus.
408 1609 647 1690 Amplectuntur
678 1611 760 1670 enim
790 1609 869 1669 haec
899 1615 1052 1689 quotquot

125 1690 250 1752 Lutheri
264 1698 389 1771 praeter
409 1692 505 1754 libros
527 1694 706 1774 exegeticus
718 1700 811 1772 atque
835 1692 983 1772 epistolas
1000 1712 1051 1752 ex-

126 1782 209 1834 stant
230 1776 347 1856 scripta
367 1775 497 1854 Latina,
511 1795 593 1856 quse
614 1778 719 1838 omnia
747 1776 811 1837 fere
832 1775 871 1835 ad
892 1775 1051 1836 historiam

125 1857 353 1919 reformationis
382 1868 414 1920 et
438 1859 650 1920 sslustrandam
681 1866 712 1920 ct
733 1859 939 1940 adjuvandam
961 1861 1051 1938 perti·

126 1948 210 2004 nent.
226 1942 451 2003 lntcrseruntur
462 1944 498 2003 iis
507 1962 663 2023 perpauca
672 1943 918 2004 adversariorum
927 1943 1050 2023 scripta,

125 2044 187 2105 quo
216 2025 327 2087 melius
357 2026 434 2087 ratic
465 2032 557 2104 atquc
579 2027 708 2088 historia
736 2046 853 2104 rerum,
886 2033 1050 2106 quactum

124 2109 327 2188 gerebantur,
363 2111 511 2190 cognosci
534 2111 642 2190 possit.
686 2109 812 2190 Opera
841 2109 1051 2189 exegetica

124 2192 270 2270 Lutheri,
307 2211 386 2270 quae
407 2193 534 2272 primam
559 2194 717 2272 complent
738 2201 855 2273 partem
878 2192 967 2273 hujus
990 2193 1051 2252 edi-

125 2276 227 2352 tionis,
250 2275 387 2335 noudum
404 2275 527 2355 quidem
549 2284 620 2336 suut
642 2278 786 2336 universa
807 2278 888 2356 typis
910 2277 1050 2360 repetita,

124 2359 231 2438 paucis
255 2368 357 2419 tamen
381 2360 468 2418 annis
492 2361 737 2440 eruntevuigata
758 2363 871 2420 omnia.
900 2358 1050 2440 Episto-

127 2443 184 2500 las
206 2442 330 2501 Lutheri
354 2445 384 2502 in
408 2444 528 2502 tertiam
551 2444 640 2524 hujus
663 2443 806 2504 editionis
834 2452 952 2523 partem
976 2443 1051 2504 rele-

126 2524 271 2604 gabimus
284 2545 392 2586 omues
415 2534 538 2606 practer
549 2545 720 2606 perpaucas
742 2528 821 2603 illas,
845 2544 924 2605 quae
946 2526 985 2586 ad
1007 2526 1049 2587 hi·

126 2609 252 2668 storiam
273 2628 428 2669 sacrorum
443 2610 675 2670 reformatorum
701 2612 877 2671 cominuam
896 2612 1050 2690 pertinent

127 2700 219 2770 atquc
247 2693 418 2752 arctissimo
447 2694 533 2771 quasi
566 2694 688 2753 vinculo
717 2714 785 2754 cum
813 2695 880 2754 aliis
911 2692 973 2752 divi
995 2694 1051 2752 viri

128 2782 188 2833 tam
224 2776 345 2855 scriptis
379 2795 470 2854 quam
510 2778 597 2836 factis
635 2779 870 2857 conjunguntur.
926 2777 1052 2856 Propter

127 2866 307 2917 contextum
333 2860 414 2919 enim
439 2880 536 2920 rerum
560 2868 713 2940 gestarum
745 2868 775 2921 et
797 2879 857 2939 quo
880 2860 1051 2919 accuratius

126 2941 255 3000 historia
284 2961 387 3001 aarum
419 2952 658 3024 cognosceretur
690 2964 817 3004 necesse
846 2950 911 3003 erat
942 2960 999 3001 nos
1022 2942 1052 3000 in

127 3024 256 3084 edendis
287 3024 338 3085 his
357 3026 479 3086 Lutheri
509 3027 650 3106 operibus
679 3028 753 3087 varii
782 3026 954 3107 argumenti
988 3024 1053 3083 dili-

125 3118 237 3188 genter
264 3128 387 3168 servare
411 3114 557 3191 temporis
581 3110 719 3170 ordinem
744 3131 780 3169 ao
807 3129 907 3168 rerum
931 3109 1051 3167 seriem.

127 3191 271 3269 Namque
295 3195 441 3271 temporis
465 3194 573 3254 ordine
597 3194 739 3272 neglecto
757 3194 834 3253 hacc
856 3192 970 3270 scripta
990 3209 1052 3249 non

127 3294 197 3333 eum
222 3293 312 3352 quem
336 3283 482 3354 poterunt
503 3276 694 3357 praebebunt
717 3296 813 3353 usum,
837 3294 929 3353 quum
953 3291 1052 3351 neque

126 3376 253 3418 cernere
282 3357 353 3418 inde
382 3360 492 3439 liceat,
524 3380 583 3440 qua
607 3361 657 3418 via
688 3379 725 3418 ac
757 3359 876 3418 ratione
899 3356 1048 3415 Lutlrcrus

126 3442 194 3520 ipse
218 3442 364 3519 paulatim
388 3443 427 3502 ad
451 3445 611 3504 clariorem
635 3443 735 3502 lucem
748 3440 934 3521 cognitionis
958 3445 1051 3516 atquc

128 3525 288 3585 doctrinae
310 3528 350 3585 sit
363 3547 556 3608 progr-essue,
579 3545 679 3605 neque
692 3527 765 3585 satis
779 3530 936 3604 appareat,
960 3541 1053 3601 quan·

131 3616 192 3668 tum
217 3609 339 3689 singula
362 3612 477 3691 scripta
499 3611 651 3670 valuerint
674 3608 723 3668 vel
746 3607 785 3666 ad
807 3607 983 3666 inchoatam
1008 3623 1052 3662 sa-

128 3711 250 3752 crorum
278 3693 530 3755 reformationem
559 3691 801 3773 promovendam
830 3690 880 3749 vel
910 3688 948 3747 ad
972 3705 1054 3746 nova

130 3776 319 3836 incrementa
351 3779 454 3858 operis
488 3775 660 3839 excitanda.
712 3773 825 3853 Quanti
858 3791 933 3836 vero
974 3776 1060 3835 esset

150 3911 243 3950 Lathon
254 3920 302 3957 opp.
322 3911 342 3949 V.
356 3910 383 3948 A.
398 3912 429 3950 ad
439 3912 481 3951 rori
496 3913 546 3952 trist.
561 3913 577 3954 1.
590 3925 614 3965 p·
634 3916 677 3960 Vot
688 3917 709 3960 Ι.
826 3891 844 3959 1
