2356 4200
124 250 189 316 440
360 247 517 318 Appellatio
535 246 563 299 F.
584 242 691 298 Martini
709 243 821 298 lutheri

123 420 262 505 apostoli
272 418 358 480 Pauli
383 434 461 497 opus
483 414 626 475 habuerit
647 413 767 495 corrigi,
790 419 825 474 ut
845 411 1000 475 adGalat.
1016 415 1042 476 2.

124 505 273 567 scribitur.
332 499 400 575 Quo
429 498 623 559 nobilissimo
651 496 796 577 exemplo
824 515 882 576 per
909 497 1041 576 spiritum

124 594 264 650 sanctum
287 587 317 644 in
342 583 475 644 ecclesia
495 585 667 641 monstratu
701 586 737 645 et
761 580 793 639 in
823 580 919 643 literis
950 598 1043 640 sacra·

123 671 248 732 tissimis
269 668 379 728 relicto
402 664 510 726 fideles
529 663 640 725 Christi
663 662 818 722 erudimur
850 670 883 724 et
903 664 979 723 certi
999 682 1041 723 su·

126 773 211 828 mus,
240 751 322 830 qnod
354 751 378 809 si
410 749 482 828 quis·
506 750 641 807 summus
672 747 814 826 pontifex
836 745 947 808 eadem
969 747 1043 807 Petri

123 838 171 897 vel
204 834 295 894 simili
321 831 498 893 infirmitate
529 831 633 909 lapsus
669 828 739 909 quid
773 830 970 910 praeceperit
998 829 1045 890 vel

125 919 307 994 decreverit,
331 915 414 994 quod
436 913 660 975 contradivina
682 912 793 974 militet
806 913 965 991 mandata,
986 930 1044 974 non

126 1002 227 1064 solum
251 997 456 1061 obediendum
481 998 508 1057 ei
531 1015 593 1056 non
617 1015 703 1071 esse,
727 1014 834 1056 verum
864 997 959 1056 etiam
981 1015 1045 1056 curn

127 1085 272 1166 apostolo
296 1081 391 1142 Paulo
413 1082 444 1140 in
467 1080 577 1139 faciem
599 1080 628 1138 ei
649 1079 750 1139 resisti
772 1098 885 1159 posse,
913 1081 978 1141 imo
999 1079 1045 1140 de-
1090 1088 1093 1094 '

125 1169 208 1245 bere,
233 1186 270 1226 ac
291 1164 375 1225 velut
396 1182 452 1242 per
472 1162 619 1222 inferiora
678 1161 784 1222 embra
810 1161 982 1222 infirmitati
1002 1181 1046 1222 ca

26 1244 30 1251 ’
124 1251 197 1332 pitis
219 1250 271 1328 pia
292 1248 384 1307 totius
417 1246 556 1324 corporis
585 1244 643 1305 soll
687 1243 793 1305 tudine
823 1246 969 1307 succurri.
1010 1245 1047 1306 lit

125 1337 157 1393 in
180 1333 270 1391 huius
293 1329 427 1408 exempli
448 1334 642 1406 praesentem
674 1345 712 1387 ac
731 1333 913 1406 perpetuam
937 1347 1046 1389 memo

107 1418 201 1476 'riam
233 1432 293 1474 non
327 1413 393 1471 sine
422 1410 569 1491 singulari
591 1410 648 1469 Dei
679 1411 809 1470 consilio
833 1411 950 1471 iactum
972 1430 1054 1488 esse,-

126 1517 190 1558 non
217 1495 347 1557 obscure
376 1493 573 1574 intelligitur,
603 1499 635 1552 ut
666 1512 728 1553 non
756 1493 856 1553 solum
880 1492 1047 1572 S.,Petrus‚

128 1579 298 1642 sedetiam
320 1577 463 1637 salutaris
487 1577 551 1636 eius
573 1576 777 1655 reprehensor
789 1576 902 1636 Paulus
925 1584 1049 1640 sanctae

127 1664 286 1724 Romanae
310 1659 463 1720 ecclesiae
484 1660 571 1720 iuxta
599 1666 630 1718 et
663 1658 753 1718 simul
773 1661 1048 1739 patrocinarentur,

128 1751 159 1805 et
179 1751 376 1825 praeessent,
405 1762 445 1802 ne
467 1743 586 1802 scilieet
614 1741 714 1802 solum
736 1741 849 1821 literis,
878 1742 934 1803 sed
957 1744 1048 1806 sensi·

127 1826 180 1887 bili
203 1844 327 1906 quoque
348 1830 549 1887 monumento
572 1824 661 1885 huius
685 1845 802 1885 summe
824 1828 994 1887 necessarii
1015 1845 1050 1889 ac

128 1909 319 1971 saluberrimi
341 1908 475 1988 exempli
497 1906 620 1968 assidue
654 1926 865 1987 moneremur,
899 1916 964 1970 tam
985 1911 1050 1991 ipsa

129 1994 241 2074 capita,
268 2011 358 2071 quam
382 2010 440 2052 nos
454 1991 599 2051 membra.
636 1989 726 2065 Quod
749 1992 775 2050 si
796 2010 858 2070 qua
879 1995 1048 2072 potentium

129 2077 159 2136 vi
182 2082 317 2136 armatus
346 2081 463 2134 tantum
487 2073 707 2154 praevaluerit,
739 2080 773 2134 ut
798 2075 898 2135 resisti
931 2077 961 2136 ei
988 2094 1049 2137 non

128 2160 243 2239 possit,
276 2177 369 2237 unum
403 2165 485 2216 certe
512 2154 586 2215 illud
615 2153 804 2236 praedictum
834 2157 1050 2237 appellationis

129 2240 299 2302 remedium
317 2240 467 2318 reliquum
491 2245 547 2314 est,
570 2257 630 2317 quo
654 2241 794 2320 oppressi
815 2240 1001 2303 releventur.

64 2334 68 2342 '
210 2323 262 2384 'Ad
285 2322 368 2403 quod
396 2329 427 2382 et
448 2341 507 2402 ego
528 2321 635 2381 Frater
657 2322 802 2382 Martinus
823 2323 939 2384 Luther
965 2343 1048 2405 prae·

130 2407 228 2468 dictus
250 2406 344 2466 modo
374 2411 405 2465 et
426 2405 530 2465 animo
566 2404 729 2483 praedictis
758 2406 941 2486 confugiens
981 2407 1049 2468 dico

130 2497 161 2552 et
183 2507 336 2571 propcn0,
358 2487 522 2567 quodcum
546 2485 652 2546 dicbus
667 2488 874 2567 superioribus
889 2490 1048 2572 indulgen·

130 2575 190 2634 tiae
213 2570 429 2651 aquibusdam
444 2569 662 2630 cornmissariis
692 2570 743 2652 (ut
756 2572 955 2653 asserebant)
980 2592 1051 2654 apo

130 2656 246 2716 stolicis
286 2653 537 2715 indiscretissime
568 2651 817 2731 praedicerentur
856 2656 886 2714 in
922 2658 1051 2736 regione

129 2746 236 2799 nostra
265 2737 437 2813 Saxoniae,
473 2733 552 2795 adeo
588 2740 621 2795 ut
648 2735 687 2794 ad
715 2736 911 2816 exsugendas
946 2738 1052 2818 populi

127 2821 276 2900 pecunias
297 2821 468 2898 inciperent
489 2816 638 2894 absurda,
666 2818 836 2895 haeretica,
870 2819 1051 2901 blasphema

129 2901 278 2981 quaedam
292 2901 479 2980 praedicare,
501 2901 533 2960 in
557 2900 768 2962 seductionem
781 2903 953 2963 animarum
976 2903 1047 2964 fide·

127 2984 200 3042 lium
224 2992 256 3042 et
277 3003 426 3043 summum
446 2982 610 3043 ludibrium
635 2984 865 3045 ecclesiasticae
884 2988 1051 3065 potestatis

127 3067 306 3146 praesertim
330 3066 368 3126 de
391 3072 545 3146 potestate
576 3085 676 3146 papae
697 3068 733 3147 in
755 3066 987 3148 Purgatorium,
1018 3076 1050 3130 nt

52 3168 56 3175 ’
128 3150 266 3210 continet
287 3168 392 3210 eorum
416 3148 547 3226 libellus,
570 3151 619 3228 qui
637 3150 801 3210 summarie
821 3151 975 3213 institutio
996 3171 1049 3213 vo·

127 3239 228 3308 catur,
262 3251 329 3291 cum
362 3239 464 3292 tamen
488 3240 605 3292 certum
644 3234 683 3292 sit
712 3252 752 3292 ex
774 3251 801 3293 c.
831 3233 1053 3317 Abusionibus‚

127 3332 238 3395 papam
260 3332 322 3374 ncn
353 3313 469 3375 habere
500 3334 639 3394 prorsum
671 3315 765 3375 ullam
802 3323 992 3396 potestatem
1022 3319 1053 3378 in

125 3398 353 3479 purgatorium,
376 3396 487 3457 deinde
510 3417 571 3457 una
599 3399 691 3458 totius
715 3397 866 3460 ecclesiae
901 3402 1055 3462 sententia

131 3481 328 3559 omniumque
364 3479 524 3540 doctorum
556 3498 710 3542 consensu
749 3481 962 3563 indulgentiae
994 3484 1054 3544 sint

131 3561 215 3639 nihil,
238 3564 297 3622 nisi
318 3563 516 3624 remissiones
540 3563 759 3624 satisfactionis
781 3566 1054 3643 poenitentialisa

131 3663 186 3705 suo
208 3644 309 3705 iudice
330 3646 509 3725 impositae,
538 3652 571 3705 ut
593 3653 640 3706 est
662 3646 763 3708 clarus
786 3653 888 3709 textus
909 3668 939 3711 c.
963 3647 1054 3724 Quod

129 3728 243 3806 autem,
264 3727 559 3817 satisfactioxautem
587 3729 817 3809 poenitentialis
840 3730 879 3791 ab
908 3732 1054 3794 ecclesia·
