2356 4200
124 249 167 317 72
429 300 434 308 .
453 251 601 307 Sermones
619 251 731 306 Latiari

127 440 255 482 accessu
284 421 334 481 vel
364 441 634 499 recessufeorum,
668 422 733 482 sive
754 422 963 502 percutiantur
982 421 1049 481 sive

127 525 210 583 non,
232 504 287 564 sed
310 505 424 566 habent
447 507 587 567 timorem
609 506 777 566 suturarum
802 511 1050 583 etaeternorum,

126 588 189 649 hoc
222 589 302 647 enim
331 590 441 649 timore
473 589 589 648 iaciunt
620 589 701 648 bona
731 596 762 648 et
783 589 939 665 dimittunt
958 587 1050 666 mala,

128 690 207 750 quae
229 671 305 730 alias
336 691 437 749 neque
465 672 601 732 lacerent
629 691 729 751 neque
752 672 948 732 dimitterent.
991 671 1048 731 Ta

127 755 173 814 les
199 754 320 813 luerunt
338 755 458 834 plurimi
474 761 661 831 sanctorum,
685 753 766 814 unde
777 761 820 832 ,et
832 753 931 814 David
952 755 1002 815 Ps.
1015 758 1049 819 6:

128 837 276 914 Domine,
290 858 347 912 ,ne
374 839 404 897 in
427 837 529 897 furore
551 845 603 898 tuo
627 857 737 918 arguas
760 857 809 897 me
830 856 931 916 neque
952 839 984 897 in
1005 839 1052 897 ira

128 927 186 981 etc.
229 920 270 979 Et
290 921 393 981 multia
417 921 483 979 aliis
506 920 592 981 locis.
637 921 725 998 Quia,
747 921 860 999 inquit,
888 940 980 980 nemo
1003 926 1052 980 est

126 1005 156 1062 in
179 1010 288 1078 morte,
311 1005 361 1082 qui
384 1023 502 1063 memor
525 1005 564 1063 sit
585 1003 636 1079 tui,
659 1007 690 1062 in
712 1005 831 1064 inferno
854 1010 957 1063 autem
981 1004 1051 1081 quis

128 1085 321 1146 confitebitur
344 1086 419 1145 tibi?
460 1085 573 1164 Utique
593 1087 749 1159 infernum.
766 1087 881 1160 timuit,
915 1088 966 1166 qui
987 1085 1050 1147 hoc

129 1169 215 1229 dixit.
259 1168 320 1230 Sed
343 1175 374 1228 et
395 1169 426 1228 hi
448 1175 519 1228 sunt
542 1169 694 1248 dupliceS,
727 1170 779 1230 alii
800 1187 926 1249 prorsus
949 1188 1052 1248 neque

130 1252 256 1310 multum
286 1259 408 1328 curant,
441 1271 480 1310 an
508 1253 643 1313 infernus
668 1254 723 1330 sit,
757 1253 870 1330 vixque
898 1251 972 1312 illud
1000 1259 1054 1311 aut

129 1336 220 1395 etiam
237 1353 429 1413 nequaquam
443 1334 581 1409 credunt,
604 1353 733 1413 quorum
756 1340 827 1394 sunt
847 1335 941 1396 hodie
964 1334 1052 1394 multi

129 1419 235 1492 nimis,
264 1417 373 1477 saltem
397 1416 499 1477 carde.
544 1418 605 1477 Alii
627 1417 733 1477 itidem
760 1419 850 1477 nimis
879 1418 967 1496 iusti,
1001 1418 1053 1496 qui

129 1501 232 1561 sciunt
254 1499 404 1560 infernum
428 1509 520 1578 atque
542 1499 686 1577 credunt,
723 1500 864 1563 sednon
887 1501 944 1561 sibi
966 1519 1052 1581 para·

129 1590 192 1643 tum
215 1584 337 1661 timent,
371 1585 487 1662 optima
516 1583 555 1644 de
584 1602 618 1642 se
639 1584 713 1662 ipsis
736 1602 858 1663 semper
879 1585 1052 1663 opinantes.

128 1667 174 1726 De
204 1666 312 1744 quibus
338 1665 453 1725 Esaiae
475 1667 528 1730 28:
573 1666 631 1740 Qut
665 1666 810 1744 dicimus,
848 1667 1054 1746 percussimus

129 1748 238 1808 foedus
261 1768 330 1808 cum
353 1757 460 1826 morte,
483 1755 604 1808 etcum
627 1749 748 1810 inferno
772 1749 1053 1829 lecimuspsctum3

128 1831 287 1911 flagellum
309 1831 477 1908 inundans,
508 1849 575 1890 cum
598 1833 764 1908 transierit,
791 1851 855 1893 non
879 1833 984 1891 veniet
1006 1851 1054 1890 su-

129 1933 185 1993 per·
207 1932 264 1974 nos
284 1921 316 1974 et
336 1922 447 1981 cetera,
473 1933 551 1992 quae
572 1914 613 1974 ibi
636 1921 811 1994 sequuntur.
841 1915 891 1977 Ps.
907 1918 941 1978 9:
972 1914 1058 1974 Dixit

129 1999 160 2060 in
184 1996 277 2057 corde
299 2016 365 2074 suc,
388 2015 451 2056 nnn
465 1997 624 2075 movebor,
646 2018 666 2056 a
687 1998 941 2077 generationem
963 2015 1056 2077 gene-

130 2081 280 2139 rationem
304 2099 356 2140 erc
380 2081 447 2140 sine
469 2080 566 2139 malo:
601 2082 778 2140 etiterum:
812 2081 989 2140 auferuntur
1010 2081 1053 2139 iu-

132 2162 211 2222 dicia
239 2170 290 2222 tua
317 2182 336 2222 a
364 2162 442 2221 facie
471 2164 536 2222 eius
570 2171 601 2223 et
628 2163 795 2223 secundum
827 2162 1053 2223 multitudinem

133 2247 197 2304 irae
231 2264 304 2304 suae
338 2265 401 2305 nan
435 2250 570 2323 quaeret.
614 2245 715 2319 Quum
751 2253 855 2306 taumn
888 2246 959 2306 iusti
991 2246 1056 2305 veri

133 2328 333 2389 vehementer
356 2329 484 2387 timeant
505 2329 655 2387 infernum
688 2336 719 2388 et
747 2335 891 2407 martem,
926 2347 1054 2407 quorum

131 2429 194 2470 vox
217 2418 279 2471 est:
323 2411 391 2490 Ego
414 2411 487 2488 dixi,
511 2413 541 2470 in
565 2410 690 2472 dimidio
714 2411 830 2471 dierum
844 2431 982 2472 meorum
1005 2429 1055 2470 va

133 2493 204 2553 dam
226 2493 266 2553 ad
288 2501 394 2572 portas
416 2494 597 2572 inferorum,
633 2502 664 2554 et
691 2496 815 2555 iterum:
858 2495 988 2574 Repleta
1009 2500 1057 2553 est

133 2576 221 2635 melis
244 2577 347 2636 anima
370 2595 441 2635 mea
463 2584 494 2636 et
515 2578 578 2637 vita
600 2596 670 2637 mea
691 2579 812 2639 inferno
831 2577 1056 2657 appropinqua-

133 2659 194 2736 vit,
230 2661 404 2718 etiterum:
448 2660 604 2739 Dissipatis
631 2668 702 2720 sunt
731 2680 802 2721 ossa
829 2667 936 2720 nostra
967 2677 1056 2719 secus

134 2742 302 2819 internum,
330 2742 401 2800 hinc
423 2742 571 2802 habemus
594 2762 757 2804 commune
781 2744 910 2819 dictum,
933 2744 984 2822 qui
1006 2741 1056 2801 de·

134 2824 287 2884 scendunt
307 2825 337 2883 in
360 2825 509 2884 infernum
540 2827 695 2904 viventes,
727 2846 789 2886 non
813 2825 1005 2886 descendunt
1024 2825 1056 2883 in

136 2926 206 2966 eum
232 2909 407 2971 morientes.
451 2907 502 2968 Sic
530 2910 610 2968 enim
640 2915 728 2988 optat
748 2909 807 2968 illis
829 2909 878 2968 Ps.
900 2911 933 2971 9:
977 2907 1056 2967 Gon-

133 2996 293 3049 vertantur
321 2992 353 3049 in
374 2991 524 3051 infernum
547 3011 656 3051 omnes
679 2999 817 3072 gentes,
832 3009 911 3068 quac
933 2989 1056 3050 oblivis·

135 3080 243 3132 cuntur
262 3073 379 3148 Deum,
396 3081 434 3133 xct
450 3074 536 3134 alibi:
573 3074 762 3134 descendant
781 3076 812 3133 in
833 3073 985 3133 infernum
1014 3072 1055 3131 vi-

139 3162 257 3217 ventes.
302 3156 391 3217 Unde
420 3175 509 3216 ver-us
538 3158 634 3216 iustus
663 3177 770 3217 omnes
793 3155 921 3237 conlidit
943 3154 1055 3215 salvari

136 3244 168 3297 et
189 3258 258 3297 sese
272 3239 358 3298 timet
373 3239 568 3300 solummodo
586 3239 733 3317 damnari,
756 3246 787 3299 et
807 3238 885 3298 haec
908 3244 955 3298 est
975 3237 1059 3299 bona

135 3321 293 3400 cogitatio,
316 3322 453 3382 etmulti
478 3342 545 3382 eam
560 3321 676 3382 habent
697 3330 728 3383 et
740 3323 901 3382 utilitatem
925 3323 989 3380 eius
1013 3322 1056 3399 ig-

135 3410 257 3464 norant.
301 3404 352 3464 Sia
374 3406 455 3464 enim
477 3405 530 3464 ille
550 3405 696 3466 coriarius
710 3405 937 3466 Alexandrinus
950 3403 981 3464 S.
995 3403 1056 3462 An·

135 3488 221 3546 tonio
245 3489 384 3566 superior
404 3488 475 3565 fuit,
510 3489 582 3566 quia
608 3490 709 3567 potuit
739 3488 858 3566 dicere,
891 3507 925 3546 se
955 3485 1056 3545 solum

135 3569 356 3645 damnabilem,
390 3579 510 3631 ceteros
540 3590 648 3631 omnes
675 3571 855 3648 salvabiles,
893 3569 975 3648 quod
999 3587 1058 3627 nec

134 3655 200 3731 ipse
242 3661 366 3732 poterat
397 3672 541 3732 usquam,
580 3656 701 3715 tametsi
745 3655 783 3714 de
817 3673 851 3714 se
880 3651 1055 3713 allirmaret.

135 3735 250 3797 Contra
259 3735 382 3815 superbi
400 3750 509 3797 omnes
531 3738 610 3798 alios
626 3736 827 3817 damnabiles,
851 3756 886 3798 se
907 3754 981 3796 vero
1005 3753 1053 3795 so·
1105 3764 1111 3772 ·
