2356 4200
456 328 482 376 a.
503 316 685 378 intonsam
1003 310 1046 382 59

131 488 234 552 volunt
254 489 442 554 contrariam
458 489 593 561 ‚salntem
614 489 829 552 inoestimabili
841 488 1046 556 vehementia.

130 573 178 636 aa
198 574 354 636 enimait
368 575 405 638 B.
427 574 631 658 Augustinus,
654 573 736 654 quod
758 573 848 635 dolor
863 580 910 634 est
930 573 1045 635 dissen-

127 659 169 718 sio
190 658 285 718 animi
310 658 340 718 in
361 656 427 736 iria,
457 672 536 739 quae
567 656 742 719 nolentibus
775 656 934 736 accidunt3
968 674 1045 755 ergo

127 748 232 802 contre
252 741 399 823 voluptas
422 747 454 803 et
473 741 618 825 gaudium
640 748 688 802 est
709 738 873 803 consensio
897 738 990 800 animi
1013 754 1045 800 rn

124 824 183 902 hia,
207 840 290 904 qnae
312 822 489 886 volentibus
509 823 667 902 accidunt,
690 844 726 885 ao
747 844 805 905 per
825 823 886 884 hoo
905 823 992 904 impii
1012 823 1045 884 in

126 913 287 969 aeternum
309 914 462 987 quaerunt
482 906 588 990 lugere
610 905 909 987 damnationem„et
943 916 1046 967 mora

125 991 237 1053 bantur
259 990 362 1052 aversi
384 989 423 1052 ab
445 1011 498 1065 ea,
520 997 552 1052 et
572 997 676 1052 tamen
700 990 813 1070 ubique
833 990 864 1050 in
888 1006 956 1050 eam
982 1006 1046 1049 cur·

126 1081 203 1136 rent.
248 1073 341 1136 Unde
362 1072 475 1136 Psalm.
499 1077 526 1137 1.
546 1072 762 1136 deseribuntur
781 1073 871 1134 futuri
887 1070 1046 1153 'deripui-

124 1158 167 1217 vis
191 1163 270 1219 ante
291 1156 404 1217 taciem
426 1157 526 1237 venti,
549 1156 667 1218 seilicet
688 1174 810 1238 semper
821 1156 929 1237 agitati
952 1162 984 1216 et
1003 1155 1046 1215 tu-

123 1241 245 1319 gientes
265 1239 405 1301 horribili
428 1242 561 1320 terrore,
593 1248 625 1302 et
652 1247 840 1301 tamennon
864 1237 1046 1319 effugientes

121 1322 279 1385 horrendo
300 1322 434 1387 miseria.
478 1323 552 1384 lusti
573 1324 678 1386 autem
692 1322 909 1385 radicabuntnr
930 1323 960 1382 in
977 1322 1045 1382 Deo

124 1424 212 1467 semis
235 1404 386 1467 decursus
412 1424 574 1488 aquarum,
594 1409 669 1470 i.-e.
687 1396 913 1467 mundanamm
935 1404 1041 1487 volup·

122 1495 217 1550 tatum
241 1492 418 1553 torrentem.
633 1496 636 1501 ’
774 1504 777 1509 ·

389 1650 412 1661 =·
450 1582 724 1679 Corollarium.
790 1597 795 1606 ’

202 1733 356 1811 Mirabile,
380 1733 462 1814 qnod
483 1734 602 1795 casola
623 1732 782 1795 voluntate
792 1734 957 1814 punientur
975 1750 1046 1814 pec

123 1822 256 1892 catores,
280 1817 418 1896 quaDeo
435 1816 553 1878 volenti
574 1818 706 1878 salutem
730 1818 865 1877 omnium
875 1822 909 1876 et
929 1815 1047 1876 nolenti

124 1899 357 1961 damnationem
380 1899 511 1961 ullorum
533 1909 604 1961 sunt
630 1899 821 1976 conformes,
849 1899 866 1957 i.
890 1918 917 1958 e.
940 1898 1047 1959 uolun-

121 1989 183 2044 tate
201 1983 312 2044 salatia
329 1990 360 2044 et
371 1983 530 2044 uoluntate
545 1983 761 2044 damnationis.
804 1983 893 2041 Patet
907 1981 996 2043 Prov.
1015 1984 1045 2043 1:

124 2065 189 2147 Ego
213 2084 340 2146 quoque
362 2064 509 2128 deridebo
525 2084 583 2128 voa
612 2071 644 2126 et
671 2064 884 2138 subsannabo,
913 2063 1046 2141 numid,

127 2149 208 2227 qnod
233 2148 407 2223 timebatis,
437 2149 526 2209 vobis
559 2149 727 2210 advenerit.
770 2148 847 2208 Item
869 2146 982 2207 Psalm.
1011 2148 1045 2211 3:

124 2231 319 2292 Desiderium
363 2239 560 2313 peccatorum
600 2231 727 2313 peribit,
761 2238 793 2290 et
821 2229 933 2289 Psalm.
970 2233 1045 2295 107:

125 2314 233 2375 Oratio
252 2316 320 2375 eius
342 2315 396 2375 liat
417 2317 447 2374 in
470 2321 641 2395 peccatum,
663 2313 771 2374 etLib.
794 2310 880 2393 San:
903 2311 980 2392 Spes
1002 2313 1047 2371 iu-

126 2404 241 2458 storum
265 2403 323 2459 etc.
366 2397 423 2458 Est
443 2399 540 2478 enim,
562 2405 596 2458 ut
619 2397 698 2473 dixi,
722 2415 760 2457 ex
779 2397 847 2456 Deo
869 2394 967 2455 indita
987 2395 1047 2454 ista

127 2479 208 2540 bona
222 2481 369 2541 voluntas
385 2482 416 2540 in
428 2481 553 2543 homine
564 2480 781 2557 indelebiliter,
804 2481 866 2538 imo
878 2497 934 2558 per
947 2479 1046 2557 ipsam

127 2564 260 2624 maxima
282 2565 441 2644 punietur,
474 2582 544 2624 eum
577 2582 640 2624 non
669 2563 768 2643 possit
787 2561 873 2622 nolle
912 2578 1046 2640 poenam

127 2653 153 2706 et
174 2664 241 2707 nou
264 2648 364 2726 possit
386 2664 447 2707 non
470 2646 551 2706 velle
573 2647 708 2726 quietem
729 2651 761 2705 et
783 2645 922 2705 salutem.

205 2728 354 2789 Secunda
381 2748 452 2809 para
480 2729 689 2790 conclusionis
710 2726 870 2808 probatur,
902 2727 976 2805 quia
1000 2738 1046 2784 aa

125 2811 241 2890 pientia
264 2813 365 2871 carnia
387 2812 538 2893 dispergit
552 2812 744 2873 voluntatem
756 2811 824 2870 Deo
847 2808 1047 2884 consumam,

127 2899 157 2952 ut
177 2893 273 2971 velit,
295 2895 413 2955 nonin
437 2914 497 2974 quo
520 2894 613 2956 debet
635 2896 717 2954 etin
740 2900 801 2972 quo
823 2893 881 2952 Dei
904 2891 1047 2950 voluntas

126 2976 189 3036 vult
212 2977 326 3036 salvari
355 2994 441 3055 eam,
472 2977 527 3038 sed
554 2979 584 3036 in
614 2996 674 3056 quo
707 2975 763 3035 sibi
781 2974 919 3049 uidetur,
952 2979 983 3032 et
1013 2972 1046 3030 in

128 3076 187 3137 quo
199 3060 269 3139 ipse
282 3059 377 3120 homo
388 3061 476 3142 eligit
487 3060 595 3121 beatus
607 3078 675 3120 esee
688 3066 720 3119 et
731 3058 852 3118 salvari.
895 3056 953 3115 llio
964 3055 1046 3114 enim

126 3141 284 3202 discordia
321 3143 416 3203 oritur
448 3145 528 3203 inter
548 3143 647 3203 Deum
671 3148 703 3201 et
723 3141 895 3215 bominem,
928 3137 1048 3197 seilicet

126 3224 154 3283 in
176 3225 244 3302 via,
268 3242 332 3285 non
356 3226 387 3284 in
409 3225 486 3303 tine,
508 3233 542 3286 ut
562 3225 669 3286 Matth.
691 3229 726 3288 7:
750 3222 825 3282 Esto
849 3220 1046 3281 consentiens

126 3306 305 3368 adversario
324 3311 387 3386 tuo,
403 3308 481 3367 dum
505 3326 538 3368 ea
550 3326 620 3368 oum
635 3327 673 3368 eo
685 3308 716 3365 in
729 3306 794 3384 via,
816 3305 902 3384 quasi
921 3302 1047 3379 diceret,

126 3389 155 3448 in
180 3388 275 3449 linem
298 3390 431 3452 eundem
454 3391 597 3470 tendunt,
620 3390 719 3450 sedin
737 3386 872 3448 *eandem
886 3387 968 3445 viam
980 3382 1047 3457 ¹sibi

128 3490 186 3532 non
212 3474 413 3534 consentiunt
433 3475 586 3555 sapientia
606 3474 663 3533 Dei
691 3478 722 3532 et
755 3471 906 3551 supientia
937 3468 1046 3529 narnis.

128 3553 211 3616 Siout
232 3556 295 3617 duo
319 3559 451 3636 operarii
474 3557 556 3617 idem
578 3573 655 3636 opus
675 3554 850 3631 intendunt,
873 3553 927 3614 sed
949 3551 1046 3612 diver-

130 3639 168 3696 sis
190 3640 300 3700 studiis
319 3648 353 3700 et
374 3641 535 3701 contrariis
557 3639 668 3700 mediis
691 3637 885 3716 discordique
905 3634 1047 3711 consilio,

130 3738 256 3799 qnorum
278 3722 359 3783 alter
378 3724 555 3784 necessario
570 3722 689 3782 'errabit
710 3726 742 3781 et
761 3719 838 3780 alter
860 3720 943 3780 solus
965 3724 1048 3778 reete

129 3806 276 3882 moaedit.
319 3804 363 3868 Ut
385 3808 414 3868 ai
446 3806 576 3868 duanam
604 3803 832 3866 aedificantium
856 3801 938 3864 alter
962 3801 1047 3884 ligne
