2356 4200
413 275 441 328 F.
462 274 586 330 silvestri
607 275 755 329 Prieriatis.
986 271 1049 338 367

214 443 268 506 Sil.
287 445 366 505 Dico
384 451 417 505 ut
438 462 530 524 supra
551 445 706 524 proxime,
730 450 762 503 et
787 443 930 520 ulterius,
965 441 1048 522 quod

128 528 174 587 ita
199 527 351 606 loqueris,
386 547 424 588 ac
451 530 477 587 si
499 528 666 606 puhlinatio
693 528 850 598 veniarum
888 544 956 585 oum
989 525 1047 604 his,

129 628 218 689 quae,
231 609 315 670 illam
333 613 516 672 comitantur
528 610 732 670 declar-atoria
745 615 777 670 et
792 609 975 687 hortatoria*
986 627 1049 669 non

131 695 171 753 sit
192 694 355 755 seminatio
378 692 464 755 verbi
485 693 553 770 Dei,
575 693 658 772 quod
679 711 770 773 nego.
868 726 871 731 ·

213 778 271 854 55)
296 777 384 838 Mart.
406 777 493 837 Meus
515 794 616 856 papae
631 777 809 836 necessario
829 779 885 852 est,
908 771 1001 853 quod,
1024 774 1052 833 si

129 859 239 920 veniae
271 859 372 938 (qnod
401 860 558 919 minimum
588 852 653 937 eet]
677 877 739 919 uua
775 874 943 938 campana,
980 856 1048 915 unis

130 942 254 1023 pompis
267 946 299 1002 et
312 943 495 1003 ceremoniis
508 941 710 1022 celebrantur,
733 940 928 1020 evangelium
947 937 1050 1018 (quod

128 1025 296 1084 maximnm
329 1030 394 1101 est)
421 1033 542 1085 centum
561 1026 737 1105 campanis,
766 1031 889 1085 centurn
917 1021 1049 1103 pompis,

130 1114 254 1168 centum
277 1109 459 1169 ceremoniis
481 1107 684 1188 praedicetur.

213 1189 266 1251 sil.
288 1191 366 1252 Dico
389 1199 535 1270 utsupra
556 1192 714 1271 proxime,
743 1196 774 1251 et
795 1189 938 1267 ulterius,
966 1186 1049 1266 quod

130 1273 318 1334 consimiles.
331 1273 546 1340 conclusiones
568 1291 632 1334 non
654 1273 767 1334 decent
783 1290 910 1352 gravem
931 1269 1049 1332 theolo-

128 1375 213 1436 gum,
236 1363 308 1417 sunt
329 1359 410 1417 enim
432 1357 583 1436 pueriles,
607 1363 639 1417 et
659 1354 801 1416 videntur
821 1373 891 1416 esse
913 1354 969 1415 viri
991 1358 1051 1416 sto·

128 1439 281 1517 machati,
304 1447 336 1500 et
355 1440 512 1501 inferentis
536 1457 571 1500 os
593 1440 625 1499 in
648 1439 785 1518 coelum,
817 1445 849 1498 et
870 1444 980 1499 cauma
1000 1437 1052 1498 sti-

128 1522 244 1581 mulum
265 1522 461 1583 calcitrantis.
673 1537 676 1543 ’

212 1608 278 1682 56)·
295 1606 382 1666 Mart.
410 1605 558 1666 Thesauri
580 1605 746 1680 ecclesiae,
774 1603 856 1664 uude
884 1620 967 1684 papa
997 1601 1050 1663 dat

127 1686 345 1768 indulgentias,
368 1706 469 1769 neque
491 1689 565 1749 satis
583 1689 737 1751 ¹nominati
758 1693 843 1766 sunt,
876 1704 977 1766 neque
999 1703 1049 1746 oo·

127 1771 205 1850 gniti
228 1770 310 1851 apud
331 1772 478 1852 populum
496 1770 760 1848 Christianum*).

214 1853 268 1915 Sil.
289 1853 360 1914 Non
381 1860 430 1914 est
450 1855 574 1932 mirum,
604 1855 630 1913 si
652 1853 762 1933 vulgus
787 1853 848 1912 ista
868 1870 933 1913 non
954 1852 1051 1930 novit,

127 1953 198 1996 oum
221 1943 263 2016 tu,
284 1938 336 2016 qui
358 1954 428 1996 cum
449 1935 524 1998 orbe
545 1937 687 1999 universo
707 1943 738 1996 te
751 1935 974 2014 disputaturum
997 1934 1050 1996 ob·

128 2018 240 2094 tulisti,
263 2021 323 2079 ista
344 2026 397 2080 aut
417 2039 480 2081 nou
502 2019 700 2097 intellexeris,
724 2025 777 2079 aut
798 2016 914 2097 fingas,
941 2024 975 2077 ut
995 2036 1047 2097 ps·

128 2100 214 2162 tebit.
245 2101 323 2163 Sunt
343 2104 426 2163 enim
446 2103 498 2163 isti
517 2103 651 2161 thesauri
672 2103 748 2165 noti·
761 2107 792 2161 et
803 2101 961 2178 nominati,
982 2118 1046 2160 non

128 2184 253 2262 quidem
274 2185 389 2245 lumine
410 2192 534 2246 nostrae
555 2185 693 2262 rationis,
717 2183 772 2243 sed
794 2183 917 2263 spiritus
938 2184 1046 2261 sancti,

128 2268 180 2346 qui
207 2287 264 2347 per
292 2275 416 2328 sanctos
445 2286 518 2328 suos
549 2285 605 2327 nos
636 2267 762 2344 edocet,
791 2265 900 2344 quihus
929 2272 962 2326 tu
983 2283 1046 2326 nou

127 2352 300 2410 assentiens
323 2353 486 2413 autoritate
507 2358 569 2429 tua,
592 2357 646 2411 aut
669 2351 712 2410 tui
726 2349 868 2409 similium
882 2348 961 2409 alios
982 2348 1047 2409 the-

126 2451 235 2493 sauros
259 2433 389 2514 effingis.
433 2434 552 2494 Venias
574 2451 659 2514 ergo,
683 2434 749 2492 sire
762 2431 973 2512 indulgentiae
994 2450 1045 2492 au·

126 2517 252 2576 toritate
267 2517 441 2596 Scripturas
464 2516 554 2577 nobis
576 2534 639 2576 non
660 2512 833 2593 innotuere,
855 2514 910 2576 sed
933 2515 1045 2576 autori·
1094 2550 1106 2565 ·

126 2606 190 2659 tate
204 2599 355 2660 ecclesiae
373 2600 543 2678 Romanae,
565 2600 836 2678 Romanorumque
855 2597 1045 2679 pontificum,

127 2699 206 2760 qnae
230 2684 327 2743 maior
349 2688 413 2761 est,
440 2685 521 2744 inter
548 2701 625 2762 quos
651 2687 775 2742 sanctus
797 2680 966 2762 Gregorius
986 2681 1045 2761 pri·

126 2782 194 2823 mus
219 2770 316 2840 (teste
338 2766 410 2826 divo
431 2766 570 2842 Thoma)
593 2764 799 2845 indulgentias
822 2764 908 2826 dedit
926 2765 1045 2824 Romae

124 2847 157 2906 in
186 2849 384 2928 stationibus,
413 2850 567 2927 ceterique
595 2855 667 2908 sunt
693 2849 821 2927 sequut‘.
870 2847 1045 2908 Thesaurus

126 2948 201 3010 ergo
225 2932 283 2992 iste
306 2931 474 2991 secundum
503 2937 644 3010 sanctos,
678 2949 747 2990 oum
774 2931 954 3010 theologos,
980 2937 1045 2995 unm

125 3015 219 3072 etiam
242 3016 429 3093 canonistas,
452 3022 522 3075 sunt
543 3015 652 3074 merita
673 3013 784 3074 Christi
807 3021 838 3074 et
859 3020 1044 3093 sauctorum,

125 3115 188 3155 non
212 3116 250 3156 ea
272 3099 401 3175 ratione,
423 3116 484 3176 qua
506 3098 623 3176 merita,
646 3096 700 3156 sed
729 3116 789 3176 qua
810 3097 1044 3157 satisfactiones.

209 3183 267 3257 57)
291 3181 379 3243 Mart.
397 3181 570 3240 Thesauros
598 3186 698 3260 certe,
725 3179 807 3239 unde
834 3179 1043 3259 indulgentiae

125 3261 251 3341 dautur,
272 3281 335 3323 nou
360 3282 428 3324 esse
449 3262 635 3343 temporales
671 3269 771 3343 patet,
805 3264 959 3342 quianon
981 3270 1043 3322 tam

122 3346 213 3405 facile
242 3363 297 3405 eos
328 3346 531 3426 profundunt,
566 3345 620 3406 sed
652 3344 865 3407 tantummodo
895 3345 1044 3425 colligunt

125 3426 211 3488 multi
233 3430 495 3490 concionatorum.

208 3511 261 3574 Sil.
283 3512 353 3572 Nou
366 3512 470 3591 doces,
483 3513 624 3591 Martiae,
647 3511 701 3572 sed
716 3512 861 3595 detrahis,
884 3530 947 3572 non
971 3529 1041 3573 con-

125 3681 272 3688 ...--.-.-..-.

197 3773 227 3841 *)
251 3775 280 3825 ln
299 3774 363 3828 edit.
383 3776 457 3828 den:
477 3775 585 3828 Christi.
