2356 4200
134 291 176 369 3ss.
479 293 717 371 ,permeumueri
753 350 766 370 ‚¹

135 472 200 545 est,
223 483 333 545 omne,
356 464 440 545 quod
464 474 569 527 uatum
592 474 639 530 est
662 487 702 528 ex
722 467 790 529 Deo
813 466 931 545 Deique
953 464 1060 547 verbu,

135 567 200 610 uon
223 555 349 628 peccet:
371 551 415 609 ita
435 569 542 610 verum
563 548 669 611 itidem
692 557 749 630 est,
771 550 881 628 Omne,
902 546 986 628 quud
1007 560 1061 619 naj-

134 640 212 696 tum
235 638 282 692 est
323 651 363 693 ex
390 632 516 695 homine
545 633 739 714 hominisque
761 633 871 711 verbe,
898 637 1008 712 peccat
1030 638 1062 701 et

139 721 304 796 peccatum
326 722 390 795 est,
421 715 493 777 ideo
515 717 691 787 necessario
710 716 821 798 peribit
840 718 872 777 iu
893 722 1062 776 aeteruum.

138 797 308 861 Outinam
330 798 499 860 rectoribus
523 800 684 880 ecclesiae,
705 797 805 878 nobis,
827 800 961 878 inquam,
982 797 1062 883 haec

136 901 188 943 res
215 882 303 944 cordi
325 881 446 945 sederet
466 883 633 962 aliqnando
657 891 688 943 et
708 884 821 963 apertis
844 881 957 945 oculis!
982 882 1062 943 ¹Non

140 966 223 1026 enim
244 965 391 1025 malitiam
414 966 539 1046 populi,
569 986 633 1028 uon
655 965 788 1027 radicem
817 965 1061 1046 observaremus.

136 1047 242 1109 Radix
266 1055 368 1109 eutem
392 1049 528 1111 malitiae
540 1049 629 1110 huius
651 1056 699 1111 est
720 1048 857 1111 defectus
877 1047 963 1109 verbi
984 1047 1060 1109 veri-

138 1133 221 1193 tatis.
266 1130 346 1206 Quid
370 1132 450 1193 enim
474 1133 531 1192 nisi
553 1132 635 1192 male
656 1140 729 1212 agat
754 1133 905 1213 pupulus,
934 1128 1059 1211 quande

136 1213 356 1293 verbosaret,
389 1234 450 1294 quc
479 1235 541 1276 uun
563 1223 674 1296 peccat
695 1235 735 1275 ex
754 1215 822 1276 Deo
845 1214 954 1277 natus?
986 1212 1059 1276 Pro·

134 1296 209 1358 inde
233 1298 383 1379 scriptura
412 1303 497 1360 recte
522 1298 727 1379 perditionem
755 1299 863 1379 pupuli
905 1294 1059 1359 astoribus

133 1382 286 1461 imputat,
317 1380 356 1441 de
383 1381 524 1442 manibus
552 1400 659 1443 eorum
680 1383 815 1462 requirit.
887 1400 922 1442 us
944 1387 1059 1460 tamen,

135 1471 322 1525 excusantes
339 1465 509 1545 nosipsos,
530 1465 680 1546 populum
698 1484 889 1544 accusamus,
910 1463 952 1543 id,
975 1461 1058 1544 quod

135 1547 211 1609 foris
239 1547 353 1609 malum
383 1555 564 1628 operantur,
598 1547 755 1627 videntes,
788 1547 833 1625 id,
867 1545 951 1628 quod
976 1548 1059 1609 intus

136 1636 194 1710 est,
215 1649 273 1691 nos
296 1650 360 1692 non
383 1628 500 1710 damus,
523 1651 586 1693 non
598 1630 748 1692 videntes.
791 1630 877 1691 Haec
892 1631 1058 1712 deprimo,

219 1719 245 1786 §.
268 1716 299 1778 6.
341 1713 426 1792 Jam,
456 1713 529 1792 quid
557 1714 738 1794 mundus,
766 1713 942 1775 videndum.
986 1712 1057 1774 Nau

136 1795 176 1856 de
200 1796 315 1858 mundo
349 1795 461 1858 visibili
487 1797 538 1857 hic
558 1798 709 1878 loquitur,
744 1797 795 1877 qui
827 1816 927 1876 neque
954 1795 1058 1874 vincit,

137 1898 241 1959 neque
263 1881 394 1941 vincitur
414 1899 470 1961 per
492 1880 603 1941 Christi
626 1879 736 1960 iidem3
762 1879 816 1941 sed
839 1899 940 1959 neque
961 1879 1058 1940 homi·

132 1982 191 2023 nes
214 1963 246 2024 in
268 1963 383 2025 mundo
413 1982 507 2039 nunc,
522 1964 724 2044 accipiemus,
753 1962 913 2043 quisquis
935 1964 1059 2024 vincere

132 2052 258 2126 putetur
288 2065 322 2107 se
344 2044 457 2108 debere
478 2047 637 2126 homiues,
670 2048 728 2108 uisi
749 2047 849 2107 Turca
871 2065 940 2109 esse
961 2043 1058 2111 velit?

132 2128 268 2191 Mundus
293 2149 367 2211 ergo
389 2129 513 2210 proprie
535 2136 606 2191 sunt
627 2130 699 2191 mali
721 2129 864 2207 affectus,
892 2131 922 2189 in
946 2128 1057 2272 ‹puibus

136 2218 225 2273 satan
249 2220 374 2294 regnat,
405 2213 603 2294 malaopera
638 2215 720 2294 irae,
749 2212 926 2293 superbiae,
970 2209 1056 2273 ibidi-

19 2334 23 2342 ι
132 2296 191 2375 nie,
214 2296 373 2376 avaritiae,
396 2315 495 2358 vanae
508 2298 627 2377 gloriae
644 2304 677 2358 et
696 2295 850 2376 similium,
872 2297 952 2356 sicut
972 2290 1055 2355 clare

131 2378 351 2459 ipseJuannes
367 2377 495 2463 diciti):
520 2379 645 2459 Omne,
660 2380 882 2461 quodestin
904 2376 1054 2463 munde,

132 2468 191 2522 est
212 2463 538 2543 concupiscentia
560 2465 688 2524 caruis
712 2470 749 2524 et
770 2463 987 2541 oculorum,
1018 2467 1056 2523 st

131 2544 461 2627 superbiavitae,
494 2566 523 2626 q.
547 2546 577 2608 d.
608 2555 731 2627 praeter
757 2548 817 2609 ista
842 2547 918 2607 nihil
946 2552 993 2606 est
1021 2545 1054 2605 in

132 2626 266 2708 mundo,
290 2636 321 2689 et
341 2629 473 2691 mundus
495 2649 558 2692 non
581 2637 678 2709 esset,
706 2630 732 2690 si
754 2630 832 2690 hsec
854 2649 917 2691 uon
940 2635 1053 2690 esseut.

130 2711 179 2772 Fit
199 2718 321 2791 tamen,
348 2719 382 2773 ut
410 2713 541 2774 muudus
562 2714 622 2774 iste
643 2713 771 2775 visibilis
794 2720 825 2774 et
845 2714 986 2775 homines
1009 2712 1054 2772 sic

129 2794 334 2875 appellentur,
356 2797 427 2875 quic
441 2798 472 2857 in
486 2796 662 2859 hominibus
677 2797 834 2859 etmundo
854 2797 932 2858 istae
952 2795 1053 2877 pravi·
1083 2848 1092 2858 .

130 2883 210 2938 tates
232 2885 409 2960 versantur,
430 2881 510 2942 sicut
531 2882 692 2943 continens
714 2900 771 2960 pro
795 2887 959 2956 contento,
982 2878 1053 2938 civi-

130 2963 178 3023 us
199 2979 256 3043 pro
272 2961 399 3026 civibus.
428 2963 560 3024 Infames
579 2965 661 3026 enim
683 2973 715 3026 et
725 2964 797 3025 mali
810 2965 893 3025 cives
904 2962 1055 3038 infamant

128 3062 252 3124 qunque
263 3045 393 3106 civitatis
405 3065 480 3109 suae
495 3066 620 3128 nomen,
637 3055 685 3109 ut:
708 3047 938 3124 Jerusalem,
953 3064 1052 3127 quae

129 3126 284 3188 occidis
305 3147 386 3210 eos,
410 3131 471 3210 qui
493 3132 700 3193 mittuntur
720 3129 767 3192 ad
798 3127 882 3206 tet)
907 3137 939 3190 et
960 3127 1050 3189 alibi:

128 3211 320 3293 Aegypte,
344 3213 427 3274 noli
448 3214 556 3275 flere.
593 3213 644 3276 Sic
667 3214 797 3275 mundus
820 3211 1050 3274 dicitur'malus

128 3299 160 3354 et
181 3312 240 3356 nos
255 3295 445 3378 impugnare,
468 3298 540 3377 quia
560 3296 688 3359 affectus
710 3299 822 3378 nostri,
853 3297 904 3377 qui
927 3296 1051 3357 suntin

126 3376 188 3437 hoc
210 3378 341 3460 mundo,
363 3381 437 3442 mali
459 3388 548 3460 sunt,
570 3388 602 3442 et
622 3400 679 3442 uos
700 3383 891 3462 impugnent.
935 3378 1051 3441 Conse·

127 3478 224 3540 quens
246 3468 302 3542 est,
325 3462 408 3543 quod
431 3461 561 3525 mundus
583 3464 622 3524 sit
642 3465 674 3524 in
699 3483 887 3545 unoquoque
908 3462 1053 3543 homine,

128 3561 190 3605 uon
214 3552 301 3608 extre
322 3565 380 3607 nos
393 3547 524 3607 mundus
536 3545 615 3607 ultus
630 3544 723 3628 estl).
767 3547 1051 3627 Unusquisque

177 3736 355 3801 i)1Jou2.
392 3737 424 3801 k)
444 3736 538 3790 Matth.
549 3736 591 3791 23.
629 3734 654 3801 l)
676 3735 844 3791 sicutenim
863 3751 979 3807 regnum
999 3693 1050 3789 Dei

123 3811 166 3858 est
183 3808 259 3860 iutra
277 3823 344 3879 nos,
364 3809 403 3861 sic
422 3813 449 3861 et
468 3815 591 3863 satanae.
