2356 4200
397 251 566 309 adaletae
585 254 621 309 ad
640 250 755 325 Papam.
974 206 1040 318 'llil

122 425 358 485 irreverentiam
373 424 590 503 machinatum,
611 417 874 484 reverendissimis
886 425 917 484 in
930 415 1051 486 Christo

125 507 281 588 patribus,
297 507 424 591 domino
438 508 629 590 Hieronymo
638 506 678 567 de
692 505 844 568 Ghinutiis
854 507 1053 589 ¹),epiacopo

124 589 348 669 Asculanensi,
385 590 517 652 auditori
550 592 699 652 Gamerae
725 598 787 652 etc.
822 598 852 651 et
890 589 1049 672 Sylvestro

124 673 254 735 Priarati
288 673 403 734 ordinis
449 673 713 755 praedicatorum,
746 673 855 753 palatii
886 674 1050 755 apostolici

124 757 282 838 magistro,
305 759 519 818 committeret.
556 755 637 832 Quin
652 758 715 816 imo
738 775 793 835 per
806 756 890 816 illum
913 758 972 837 ipsi
994 775 1049 838 po·

124 839 185 901 tius
209 847 413 903 extorserunt.
457 839 517 915 Qui
538 839 663 920 quidem
696 838 814 902 iudices
844 848 875 900 et
895 839 1051 902 auditores

124 941 196 984 cum
215 921 301 1002 milri,
323 923 410 985 salva
432 941 554 1004 semper
575 942 680 984 eorum
704 925 894 1000 reverentia,
916 925 1052 1003 suspecti

125 1006 203 1084 siut,
236 1005 319 1086 quod
352 1007 420 1086 ipse
453 1003 641 1067 reverendus
674 1013 764 1086 pater
785 1005 943 1086 Sylvester
972 1003 1050 1067 alias

124 1095 234 1150 contra
253 1108 304 1150 me
336 1089 550 1151 exacerbatam
581 1087 777 1149 affectionem
807 1107 894 1150 suam
929 1087 1051 1168 abunde

125 1170 305 1247 ostenderit,
328 1173 359 1233 in
375 1171 513 1254 dialogo,
536 1191 626 1254 quem
649 1177 758 1233 contra
779 1191 865 1233 meas
877 1172 1051 1252 positiones

121 1254 232 1334 edidit,
254 1255 286 1314 in
309 1272 369 1337 quo
393 1275 467 1316 suae
491 1255 629 1336 opinioni
649 1255 719 1335 plus
737 1274 837 1335 aequo
855 1253 983 1316 aflectus
999 1273 1050 1316 me

113 1336 314 1399 'haereticum
348 1344 380 1400 et
415 1340 556 1399 insanum
587 1338 765 1418 multisque.
783 1339 852 1400 aliis
874 1334 1051 1402 nominibus

123 1422 284 1482 criminum
306 1421 488 1483 iudicaverit
509 1429 541 1482 et
562 1420 764 1482 damuaverit.
999 1435 1013 1445 “

208 1503 329 1567 Deinde
349 1506 412 1566 suis
435 1504 593 1583 fratribus,
624 1522 701 1583 quos
722 1503 801 1566 haec
822 1524 872 1566 res
892 1505 1046 1586 principa·

124 1587 196 1650 liter
231 1589 344 1668 tangit,
365 1587 572 1650 verisimiliter
605 1589 808 1667 praesumitur
847 1587 916 1668 plus
959 1606 1051 1668 quam

125 1688 239 1732 causae
261 1670 374 1750 lavere,
396 1678 488 1752 atque
510 1672 553 1732 ita
573 1668 670 1748 fieret,
693 1676 726 1730 ut
746 1690 802 1751 per
816 1671 915 1751 ipsum
939 1670 1048 1757 aduer-

125 1755 198 1815 sarii
218 1754 343 1834 ipsimet
369 1754 400 1815 in
434 1773 490 1815 sua
512 1772 606 1815 causa
626 1753 743 1814 iudices
757 1753 883 1816 lierent
926 1753 967 1814 Et
986 1754 1049 1835 ipsi

127 1835 322 1917 Themistae,
343 1837 419 1898 licet
439 1836 497 1899 sibi
517 1838 592 1917 ipsis
614 1844 723 1898 contra
745 1857 794 1897 me
817 1856 879 1898 non
902 1843 1047 1907 constan·
1077 1864 1090 1899 s

128 1927 186 1999 tes,
209 1920 332 2001 saepius
354 1927 459 1982 tamen
479 1921 598 1980 inventi
619 1926 690 1980 sunt
704 1939 760 2000 pro
774 1921 836 1980 suis
853 1920 1050 1999 opinionibus

128 2002 248 2064 maiora
277 2003 391 2064 atalia
416 2008 563 2082 tentasse,
586 2021 677 2083 quam
701 2004 847 2083 cuiusque
870 2003 977 2064 merita
997 2021 1052 2083 po·

128 2086 303 2166 stulassent,
326 2094 357 2147 et
377 2087 517 2166 aequitas
539 2087 612 2146 iuris
629 2092 793 2166 pateretur.
822 2086 966 2164 Denique
983 2104 1051 2146 cum

127 2168 211 2233 idem
246 2169 433 2231 reverendus
465 2178 554 2250 pater
575 2169 675 2230 solum
703 2170 734 2228 in
757 2169 942 2236 scholastica
965 2169 1051 2231 theo·

128 2252 214 2336 logia
235 2254 275 2313 sit
293 2253 452 2314 institutus
473 2259 505 2313 et
523 2254 690 2331 enutritus,
713 2270 881 2332 parumque
901 2252 934 2311 in
956 2252 1049 2332 scrip-

128 2336 203 2397 turis
226 2337 341 2398 sanctis
377 2338 428 2416 (ut
464 2342 594 2416 apparet
624 2354 665 2395 ex
699 2337 762 2396 suis
794 2336 915 2416 scriptis
936 2335 1044 2411 variis)
1071 2393 1082 2419 ‚

128 2419 325 2501 exercitatus,
348 2426 380 2480 et
399 2418 481 2480 haec
502 2419 630 2480 materia
650 2417 766 2479 iudices
789 2423 917 2499 quaerat
935 2421 980 2479 ⁴iu
1002 2436 1064 2479 aa·¹¹

128 2502 187 2569 cris
210 2501 304 2562 literis
327 2508 358 2562 et
378 2501 599 2562 ecclesiasticis
620 2500 757 2581 patribus
785 2502 1049 2579 instructissimos,

128 2603 193 2645 non
236 2586 369 2647 raeaumi
391 2591 505 2665 potest
527 2604 597 2645 aum
619 2585 668 2645 vel
690 2603 783 2665 posse
805 2592 888 2646 recte
903 2584 1049 2645 iudicare.

210 2604 410 2730 deserendus
439 2686 513 2728 vero
548 2669 578 2728 iu
612 2667 734 2730 Christo
765 2675 869 2748 pater,
907 2665 1049 2730 dominus

126 2749 334 2831 Hieronymus
371 2751 536 2832 episcopus
559 2757 626 2830 eta,
661 2753 770 2812 merito
803 2753 926 2811 timetur
963 2750 1050 2811 alteri

127 2833 270 2915 collegae
298 2853 355 2895 suo
388 2833 556 2895 adhaerere
590 2833 693 2913 (quod
714 2853 791 2915 pace
819 2853 857 2894 ac
878 2835 1051 2894 reverentie

127 2935 165 2976 ac
186 2918 263 2978 citra
282 2918 424 2979 iniuriam
437 2916 550 2976 dictum
566 2917 640 2977 volo
649 2925 671 2995 ),
694 2925 725 2977 et
738 2918 788 2996 qui
801 2918 878 2996 patri
890 2916 1049 2997 Sylvestro

127 2999 177 3061 ol?
210 3000 391 3062 rofessionis
419 2998 615 3082 theologicae
644 3018 758 3060 nomen
786 2999 878 3061 facile
904 2999 1048 3060 iudicium

126 3020 270 3144 redderet
281 3083 326 3163 ²),
348 3090 440 3162 atqne
462 3084 539 3162 ipse,
562 3083 666 3162 quiin
688 3084 788 3143 causis
817 3083 885 3144 aliis
908 3081 1050 3144 civilibus

127 3172 159 3226 et
180 3165 355 3228 huiusmodi
378 3168 452 3227 satis
473 3165 605 3227 idoneus
628 3172 718 3226 esset.
749 3165 835 3226 Haec
855 3171 958 3226 autem
981 3184 1050 3227 eum

126 3250 189 3309 sint
210 3249 249 3311 de
271 3249 332 3311 lide
354 3258 386 3310 et
405 3249 526 3311 haeresi
553 3254 605 3322 (ut
625 3248 793 3310 adversarii
806 3248 940 3325 dicunt),
963 3245 1051 3309 extra

83 3355 87 3363 ·
126 3350 203 3393 suae
246 3333 426 3397 rosessionis
449 3332 573 3394 modum
598 3351 667 3393 esse
689 3333 763 3393 satia
785 3332 991 3412 intelligaton'
1005 3338 1050 3393 at·

126 3433 188 3494 que
209 3353 280 3478 ideo
309 3416 382 3476 mihi
415 3418 538 3496 utrique
566 3416 788 3496 suspectissimi
821 3435 868 3476 me
901 3416 987 3475 citari
1008 3415 1049 3475 ie-

125 3508 234 3561 cerunt
255 3508 288 3561 et
309 3501 480 3560 citaverunt
512 3497 551 3559 sd
586 3498 826 3579 comparendum
848 3497 1051 3578 personaliter

125 3580 255 3662 Romae,
276 3584 308 3643 iu
330 3582 402 3643 loco
425 3583 498 3643 mihi
522 3583 657 3644 omnium
680 3583 911 3662 suspectissimo
935 3588 966 3642 et
987 3600 1049 3642 uon

145 3688 300 3698 —-..-.⁴.
308 3689 554 3698 ...κοῦ--..-

199 3764 230 3832 1)
247 3764 278 3819 ln
296 3763 340 3819 ed.
358 3765 432 3819 ian:
453 3763 588 3820 Genutiis.
626 3765 658 3834 2)
680 3764 766 3821 ibid:
785 3763 903 3819 cederet.

151 3868 243 3910 Lutbari
256 3881 308 3922 opp.
326 3873 351 3914 V.
365 3872 392 3913 A.
406 3872 436 3912 ad
447 3871 488 3911 ref.
502 3871 552 3916 bist.
576 3873 591 3911 l.
605 3883 628 3922 p.
644 3871 739 3939 uou‘nt
842 3855 886 3918 2ss
