2356 4200
193 262 262 327 ‘3OE
502 313 506 321 .
525 263 653 332 prtolt
670 263 820 319 lacum.

198 430 282 493 aliud
303 430 447 494 habueris
467 433 499 493 in
520 431 683 510 mandatis,
705 436 867 499 uteorum
888 430 982 492 nobis
1004 437 1038 492 et
1053 429 1122 493 sada

197 513 372 596 apostolica
393 514 568 592 sistatur1).

221 619 242 658 .·
280 596 329 659 Ac
350 596 433 677 quod
454 599 480 658 si
502 616 609 660 coram
638 604 669 658 te
698 602 810 676 sponte
831 593 1067 675 adpetendum
1087 594 1122 666 de

199 678 376 740 huiusmodi
397 680 568 743 temeritate
596 680 718 742 veniam
747 678 867 739 venerit
888 685 922 739 et
941 679 983 741 ad
1007 697 1063 745 cor
1081 698 1122 741 ra

202 781 309 823 versus
337 763 548 843 poenitentiae
576 763 666 843 signa
692 760 863 823 ostenderit
893 760 964 822 Tibi
996 780 1068 823 eum
1087 759 1122 823 ad

192 845 351 905 -unitatem
380 853 506 906 sancme
534 846 639 907 matris
666 845 833 922 ecclesiae,
860 863 941 923 quae
968 863 1122 925 nunquam

201 926 317 991 claudit
338 930 488 1008 gremium
509 927 665 1006 redeunti,
699 927 833 1006 benigne
860 926 1035 1007 recipiendi
1056 945 1123 989 cou-

201 1008 339 1071 cedimus
358 1010 545 1072 faculatem.
853 1072 856 1077 .

285 1091 316 1154 Si
342 1094 471 1154 veroin
498 1092 667 1172 pertinacia
688 1109 743 1151 sua
765 1090 968 1170 perseverans
1003 1098 1037 1152 et
1062 1090 1123 1155 bra

203 1175 304 1235 chium
327 1175 467 1236 seculare
488 1181 690 1236 contemnens
703 1175 734 1233 in
746 1178 930 1253 potestatem
955 1180 1043 1235 tu'am
1064 1193 1123 1235 nou

203 1259 334 1335 uenerit,
367 1257 436 1318 Tibi
467 1259 498 1317 in
522 1255 663 1320 omnibus
685 1255 869 1317 Germaniae
890 1255 1033 1335 partibus
1055 1276 1121 1319 aum

176 1372 178 1377 ·
202 1359 240 1400 ac
261 1358 370 1400 omnes
391 1340 486 1420 ipsius
508 1339 711 1401 adhaerentes
726 1345 757 1400 et
772 1356 933 1417 sequaces,
955 1341 1052 1401 etiam

194 1421 305 1483 edicta
326 1421 460 1502 publica,
482 1422 523 1482 ad
546 1423 642 1483 instar
661 1422 794 1501 illorum,
817 1422 869 1499 qui
891 1420 965 1482 olim
989 1423 1022 1483 in
1046 1423 1074 1483 Δ

204 1505 362 1584 praetorio
386 1504 613 1584 scribebantur,
636 1523 693 1585 pro
715 1504 892 1582 haereticis,
915 1505 1124 1567 excom-uni·

203 1587 295 1664 catis,
328 1587 610 1664 anathematizatis,
641 1593 673 1647 et
701 1584 873 1647 maledictis
894 1585 1078 1666 publicandi
1097 1594 1125 1649 at

203 1667 242 1729 ab
265 1668 407 1730 omnibus
429 1669 540 1731 Christi
568 1669 710 1731 fidelibus
737 1677 882 1750 tanquam
908 1669 993 1731 tales
1021 1671 1124 1733 evitari

203 1750 335 1811 faciendi
358 1752 556 1813 concedimus
578 1752 717 1813 similiter
739 1752 925 1813 facultatem.
1073 1819 1076 1825 ,

287 1833 327 1893 ut
354 1842 387 1895 ut
415 1835 543 1896 celerius
576 1839 608 1897 et
639 1835 759 1897 facibus
791 1833 915 1896 morbus
948 1833 1125 1897 huiuamodi

204 1918 438 1996 exterminetur,
472 1919 632 1979 universos
661 1926 693 1978 et
723 1916 861 1996 singulos
890 1917 1072 1997 Praelatos,
1097 1924 1125 1981 et

203 1999 281 2060 alias
304 1999 530 2062 ecclesiasticas
559 2018 727 2080 personas,
758 2006 821 2060 tam
847 1999 1005 2062 seculares
1033 2018 1123 2083 quum

205 2083 384 2160 quorumvis
404 2081 562 2161 Ordinum,
585 2085 676 2144 etiam
699 2082 936 2153 mendicantium
957 2084 1124 2173 regulares,

203 2183 264 2224 nec
285 2184 348 2225 non
368 2165 487 2244 Duces,
509 2166 714 2244 Marchiones,
737 2165 888 2243 Comites,
910 2166 1070 2248 Bmones,
1091 2185 1124 2228 ac

204 2265 403 2326 quascunque
430 2248 690 2325 Communitctes,
718 2248 941 2309 Universitates
963 2256 997 2310 et
1017 2249 1125 2311 Poten-

204 2337 285 2389 tatus
317 2331 474 2410 (praelato
502 2330 712 2397 Maximiliano
743 2331 842 2393 electo
864 2331 1059 2411 Imperatore
1079 2352 1124 2395 ex·

204 2412 316 2493 cepto)
345 2414 511 2474 autoritate
537 2420 644 2475 nostra
670 2415 762 2475 etiam
789 2412 845 2476 sub
880 2417 1125 2477 excommunica·

205 2496 297 2556 tionis
319 2495 402 2555 latae
419 2498 602 2575 sententiae,
625 2503 657 2559 et
676 2497 744 2557 aliis
766 2496 844 2557 infra
858 2495 1007 2558 dicendis.
1020 2498 1124 2579 pounb

202 2596 333 2638 moneas
368 2585 399 2638 et
431 2580 582 2658 requiras,
616 2586 649 2639 ut
677 2580 756 2639 sicut
780 2582 913 2659 reputari
941 2582 1073 2661 cupiunt
1098 2587 1124 2641 et

188 2659 309 2722 *haberi
330 2660 452 2738 fideles,
482 2661 596 2722 dictum
617 2662 779 2723 Martiuum
809 2669 840 2722 et
866 2664 931 2723 eius
960 2662 1124 2725 adhaeren-

205 2753 251 2803 tes
278 2749 311 2804 et
339 2762 488 2823 sequaces
514 2746 639 2824 capiant
667 2751 699 2804 et
723 2744 764 2805 ad
792 2764 901 2805 manus
930 2752 1001 2808 tuas
1035 2754 1124 2807 tranr-

205 2826 335 2887 mittant.

286 2906 378 2983 Quod
405 2909 446 2986 si,
475 2907 559 2988 quod
585 2909 681 2988 absit,
714 2909 797 2988 quod
823 2909 913 2972 nobis
941 2911 1123 2990 persuadere

203 3009 267 3051 non
287 3009 467 3070 possumus,
496 2991 643 3071 praedicti
672 2993 844 3072 Principes,
873 2991 1122 3068 Communitatcs,

203 3072 435 3148 Universitates,
458 3081 489 3135 et
512 3075 707 3151 Potantatus,
724 3084 777 3134 aut
796 3075 907 3154 aliquis
922 3094 1035 3137 eorum
1052 3077 1121 3139 hiar-

203 3157 299 3216 tinum
320 3162 374 3216 aut
394 3156 598 3218 adhaerentes
620 3163 652 3219 et
672 3175 821 3236 sequaces
844 3158 1024 3238 praedictos
1056 3177 1120 3240 qno
1147 3214 1150 3219 .

203 3238 375 3301 modolibet
396 3241 625 3319 receptaverint¹
642 3259 697 3300 seu
710 3239 810 3301 eidem
821 3240 954 3311 Martino
970 3242 1122 3319 amilium,
1168 3266 1170 3287 ι

203 3322 364 3382 consilium
386 3322 438 3383 vel
458 3323 594 3384 favorem
617 3322 740 3403 publice
766 3323 814 3383 vel
837 3324 978 3402 occulte,
1014 3325 1120 3387 directe

184 3404 253 3464 svel
274 3405 436 3482 indirecte,
465 3425 506 3465 ex
534 3407 641 3484 quavis
663 3423 757 3465 causa
778 3404 1017 3484 quomodolibet
1039 3407 1119 3470 dede-

202 3488 271 3564 rint,
293 3486 463 3548 eorundum
486 3488 674 3568 Principum,
697 3487 979 3570 communitatum,
1001 3490 1118 3572 Univer-

205 3614 414 3626 —-—...—.

258 3678 288 3740 l)
302 3677 338 3760 ln
348 3676 406 3800 tad.
421 3677 503 3744 orig.
529 3682 557 3729 et
580 3675 688 3728 collect
712 3675 861 3729 Basilicusi
886 3689 912 3728 a.
942 3676 1014 3731 1520
1042 3675 1116 3728 deest:

307 3762 345 3800 ars
389 3764 430 3801 ur.
