2356 4200
378 292 412 347 de
430 294 531 347 virtuts
541 288 791 362 indulgentiarum.
982 282 1044 351 186

75 457 79 471 ’
124 458 210 518 tione
232 477 317 519 suam
342 460 526 521 sententiam
546 460 668 540 possint
688 457 834 538 probare,
867 464 970 518 tamen
993 454 1045 517 ad·
1098 508 1102 515 ,

123 539 184 601 hnc
203 541 254 601 via
276 545 415 603 suasoria
435 541 611 623 procedam.
666 541 717 603 Sic
745 542 826 600 enim
857 547 889 601 et
914 539 958 600 illi
981 539 1043 620 opi·

123 627 248 684 natones
270 630 302 684 ct
322 625 530 704 postillatores
551 623 676 684 faciunt.

206 705 323 783 Primo,
358 707 396 767 ad
428 707 500 786 qnid
524 707 606 767 Deus
627 707 695 766 vult
714 706 814 787 puniri
835 705 990 785 perfectos
1011 705 1043 765 iu

125 788 252 868 spiritu?
286 789 326 849 ad
348 789 608 851 satisfactionem?
642 789 772 849 Contra:
803 788 900 867 Super
922 804 1044 849 omnem

125 871 365 932 satisfactionem
398 879 447 935 est
473 875 608 933 caritatis
630 871 814 951 satisfactio,
841 869 1045 950 nequeenim

125 954 207 1014 Deus
229 953 297 1035 ipse
319 956 410 1016 etiam
433 974 487 1035 per
501 974 618 1036 poenas
642 956 803 1034 quicquam
816 952 897 1014 aliud
910 953 1045 1034 requirit,

125 1055 214 1116 qnam
254 1043 286 1096 ut
319 1038 493 1117 perficiatur
525 1039 645 1100 caritas.
700 1037 817 1098 Caritas
849 1037 931 1096 enim
970 1035 1046 1116 (nisi

124 1117 285 1198 apostolus
307 1122 468 1196 mentitur)
486 1122 587 1200 operit
601 1119 824 1181 multitudinem
837 1126 1045 1200 peccatorum.

125 1202 167 1262 At
187 1200 257 1262 illos
279 1204 340 1262 iam
363 1222 432 1264 esse
454 1203 608 1284 perfectae
629 1204 764 1264 caritatis
785 1205 920 1284 positum
938 1200 1024 1262 una·

209 1284 361 1364 Secundo,
384 1286 451 1347 Deo
474 1289 608 1346 maxime
630 1285 739 1347 satisfit
768 1305 823 1365 per
845 1286 1046 1361 voluntatem,

125 1365 177 1428 ubi
205 1385 266 1428 non
289 1369 406 1430 invenit
439 1369 633 1446 facultatem,
669 1375 702 1429 ut
723 1388 791 1428 cum
815 1368 847 1429 B.
871 1368 1045 1450 Augustino

119 1450 220 1513 ‚sentit
241 1456 307 1511 tota
328 1451 469 1514 ecclesio.
513 1452 633 1530 Atilii,
657 1454 682 1512 si
705 1457 775 1511 sunt
796 1451 951 1531 perfectae
973 1450 1046 1510 cari·

125 1533 208 1608 tatis,
229 1532 323 1593 talem
346 1533 461 1596 habent
477 1535 667 1596 voluntatem
682 1536 868 1614 necessario,
891 1540 922 1594 et
943 1541 1046 1617 tamen

124 1614 300 1675 facultatem
324 1635 386 1677 non
399 1617 524 1678 'habent
546 1617 666 1678 defectu
685 1618 774 1678 vitae.
819 1615 921 1691 Quare
943 1633 1046 1677 neces·

125 1699 206 1759 sario
230 1699 298 1758 sola
319 1701 477 1760 voluntate
500 1701 621 1762 abunde
642 1699 841 1761 satisfaciunt.

209 1779 323 1860 Tertio,
345 1783 472 1862 perfecti
496 1784 573 1844 teies
595 1785 699 1843 omnia
711 1782 843 1843 reddunt
854 1782 932 1859 Deo,
956 1798 1047 1861 quac-

126 1881 247 1942 ouuque
270 1863 392 1945 debent,
415 1868 485 1945 quis
505 1867 579 1927 nihii
602 1866 733 1946 amplius
755 1865 878 1944 debent,
900 1883 991 1944 quam
1014 1870 1048 1925 ut

125 1964 160 2006 sc
182 1953 265 2006 totos
286 1948 372 2027 ipsus
395 1967 462 2008 oum
485 1951 591 2010 intima
613 1949 773 2009 voluntate
795 1947 933 2009 offerant.
963 1949 1047 2007 Deus

125 2029 207 2088 enim
231 2028 268 2089 ab
282 2029 407 2090 homine
424 2032 498 2092 nihil
520 2033 647 2110 requirit
667 2032 808 2112 amplius,
833 2049 924 2110 quarn
947 2032 1047 2112 ipsum
1108 2089 1117 2104 ‚

126 2117 234 2187 totum,
259 2114 337 2173 sicut
359 2113 483 2175 dicitur:
517 2114 650 2194 Praebe‚
685 2113 743 2190 fili,
776 2130 831 2174 eor
858 2120 941 2173 tuum
964 2112 1047 2174 mihi.

114 2195 190 2254 -Imo
214 2213 268 2273 per
290 2213 409 2274 poenas
431 2199 515 2277 cogit
535 2198 691 2258 hominem
713 2197 751 2256 ad
774 2195 820 2275 id,
842 2201 876 2256 ut
896 2214 930 2256 ee
950 2202 1046 2256 totum

126 2275 245 2354 offerat,
267 2279 424 2355 quomodo
442 2298 515 2359 ergo
539 2300 576 2341 eo
596 2280 678 2340 facto
697 2299 817 2360 poenae
829 2278 977 2340 manent?
999 2276 1048 2338 rid

126 2359 198 2439 quid
221 2362 355 2439 cogunt?

206 2440 334 2520 Quarto,
357 2442 440 2524 finge
463 2445 599 2505 animam
620 2446 773 2505 in‘morte
795 2445 951 2524 perfectae
974 2443 1046 2504 fidei
1132 2443 1136 2449 ’

126 2531 158 2584 et
178 2527 323 2603 caritatis,
345 2545 425 2605 quae
444 2528 544 2587 adhuc
557 2528 635 2588 forte
649 2526 761 2588 debeat
782 2533 799 2592 7
819 2527 884 2588 dies
901 2529 1049 2606 ieiunare,

125 2607 291 2667 autetiam
315 2611 495 2671 canonicam
529 2629 661 2689 poenam
692 2610 831 2690 implere.
884 2611 942 2670 Hic
974 2628 1048 2690 ergo

127 2690 210 2750 Deus
239 2697 299 2750 tam
328 2691 459 2751 crudetis
483 2701 545 2771 cst,
579 2700 611 2754 ut
632 2695 782 2773 animam,
821 2712 899 2773 quae
931 2711 1050 2753 summa

127 2773 254 2832 cantate
276 2773 314 2833 ad
338 2793 407 2833 eum
429 2776 493 2835 sitit
513 2795 643 2856 eumque
660 2796 752 2856 super
769 2775 1048 2836 omuiavehemen·

126 2855 244 2915 tissime
267 2855 375 2936 diligit,
399 2877 478 2936 quae
499 2861 641 2938 proximo
665 2879 720 2920 suo
744 2861 848 2920 omnia
870 2858 1049 2938 plenissime

125 2939 246 3018 ignovit
268 2946 298 2998 et
329 2939 385 2999 eibi
420 2942 523 3000 omnia
554 2943 673 3022 ignosci
708 2942 976 3003 vehementissime
998 2959 1049 3000 cu·

126 3021 217 3100 picit,
257 3023 304 3080 cui
342 3030 468 3102 propter
502 3024 579 3084 haee
618 3026 709 3084 etia-m
745 3023 849 3086 debita
880 3024 937 3084 fuit
968 3022 1049 3106 apud

127 3104 224 3163 Deum
271 3112 302 3163 et
334 3105 475 3165 homines
514 3107 707 3186 ignoscentia
753 3108 839 3181 (talis
882 3108 962 3167 enim
1004 3111 1051 3167 cst

127 3186 246 3264 anima,
281 3206 360 3266 quae
383 3207 458 3248 sana
479 3191 606 3250 caritate
627 3191 790 3269 moritur),
823 3190 890 3269 hic,
915 3191 1049 3268 iuquam,

126 3269 210 3328 Deus
234 3288 296 3329 non
318 3272 445 3331 remittit
467 3266 625 3354 septem1)
656 3272 721 3334 dice
750 3280 877 3354 propter
899 3291 1048 3333 summam

127 3354 157 3412 in
182 3371 251 3412 eum
274 3361 305 3412 et
320 3356 493 3432 proximum
517 3357 674 3417 caritatem
689 3363 720 3416 et
734 3357 946 3435 humilitatem,
971 3374 1051 3435 quae

128 3443 199 3496 sunt
226 3454 363 3496 summae
392 3440 526 3498 omnium
556 3439 838 3520 eleemosynarum,
868 3441 918 3519 qui
948 3445 1049 3500 tamen

127 3520 158 3578 in
182 3518 346 3597 evaugelio
362 3518 396 3593 *J
423 3520 505 3598 dicit,
529 3524 633 3583 omnia
654 3524 778 3602 remitti,
801 3521 959 3587 etmuudo
981 3541 1051 3587 esee

199 3702 229 3842 qq
250 3702 281 3826 {ln
302 3702 583 3832 edildeuhatdtqitqqi:
602 3705 675 3760 illos.

271 3789 312 3828 uc.
368 3812 374 3827 .
440 3791 456 3829 a
500 3811 506 3827 .
563 3811 570 3828 .
