2356 4200
166 262 228 330 338
472 265 509 318 De
527 263 631 334 dnpliei
648 265 753 318 iustitie

167 452 231 495 non
258 440 360 495 eutem
384 434 525 513 propris,
557 431 659 493 nullus
689 439 736 493 est
764 432 845 492 enim
874 432 907 491 in
935 431 1007 492 vioe
1033 431 1088 492 Dei

188 523 294 597 ropter
315 535 350 577 se
371 523 403 577 et
423 535 500 591 sua,
521 514 577 575 sed
598 521 724 595 propter
743 514 834 576 elios.
857 512 892 574 Si
913 519 1020 576 eutem
1040 513 1088 574 he

166 536 221 660 het
254 616 377 660 oensem
409 599 581 680 propriam,
612 596 705 658 elium
734 597 793 658 Dei
819 597 969 659 vieerinm
1002 615 1089 677 quen

168 684 323 761 seipsum
354 683 506 761 requiret,
548 681 610 740 inm
632 682 712 740 enim
735 699 798 741 non
821 687 869 741 est
888 679 1009 759 iudex,
1038 677 1090 741 ssd

168 783 249 847 pers.
294 764 355 826 Sed
385 764 424 825 de
455 764 503 824 his
538 762 589 825 alii
612 762 739 824 stelias
770 762 892 843 dieunt,
925 762 1021 830 letior
1048 770 1092 823 est

169 849 250 909 enim
273 867 337 926 res,
360 866 452 928 quem
473 865 555 907 nune
576 845 635 907 dini
657 852 770 926 potest.

251 931 364 992 Privati
391 948 465 995 vero
497 937 528 989 et
549 929 693 1008 propriso
723 946 835 990 oaueee
855 927 1003 990 homines
1026 935 1092 991 sunt

169 1013 314 1093 triplices.
337 1013 447 1091 Primi,
478 1013 530 1090 qui
559 1010 725 1073 vindistom
747 1017 920 1091 quaerunt,
954 1019 987 1074 et
1020 1010 1092 1074 indi·

170 1097 248 1160 oium
271 1095 353 1176 opud
372 1095 504 1156 vinarios
527 1092 604 1172 Dei,
630 1102 661 1155 et
688 1093 797 1155 horum
829 1113 911 1155 nuno
940 1097 990 1156 est
1012 1101 1091 1156 totio

171 1196 324 1241 numerus.
361 1178 429 1239 Hoc
456 1176 568 1238 toleret
588 1176 765 1256 spostolus,
799 1196 862 1239 non
890 1183 998 1239 eutem
1026 1196 1092 1259 pro·

171 1261 227 1325 hot
246 1266 274 1324 1.
296 1260 434 1322 Corinth.
462 1263 491 1324 6.
515 1259 636 1321 dicens:
668 1259 779 1321 Omnis
807 1259 880 1320 mihi
902 1260 1018 1340 lieent,
1042 1259 1093 1322 nod

171 1362 233 1405 non
257 1345 361 1405 omnia
383 1343 571 1423 expediunt,
603 1343 667 1403 imo
690 1340 763 1403 dioit
779 1342 912 1404 ibidem:
960 1342 1092 1405 Omnino

171 1426 316 1488 delictum
343 1432 392 1487 est
416 1427 595 1503 intervos,
628 1424 711 1505 quod
732 1425 845 1486 indiois
866 1425 1013 1506 hebetior,
1042 1424 1093 1489 sed

171 1516 274 1572 temen
302 1516 428 1589 propter
456 1510 554 1569 maius
583 1508 697 1568 melum
722 1508 870 1569 toleretur
905 1508 971 1571 hoo
994 1510 1092 1571 mines

171 1592 306 1670 malum,
342 1610 436 1652 nese
461 1593 546 1672 ipsos
568 1591 745 1670 vindicent,
768 1598 799 1652 et
819 1592 881 1652 viro
903 1592 986 1654 alter
1009 1592 1093 1654 oloeri

172 1675 285 1753 fooiot,
306 1673 465 1736 reddendo
487 1674 601 1739 malum
622 1692 679 1755 pro
702 1673 801 1752 moto,
823 1680 878 1735 ont
897 1674 1093 1755 reposcendo

173 1777 229 1818 sne
250 1757 346 1834 hona,
384 1765 519 1823 ettnmen
546 1756 625 1819 teles
651 1775 714 1817 non
735 1756 892 1818 intrabunt
911 1759 945 1819 in
967 1777 1093 1840 regnum

174 1841 347 1917 eoelorum,
370 1842 429 1901 nisi
450 1840 562 1900 inerint
583 1840 690 1900 mutati
710 1840 741 1899 in
764 1839 894 1918 meiius,
916 1848 951 1902 et
972 1841 1094 1903 lieentia

174 1923 359 2003 relinquant,
381 1922 540 2003 sequendo
563 1921 774 2001 expedientia,
796 1923 868 2002 qnia
892 1922 1027 1986 effeetus
1047 1923 1094 1985 ille

174 2006 221 2069 sui
241 2005 396 2067 commodi
418 2004 659 2085 exstinguendus
681 2012 738 2065 est.

256 2089 318 2149 Alii
341 2097 427 2167 sunt,
450 2089 586 2168 quinon
608 2089 733 2167 eupiunt
753 2086 938 2166 vindictam,
959 2090 1026 2152 imo
1048 2109 1094 2171 pe

175 2173 232 2233 reti
255 2177 325 2233 sunt
341 2171 525 2253 (seeundum
540 2171 800 2251 evangelium*))
825 2171 948 2232 tollenti
971 2173 1093 2252 pellium

175 2262 207 2316 et
227 2257 361 2316 tunioom
392 2255 485 2332 dere,
514 2260 545 2315 et
571 2273 634 2314 non
668 2255 813 2315 resistunt
839 2253 893 2315 ulli
920 2256 1020 2317 melo.
1061 2255 1094 2317 Hi

175 2345 246 2399 sunt
277 2336 330 2397 filii
352 2338 429 2416 Dei,
465 2339 573 2398 fratres
595 2335 721 2415 Christi,
749 2336 898 2398 haeredes
926 2337 1093 2402 futurorum

175 2421 337 2482 honorum.
380 2420 454 2481 ldeo
476 2425 626 2480 vocantur
646 2420 677 2479 in
702 2419 856 2499 seripturis
880 2420 1026 2500 orphani,
1048 2440 1094 2501 pn·

176 2503 251 2584 pilli,
274 2501 394 2578 viduae,
416 2494 577 2584 paoperes,
600 2521 728 2581 quorum
750 2508 838 2582 pater
860 2508 891 2562 et
906 2502 1006 2564 iudex
1018 2504 1093 2565 Dens

176 2587 279 2648 vocari
301 2586 407 2665 voluit,
430 2606 468 2647 eo
490 2584 574 2666 quod
596 2586 735 2667 seipsos
757 2605 819 2646 non
841 2585 1014 2665 vindicent,
1038 2588 1093 2647 imo

175 2671 202 2730 si
234 2668 444 2749 praesidentes
473 2688 530 2749 pro
558 2669 602 2728 eis
624 2666 780 2729 vindioore
808 2668 925 2746 velint,
955 2671 1009 2731 vel
1039 2688 1093 2730 non

179 2754 305 2831 eupiunt
326 2771 384 2813 neo
406 2757 575 2832 quaerunt,
604 2751 654 2811 vel
677 2750 872 2812 solummodo
905 2753 1093 2830 permittunt,

66 2865 67 2868 ¹
178 2843 247 2911 out,
270 2836 295 2894 ei
317 2836 378 2895 sint
406 2834 638 2915 perfectissimi,
671 2833 837 2913 prohibent
863 2840 894 2894 et
914 2834 1094 2932 impedinnt,

178 2919 280 2998 potius
302 2918 401 2997 parati
423 2917 536 2979 etalio
558 2918 708 2978 omittere.

260 2999 292 3061 Si
314 2999 404 3061 diois:
439 3001 618 3062 Pauoissimi
642 3007 712 3061 sunt
733 2999 828 3076 teles,
850 3005 881 3059 et
903 3000 972 3077 quis
996 3004 1096 3080 posset

177 3084 208 3143 in
229 3082 290 3144 hoe
312 3083 425 3145 mundo
447 3102 638 3164 permanere,
661 3084 686 3143 si
708 3083 768 3143 hoo
789 3081 925 3142 faceret?
960 3083 1095 3164 Respon-

177 3165 257 3226 deo:
291 3166 361 3228 Non
384 3174 431 3228 est
452 3185 566 3228 novum
588 3165 690 3244 hodie,
713 3163 796 3246 quod
815 3165 906 3244 peuoi
930 3165 1095 3233 salvantur,

177 3255 210 3310 et
228 3256 360 3329 anguste
379 3256 469 3329 porta
490 3250 530 3309 sit
551 3267 630 3328 quae
652 3248 736 3309 duoit
757 3246 796 3307 ad
818 3248 931 3327 vitam,
955 3254 988 3309 et
1010 3247 1094 3331 penei

176 3332 337 3392 invenient
364 3352 448 3407 eom,
480 3331 563 3414 quod
591 3333 616 3392 si
644 3332 720 3392 nulli
751 3330 813 3391 hoe
842 3330 1004 3408 iacerent,
1028 3349 1096 3413 quo·

178 3413 273 3476 modo
296 3414 388 3476 stabit
410 3417 577 3498 scriptura,
616 3434 695 3494 quoe
726 3424 892 3495 pauperes,
933 3415 1096 3497 orphanos,

179 3497 312 3580 pupillos
334 3499 482 3579 populum
504 3499 615 3560 Christi
635 3496 796 3580 praedicat
817 3495 861 3580 ¹).

250 3697 265 3728 4

249 3695 282 3836 13
301 3697 397 3823 lhhahthl.
409 3699 471 3823 Jbon.
490 3767 614 3822 oddimm
633 3770 686 3821 est:
708 3765 825 3836 Oportet
842 3779 911 3836 ergo
930 3768 973 3822 sio
991 3769 1062 3825 heri.
