2356 4200
256 310 308 364 pro
326 295 434 351 declar,
446 297 555 351 uitatis
573 292 818 368 indulgentiarum.
873 336 879 346 „
933 293 998 362 289

160 461 222 546 45)
246 463 386 526 Donendi
415 470 485 525 sunt
506 464 685 545 Christiani,
712 465 812 545 qnod,
841 468 891 546 qni
913 464 998 526 videt

76 565 229 626 egenum,
264 554 296 608 et
323 547 467 627 neglecto
495 567 533 610 5ο
561 548 615 609 dat
641 567 697 629 pro
720 549 834 629 veniis,
868 567 930 609 non
952 549 997 608 in-

77 628 254 773 girgptentias
275 648 392 745 papae,
419 630 475 692 sed
497 631 740 714 indignationem
762 632 820 692 Dei
842 631 900 693 sibi
923 651 996 693 ven·

160 758 222 874 216)
247 795 390 859 Dooendi
411 803 482 858 sunt
504 796 682 876 Christiani,
710 796 846 877 qu0o1)
869 798 929 857 nisi
951 816 998 859 su·

76 875 204 958 parflnis
241 877 412 957 abundent,
448 881 623 942 necessaria
660 886 802 942 tenentur
841 879 945 941 domui
959 879 993 954 2)

53 955 338 1104 'mazelinum
376 970 408 1023 et
447 981 640 1080 naquaquam
667 971 795 1044 propter
827 964 934 1024 venias
956 962 998 1023 el·

160 1090 222 1203 47)
246 1127 387 1189 Dooandi
415 1135 486 1189 sunt
507 1128 687 1208 Christiani,
721 1128 803 1208 quod
825 1127 997 1208 redemptio

77 1210 309 1271 veniarumest
328 1210 434 1291 libera,
457 1230 519 1272 non
544 1218 717 1292 praesepta.
996 1281 1000 1287 ,

161 1293 222 1368 48)
244 1293 385 1354 Doeendi
408 1302 479 1354 sunt
500 1294 680 1374 Christiani,
713 1293 795 1374 quod
816 1307 898 1374 papa
911 1294 999 1368 siout

77 1377 179 1457 magis
208 1382 294 1456 eget,
322 1377 367 1437 ita
395 1379 492 1457 magis
526 1384 613 1458 optet
638 1379 669 1437 in
692 1378 787 1438 veniis
810 1376 919 1437 dandis
940 1395 999 1457 pro
1118 1399 1121 1409 ¹

77 1476 113 1519 se
137 1458 284 1519 devotam
306 1460 495 1538 orationem,
517 1478 608 1539 quam
630 1467 804 1540 promptam
824 1460 998 1540 pecuniam.

161 1543 223 1616 49)
248 1541 387 1602 Doaendi
410 1550 482 1602 sunt
502 1542 682 1622 Christiani,
727 1541 791 1603 nod
811 1544 923 1604 veniae
945 1561 997 1623 pa·

77 1642 140 1705 pne
162 1630 236 1685 sunt
252 1624 352 1705 utiles,
374 1625 486 1686 sinon
508 1626 540 1685 in
562 1644 613 1686 aas
628 1563 794 1704 conulent,
816 1625 999 1686 sednooen·

78 1708 229 1785 tissimee,
252 1708 278 1766 si
300 1708 441 1769 timorem
461 1709 521 1769 Dei
541 1727 597 1788 per
619 1728 672 1769 eas
694 1709 844 1770 amittant.

162 1792 219 1865 50)
241 1789 383 1851 Dooendi
417 1797 488 1851 snnt
524 1790 704 1868 Christiani,
738 1790 837 1870 quod,
866 1792 892 1850 si
914 1808 996 1871 papa

78 1879 189 1933 nosset
209 1873 389 1934 exaotiones
412 1873 576 1934 venialium
598 1874 858 1954 praedieatornm,
891 1873 998 1934 mallet

78 1955 240 2025 basilicam
262 1955 293 2016 S.
318 1955 400 2017 Petri
433 1957 465 2016 in
493 1957 611 2018 eineres
639 1959 699 2036 ire,
728 1975 820 2037 qnam
841 1954 997 2017 aedificari

79 2044 160 2117 oute,
180 2056 276 2098 earne
298 2046 330 2098 et
352 2037 476 2106 ossibus
496 2041 600 2100 ovium
621 2059 754 2101 suarum.

163 2124 203 2185 51
218 2119 256 2199 *)
279 2120 420 2182 Doaendi
439 2122 510 2183 sunt
522 2121 694 2200 Christiani,
718 2121 801 2201 quod
816 2140 900 2202 papa
920 2121 1000 2181 siout

80 2201 187 2282 debet,
213 2204 258 2264 ita
278 2203 390 2282 vellet,
413 2206 505 2265 stiam
527 2204 667 2283 vendita,
690 2206 715 2264 si
737 2223 813 2285 opus
826 2206 895 2283 sit,
919 2203 997 2267 basi·

79 2286 140 2346 lina
162 2285 193 2348 S.
217 2287 298 2347 Petri
319 2286 359 2347 de
381 2289 442 2352 suis
464 2289 602 2368 pecuniis
625 2288 698 2348 dare
719 2287 795 2366 illia,
827 2305 997 2366 equorum

79 2369 219 2449 plurimis
246 2368 369 2449 qnidam
398 2372 633 2432 concionatores
655 2371 813 2431 veniarum
835 2371 997 2450 peonniam

82 2451 218 2513 elioiunt.
997 2480 1001 2485 ¹

164 2537 223 2613 52)
247 2534 337 2594 Vana
362 2542 410 2596 est
429 2534 542 2595 liduoia
564 2535 669 2597 salutis
691 2554 747 2616 per
767 2535 871 2596 literas
893 2534 997 2595 venia·

79 2637 162 2696 rum,
196 2618 316 2677 etiamsi
346 2619 588 2698 commissarius,
624 2621 687 2679 imo
715 2638 797 2699 papa
822 2621 890 2698 ipse
911 2635 998 2677 suarn

80 2701 215 2760 animem
236 2718 292 2779 pro
315 2699 376 2760 illis
398 2702 627 2781 impignoraret.

163 2785 222 2857 53]
248 2782 360 2851 Hostes
383 2782 494 2844 Christi
517 2792 549 2844 st
570 2802 669 2865 papae
692 2790 763 2844 sunt
783 2785 813 2860 ii,
836 2783 887 2862 qui
908 2801 998 2862 prop·

80 2871 126 2926 ter
160 2866 268 2925 venias
289 2865 512 2945 praedicandas
533 2867 660 2931 verbnm
681 2867 738 2927 Dei
759 2868 790 2926 in
812 2866 880 2926 aliis
902 2864 999 2925 eoele-

80 2949 132 3008 siis
155 2949 277 3028 penitus
301 2948 393 3009 silere
409 2949 529 3028 jubent.

164 3032 223 3109 54)
247 3031 360 3092 iniuria
381 3030 416 3092 fit
435 3032 530 3093 verbo
553 3033 629 3113 Dei,
652 3031 724 3092 dum
746 3033 777 3091 in
803 3029 915 3092 eodem
937 3049 998 3090 ser·

79 3131 174 3174 mone
208 3114 338 3193 aequale
366 3114 418 3174 vel
446 3115 568 3196 longius
596 3122 718 3196 tempus
740 3113 926 3194 impenditur
947 3132 998 3173 ve-

78 3197 153 3276 niis,
177 3215 268 3275 quam
291 3197 391 3272 illii).

163 3283 222 3356 55)
246 3278 334 3340 Mens
355 3298 457 3360 papae
469 3283 643 3342 necessario
657 3287 713 3360 est,
735 3278 828 3360 quod,
840 3280 865 3338 si
877 3279 998 3356 veniae,

80 3360 165 3441 qnod
186 3363 342 3421 minimum
360 3369 428 3440 est,
464 3382 525 3423 una
547 3383 713 3445 campana,
734 3365 802 3423 unis
823 3361 946 3442 pompis
968 3367 1000 3420 et

79 3445 263 3506 ceremoniis
286 3445 489 3525 celebrantur,
511 3447 714 3528 evangelium,
736 3445 818 3526 quod
833 3445 997 3505 maximnm

132 3649 165 3719 1)
186 3651 218 3702 In
237 3649 279 3702 ed.
294 3649 363 3704 1530
373 3649 463 3702 deest:
484 3651 566 3719 quod.
595 3651 627 3717 2)
647 3649 730 3707 lhid.:
751 3651 835 3705 domi.
861 3649 893 3717 3)
915 3646 996 3704 Ibida

79 3737 162 3791 qnam
182 3722 275 3775 verbis
294 3721 472 3788 evangelicis.
794 3725 796 3727 ’

137 3794 168 3859 ·)
188 3810 213 3844 v.
235 3793 261 3848 d.
279 3791 384 3845 Hardt:
406 3792 418 3844 1
438 3797 488 3846 eto.

109 3885 203 3928 Lutherl
217 3896 268 3935 opp.
283 3886 309 3929 V.
320 3886 350 3927 Δ.
365 3885 541 3928 asternunt
553 3897 577 3938 p.
592 3885 642 3931 Vol.
655 3886 675 3928 1.
758 3888 798 3960 19
