2356 4200
348 276 384 329 ad
404 277 553 332 Monachus
571 278 820 334 lutterboccsnsss.
989 277 1053 344 469
1118 327 1128 343 t

209 442 251 505 Et
272 443 344 524 quid
380 443 442 507 hoo
463 445 593 506 mirum?
625 445 737 508 Nonne
769 454 801 507 et
833 466 890 508 vos
918 450 1058 511 tunicam

126 527 359 589 inconsutilem>
379 534 411 588 et
443 529 594 597 ecclesiae
627 531 774 590 unitatem
810 529 860 592 hic
888 533 1080 612 accepistis·

125 609 157 670 in
181 612 368 672 contrarium
390 612 535 672 sensum?
571 611 632 672 Sed
666 631 721 691 pro
743 618 846 672 vestra
868 614 961 674 stulta
984 617 1049 695 opi·

126 693 231 772 nions,
254 693 320 754 sine
342 712 404 773 quc
427 693 578 755 ecclesiae
601 696 701 755 unitas
723 702 807 755 recte
823 695 933 770 stabit,
955 697 1049 778 legite

125 774 159 836 0.
182 776 332 837 translato
356 776 395 836 de
417 778 636 838 constitutione
669 777 720 839 lib.
744 782 772 841 l.
796 785 827 838 et
849 779 968 858 videte,
1006 800 1045 841 an

125 864 211 919 recte
240 858 283 920 ibi
304 860 390 940 Papa
412 860 485 919 dicit
512 859 718 921 sacerdotium
741 860 852 921 Christi
874 863 912 925 in,
927 862 1049 924 Petrum

127 941 325 1021 translatum,
357 943 440 1020 quod
470 944 630 1022 apostolus
649 944 689 1003 ad
710 943 849 1004 Ebraeos
879 944 919 1005 de
953 964 1050 1006 sacer-

126 1022 214 1085 dotio
237 1025 370 1086 Aaronis
392 1025 598 1087 inchristum
621 1026 703 1087 dicit.

208 1105 268 1168 sed
294 1127 351 1169 vos
379 1127 436 1169 nec
469 1108 572 1190 legitis
607 1109 786 1190 quidquam,
820 1109 916 1170 multo
951 1111 1050 1172 minus
1099 1110 1104 1114 ’

80 1217 82 1231 ·
124 1189 312 1269 intelligitis,
344 1197 376 1251 et
403 1190 504 1251 adhuc
537 1192 674 1253 iudicare
707 1193 799 1252 vultis
830 1192 868 1252 de
891 1192 1049 1271 doctrinis,

124 1271 207 1332 idem
225 1271 264 1334 ds
286 1273 383 1335 libero
405 1273 546 1353 arbitrio,
584 1274 665 1355 quod
701 1275 816 1335 nullum
841 1280 889 1334 est
910 1283 989 1336 teste
1011 1276 1046 1336 B.

106 1355 308 1436 'Augustino
352 1356 422 1417 Non
456 1358 537 1417 enim
570 1364 675 1439 potest
702 1359 760 1418 nisi
790 1357 902 1417 malum
920 1358 1047 1436 ¹facere,

125 1457 280 1517 nunquam
303 1445 404 1500 autem
429 1438 554 1518 bonum,
576 1442 635 1500 nisi
678 1441 754 1500 latia
777 1440 923 1503 adiutum.
964 1441 1048 1521 Ergo

124 1539 160 1582 ss
181 1521 249 1582 solo
281 1541 345 1583 non
380 1527 427 1583 est
448 1522 593 1600 liberum,
615 1461 677 1583 sed
699 1543 820 1583 servum
843 1525 981 1602 peccati,
1017 1531 1050 1584 ut
1113 1527 1125 1545 ⁸

123 1603 285 1685 Augustis.
307 1603 358 1668 lib.
381 1607 410 1669 2.
433 1611 541 1666 contra
562 1606 718 1666 lulianum
740 1605 841 1666 docet.
885 1606 944 1668 Sed
967 1624 1046 1688 rogo

124 1706 192 1765 vos,
216 1687 357 1750 cohibete
379 1689 582 1749 temeritatem
606 1695 759 1768 vestram,
781 1699 820 1748 ac‘
847 1688 984 1750 desistite
1006 1689 1047 1750 ab

124 1769 249 1830 insulsis
271 1773 380 1831 vestris
403 1773 549 1850 somniis,
581 1773 671 1832 nimis
694 1771 770 1831 nihil
791 1773 898 1851 sapitis
920 1774 950 1832 in
974 1772 1047 1833 doc·

125 1853 205 1913 trina
226 1852 408 1914 Christiana.
451 1854 561 1915 Estote
593 1873 650 1934 pro
685 1854 773 1914 vobis
798 1853 1046 1933 Sermooinistae,
1101 1908 1105 1917 .

125 1936 216 1996 sinite
239 1955 296 1996 nos
320 1936 465 1998 doctores
487 1942 613 1998 sanctos
636 1936 751 2017 legere.

207 2017 332 2097 Quinto,
356 2018 437 2098 quod
454 2019 546 2080 Laico
570 2018 694 2080 habenti
717 2018 911 2079 autoritatem
929 2018 1047 2100 (Scrip-

126 2105 230 2176 turas)
254 2101 323 2181 plus
343 2104 383 2162 sit
403 2102 599 2181 credendum,
624 2121 714 2181 quam
726 2103 840 2182 Papae,
864 2120 955 2180 quam
967 2102 1046 2163 Gon-

124 2185 207 2263 cilio,
229 2185 292 2244 imo
311 2204 402 2264 quam
424 2185 595 2246 Ecclesiae.
630 2186 699 2246 Hoc
721 2186 813 2245 etiam
836 2185 969 2245 luristae
991 2184 1045 2246 do,

125 2273 207 2346 cent,
228 2272 262 2327 ut
281 2267 517 2328 Panormitanus
540 2286 566 2329 o.
599 2267 806 2349 significasti:
828 2266 869 2327 Et
896 2267 975 2328 adso
999 2275 1046 2329 est

126 2349 327 2431 catholicum,
361 2357 395 2411 ut
416 2352 604 2432 Augustinus
621 2352 658 2412 in
680 2350 783 2410 multis
808 2350 886 2410 locis
908 2350 968 2411 hoo
988 2369 1048 2430 pro

86 2493 90 2508 ,
125 2432 232 2512 regula
252 2432 366 2494 habeat
387 2433 512 2514 legendi
544 2440 677 2494 autores.
719 2433 785 2493 Nec
805 2432 961 2492 suit-ullus
983 2441 1045 2494 tam

124 2514 233 2577 foedus
256 2516 444 2594 haereticus,
476 2518 527 2597 qui
548 2517 609 2577 hoc
643 2523 787 2597 negaret,
821 2516 879 2575 nisi
900 2517 973 2576 novi
995 2515 1046 2576 isti

125 2597 271 2659 haeretici
313 2601 449 2661 omnium
487 2599 729 2672 ¹temerariissimi
775 2597 1046 2659 lutterboccenses

125 2679 353 2761 Observantini,
378 2684 428 2762 qui
450 2683 551 2744 fronte
570 2702 626 2743 sua
639 2683 811 2744 meretricia
824 2682 1045 2741 sacratissimas

124 2764 248 2825 Patrum
270 2764 436 2844 doctrinas,
459 2785 534 2846 quas
557 2785 712 2844 nunquam
734 2764 891 2844 legerunt,
913 2782 1048 2844 pronun·

99 2852 101 2856 ’
126 2849 210 2908 ciant
230 2848 400 2928 pestiferas,
423 2848 587 2925 absurdas,
615 2848 732 2909 alienas
756 2866 775 2907 a
797 2845 952 2906 catholica
973 2846 1045 2907 doc·

124 2931 214 2991 trina.
255 2929 368 2992 Nonne
399 2931 477 2992 haec
507 2937 556 2992 est
581 2931 612 2991 in
635 2929 779 3010 Spiritum
789 2932 945 2990 ‘sanctum
966 2928 1047 2990 blas·

146 3013 274 3074 hemia?
379 3050 380 3055 κ

125 3032 145 3093 p
209 3094 316 3174 Sexto,
337 3095 411 3175 quid
431 3095 567 3157 Thomas
594 3093 795 3175 praedicarit,
829 3093 952 3171 nescio,
986 3093 1047 3154 nisi

126 3177 210 3257 quod
220 3179 329 3240 iterum
340 3178 431 3240 video
443 3185 576 3240 vestram
591 3178 735 3238 malitiam
749 3175 883 3258 prodere
893 3195 926 3236 se
937 3177 1046 3256 ipsam.

124 3259 296 3342 Namcum
317 3261 369 3322 ille
392 3262 422 3322 in
444 3261 582 3342 generali
603 3260 763 3321 Praelatos
786 3260 934 3339 carpserit
944 3258 1046 3340 Papus

126 3348 158 3404 et
178 3343 369 3424 Episcopos,
402 3344 484 3424 quod
518 3345 622 3422 utique
651 3361 714 3404 non
745 3342 845 3403 solum
866 3341 955 3419 licet,
991 3341 1046 3402 sed

126 3427 219 3487 etiam
241 3425 334 3488 debet
354 3425 438 3504 deri,
466 3427 524 3487 nisi
555 3426 725 3506 §empturas
758 3424 859 3485 velitis
879 3442 994 3504 negare
1016 3429 1048 3485 et
1144 3463 1147 3470 ,

147 3507 300 3583 rohibere‚
322 3508 373 3579 uhi
395 3509 532 3571 Christus
553 3509 645 3587 tures,
666 3508 813 3578 latrones,
834 3507 924 3586 lupos
946 3525 1047 3587 repre·

125 3529 242 3654 hendit.
281 3591 348 3653 Vos
370 3598 471 3654 autem
495 3593 523 3654 ei
545 3592 663 3654 audetis
686 3610 742 3671 pro
765 3590 855 3670 culpa
876 3591 1045 3669 imponere,

125 3673 208 3754 quod
228 3681 302 3736 tunc
321 3680 406 3736 recte
425 3675 587 3755 fecissetis,
610 3676 635 3735 si
656 3674 709 3736 ille
731 3674 864 3753 aliquem
892 3672 1046 3734 nominas-

124 3760 172 3818 set
192 3756 431 3820 individualiter.
465 3758 555 3820 Nuuc
576 3767 680 3840 autem
703 3757 926 3819 detractatores
946 3761 978 3816 st
998 3773 1047 3816 oa·
