2356 4200
422 251 450 308 F.
471 253 596 309 silvestri
615 253 763 308 Priariatis.
988 250 1050 319 363

127 427 194 484 sivo
215 423 310 484 divini
332 423 430 484 cultus
454 429 485 484 at
505 423 752 500 misericordiae,
781 429 816 485 et
834 422 916 502 quod
940 424 1050 487 melius

128 515 191 584 est,
228 506 424 585 benefacere,
457 514 489 566 et
509 508 615 568 venias
645 506 784 585 assequi,
817 524 911 584 quam
940 507 1049 579 horum

126 595 267 652 nentrum
290 591 338 653 vel
362 591 489 651 alterum
512 590 622 651 moliri.
1010 636 1014 645 .
1043 652 1047 659 ,

209 676 259 737 43.
270 676 326 743 44)
341 675 428 736 Mart.
441 673 583 735 Docandi
599 680 671 735 sunt
681 671 867 763 Christiani,
873 669 958 761 fflrod
972 670 1050 735 dans

126 759 254 837 pauperi
275 764 328 818 aut
351 765 491 819 mutuans
514 758 618 837 agenti
647 756 756 819 melius
785 754 877 833 tacit,
890 772 996 834 ,quiam
1023 755 1051 819 si

126 841 233 900 venias
263 840 441 919 redimeret,
475 839 546 919 quia
578 859 633 919 par
663 857 742 918 opus
773 838 909 900 caritatis
941 839 1052 901 arescit

127 924 248 1000 caritas,
271 931 302 985 et
323 923 357 985 fit
378 925 472 985 homo
495 923 623 1001 molior,
644 922 700 983 sed
724 942 779 1001 per
802 921 910 983 venias
931 939 995 983 non
1015 919 1052 987 nt

127 1006 248 1084 melior,
270 1006 324 1067 sed
343 1005 561 1068 tantummodo
582 1025 601 1065 a
622 1025 725 1085 poena
747 1003 883 1069 liberior.

151 1128 154 1132 Α
210 1088 270 1150 Sil.»
290 1089 430 1151 Ducendi
458 1096 528 1151 sunt
558 1089 667 1166 etiam,
699 1087 782 1167 quod
807 1088 857 1166 qni
890 1093 1051 1165 utrumque

126 1179 240 1252 potest,
271 1172 379 1234 melius
411 1180 467 1234 est.
517 1170 657 1234 Docendi
680 1178 751 1233 sunt
774 1171 866 1235 etiarn
889 1168 973 1249 qnod
995 1188 1051 1249 par

127 1256 234 1315 venias
258 1276 321 1317 non
344 1255 378 1317 iit
397 1257 492 1318 bomo
515 1255 625 1317 melior
648 1253 863 1330 essentialiter,
884 1251 920 1317 tit
942 1256 1048 1313 tamen

127 1338 236 1401 molior
258 1341 517 1417 concomitanter,
546 1337 619 1418 qnia
645 1355 774 1416 erogare
803 1337 836 1397 in
865 1355 944 1416 opus
966 1335 1051 1416 pium

126 1427 179 1482 aut
200 1421 277 1481 alias
299 1422 413 1484 bonum
436 1443 493 1502 pro
517 1421 737 1499 asscquntinnc
758 1419 917 1481 veniarum
928 1419 1051 1479 merito·

126 1505 202 1564 riu·
228 1512 285 1583 eat,
308 1505 389 1567 unde
410 1505 521 1567 ceteris
541 1501 664 1584 paribus
682 1502 790 1563 melius
812 1509 860 1564 est
880 1501 955 1563 dare
971 1500 1051 1583 aiae·

127 1607 290 1667 mosynam
312 1590 411 1670 gratia
433 1590 601 1664 veniarum,
624 1605 714 1664 quam
735 1585 836 1664 gratia
854 1585 1051 1664 meririprae·

126 1671 207 1746 cisa,
236 1672 307 1750 quia
329 1671 371 1732 ibi
394 1672 455 1743 duo
480 1672 563 1732 bona
584 1675 669 1740 sunt,
702 1667 822 1729 scilicet
849 1668 991 1729 meritum
1019 1673 1052 1731 ot

125 1752 261 1817 sublatio
282 1755 478 1834 impedientis
501 1773 539 1814 ac
559 1751 742 1815 retardantis
764 1769 784 1811 a
804 1749 918 1830 gioria,
940 1750 971 1810 id
994 1757 1051 1830 est,

124 1842 228 1896 reatus
252 1857 430 1917 pomarum,
452 1838 504 1897 hic
525 1856 599 1896 vero
623 1834 746 1894 unicum
771 1839 826 1892 est.

209 1919 268 2002 ib)
292 1921 379 1982 Mart.
402 1919 542 1982 Docendi
565 1923 637 1979 sunt
669 1912 848 1993 Christiani,
883 1915 966 1994 quod
999 1917 1049 1994 qui

125 2001 210 2061 videt
233 2023 382 2082 egenum,
405 2011 436 2063 et
458 2003 602 2084 neglecto
625 2020 663 2073 eo
685 1998 742 2060 dat
762 2018 817 2078 pro
841 1998 955 2072 veniis,
987 2018 1049 2061 nnn

124 2084 330 2165 indulgentias
357 2107 477 2167 papae,
524 2085 579 2146 sed
614 2079 860 2162 indignationem
900 2081 958 2141 Dei
975 2081 1049 2155 ,sibi

123 2168 276 2229 vendicat.

207 2251 260 2313 Sil.
284 2253 425 2314 Docendi
454 2260 525 2312 sunt
557 2251 651 2311 etiam
673 2248 839 2326 scriptores
871 2246 1048 2325 castigatius

123 2334 272 2413 scribere,
295 2354 385 2414 quam
407 2343 438 2396 tu
461 2336 594 2410 scribas,
617 2332 698 2411 quia,
721 2329 804 2409 qnod
827 2329 952 2405 scribis,
985 2349 1048 2390 non

122 2423 170 2477 est
193 2437 314 2496 verum,
338 2418 388 2478 nbi
411 2421 477 2498 quis
499 2417 618 2499 petenti
640 2413 766 2493 pauperi
788 2418 894 2492 potest
916 2411 1048 2474 eleemo-

123 2520 232 2580 synam
256 2503 322 2563 sinc
335 2510 465 2581 peccato
481 2522 605 2582 negare,
630 2497 713 2580 quod
726 2494 911 2557 creberrima
927 2494 1049 2572 accidit,

122 2600 225 2662 neque
247 2584 297 2645 nbi
320 2591 450 2665 negatur
472 2605 540 2645 curn
563 2587 695 2665 peccato
710 2577 831 2658 quidem
849 2577 972 2655 veniadi,
994 2577 1050 2639 sad

122 2668 190 2726 sine
224 2668 361 2743 mor-tati,
391 2670 461 2746 quia
490 2688 545 2747 pro
574 2669 687 2729 veniali
717 2661 786 2737 solo
815 2681 877 2723 non
906 2660 1051 2723 vendicat

122 2749 180 2809 sibi
203 2750 298 2811 homo
320 2749 562 2831 indignationem
585 2752 658 2829 Dei,
687 2766 757 2813 cunt
781 2744 900 2824 gratiae
922 2751 953 2803 ei
975 2744 1048 2804 eari-

122 2832 178 2892 tati
200 2834 321 2894 veniale
343 2853 405 2893 non
429 2843 589 2914 repugnat,
611 2832 883 2914 etoonsequsnter
903 2845 961 2887 ¹¹⁶0
975 2827 1048 2886 affli-

121 2916 224 2988 citiae,
246 2935 336 2993 quam
359 2916 397 2977 ad
421 2917 517 2977 Deum
539 2918 698 2979 habemus.
794 2960 817 2971 ›-

205 3001 264 3072 46)
297 3000 384 3060 Mart.
407 3000 547 3061 Doccndi
576 3008 646 3062 sunt
668 3001 846 3078 Christiani,
881 2991 1048 3081 quodnisi

122 3080 283 3161 superfluis
315 3081 486 3161 abundent,
515 3083 732 3164 necessumst)
769 3091 911 3147 tenentur
937 3077 1047 3146 domui
1142 3120 1146 3131 ‹

122 3184 197 3224 snae
218 3166 360 3241 retinere,
374 3173 404 3225 et
416 3185 608 3245 nequaquam
622 3175 748 3247 propter
759 3169 865 3229 venia's
878 3167 1048 3232 effunderes

205 3247 258 3307 sit.
291 3248 457 3308 Ducendus
486 3269 519 3309 es
549 3257 582 3309 ot
607 3257 637 3310 tu
667 3249 866 3312 sufficientius
896 3250 1045 3327 dividere,

120 3331 192 3407 qnia
216 3331 394 3410 temporalis
417 3331 575 3392 hominum
599 3333 728 3394 facultas
754 3334 975 3395 insufficienter
1001 3334 1043 3394 dt

121 3413 234 3473 viditur·
256 3433 310 3492 per
332 3415 520 3487 necessaria,
545 3418 714 3495 quaequis
737 3417 840 3478 domni
863 3437 937 3477 suae
960 3425 1043 3478 tana·

120 3505 169 3556 tur
190 3498 332 3574 retinere,
356 3515 435 3574 quae
456 3495 573 3559 scilicet
596 3507 667 3560 sunt
687 3501 867 3579 necessaria,
891 3501 956 3561 sine
978 3502 1041 3580 qni·
1068 3559 1073 3581 ,

127 3669 144 3677 ι-
152 3670 159 3676 .
168 3669 285 3677 .υ-,.---.
292 3669 363 3677 -.v-—

175 3764 206 3832 ⁹)
227 3765 260 3816 ln
277 3764 341 3818 edit
360 3766 498 3834 principe:
525 3768 693 3821 necessario.
