2356 4200
124 284 188 371 310
514 285 670 340 Positiones

125 455 379 535 conflrmantqua,
403 475 464 516 non
488 455 588 516 solum
610 474 665 535 pro
690 455 862 535 haereticis,
884 455 1050 516 sedetiam

126 539 260 601 habendi
284 546 354 599 sunt
375 558 431 618 pro
454 538 686 599 haeresiarchis.

208 621 265 703 37)
290 621 431 683 Docendi
460 629 531 682 suut
559 621 738 699 Christiani,
772 621 855 700 qnod
885 623 1051 702 gignentes

126 725 224 766 novas
247 706 423 784 opiniones,
447 705 619 765 catholicae
642 705 762 764 veritati
786 706 967 784 contrarias,
990 724 1051 784 quo

126 789 240 849 habere
268 789 390 867 possint
418 807 583 866 sequaces,
616 794 647 848 et
668 794 833 867 propterea
855 807 874 847 a
895 789 1051 848 communi

127 874 191 950 via,
226 878 281 930 aut
302 871 427 932 levitate
449 878 502 931 ant
522 871 724 950 perversitate
757 870 934 948 discedunt,
968 870 1052 950 quod

127 975 167 1016 ex
196 952 356 1033 superbia,
391 972 470 1031 qnae
501 955 625 1034 proprie
657 972 744 1014 amor
766 960 814 1014 est
836 953 1053 1030 excellentiae,

126 1038 282 1118 procedit,
315 1037 372 1096 etsi
400 1036 513 1096 nullius
547 1037 725 1116 temporalis
756 1037 857 1116 gratia
882 1036 1052 1097 commodi-

127 1121 198 1183 tatis
229 1125 405 1196 moventnr,
438 1139 494 1198 pro
524 1119 686 1180 haereticis
724 1126 826 1179 tamen
856 1119 924 1178 sine
957 1119 1052 1182 dubio

127 1210 278 1265 tenentur.
869 1266 875 1279 ,

210 1287 268 1359 38)
293 1284 433 1344 Docendi
456 1292 526 1344 sunt
549 1285 724 1362 Christiani,
747 1285 829 1364 qnod
846 1283 1053 1347 adhaerentes

128 1369 342 1449 magistrorum
366 1367 573 1446 opinionibus,
597 1369 758 1429 contrariis
780 1367 953 1428 catholicae
975 1369 1053 1429 veri·

128 1452 193 1530 tati,
213 1449 412 1533 pertinaciter
434 1458 545 1528 errant,
568 1470 605 1510 ac
628 1451 757 1511 errando
779 1457 921 1531 peccant,
944 1450 1052 1512 haere·

130 1535 180 1594 tici
203 1552 327 1613 quoque
350 1532 497 1593 censendi
521 1535 657 1594 veniunt,

211 1615 268 1693 39)
293 1615 434 1676 Docendi
470 1623 541 1676 sunt
561 1616 742 1694 Christiani,
782 1616 864 1696 quod
897 1624 1050 1698 negantes

129 1716 342 1778 quamcunque
366 1700 527 1759 veritatem
550 1699 753 1777 catholicam,
782 1717 861 1778 quae
884 1699 965 1779 apud
989 1718 1055 1761 om:

129 1796 184 1842 nes
207 1781 324 1857 fideles,
347 1800 416 1841 cum
439 1782 548 1860 quibus
571 1789 810 1861 conversantur,
835 1789 980 1861 tanquam
1005 1803 1056 1844 ca·

129 1865 245 1925 thelica
266 1863 454 1944 divulgatur,
477 1872 508 1924 et
530 1885 548 1924 a
571 1864 820 1944 praedicantibus
844 1864 970 1926 verbum
994 1866 1054 1926 Dei

128 1946 251 2029 publice
278 1946 486 2026 praedicatur,
517 1948 548 2007 in
576 1967 680 2009 errore
708 1949 961 2028 suo‘pertiuaces
984 1968 1056 2011 esse

130 2031 278 2090 dicantur.

211 2115 269 2190 40)
293 2112 434 2174 Docendi
463 2120 533 2173 sunt
562 2113 743 2190 Christiani,
783 2113 865 2193 quod
901 2120 1054 2195 negantes

129 2197 336 2274 assertioneS,
359 2215 434 2274 quas
457 2198 556 2257 sciunt
578 2198 608 2256 in
632 2198 780 2275 scriptura
802 2196 907 2257 divina
930 2197 980 2257 vel
1004 2217 1053 2258 ec-

130 2280 243 2339 clasiae
265 2280 414 2339 contineri
437 2271 702 2357 determinatione,
725 2285 796 2339 sunt
817 2281 848 2339 in
861 2280 982 2341 haeresi
998 2300 1055 2341 sna

130 2382 185 2442 pro
209 2361 414 2441 pertinacibus
437 2362 591 2423 censendi.

213 2446 268 2520 41)
291 2443 431 2505 Docendi
453 2453 523 2505 sunt
545 2445 724 2523 Christiani,
755 2444 838 2524 quod
861 2463 948 2504 snum
971 2464 1053 2505 erro-

129 2546 193 2587 rem
216 2545 278 2586 non
302 2528 490 2607 corrigentes
516 2546 576 2588 nec
596 2527 814 2605 emendantes,
845 2529 985 2606 quamvis
1008 2529 1054 2588 eia

129 2611 204 2689 ipsis
227 2629 312 2669 suum
336 2629 469 2670 errorem
494 2611 665 2671 catholicae
687 2612 807 2671 veritati
830 2610 956 2671 obviare
978 2607 1052 2692 legi-

130 2694 204 2753 time
227 2694 265 2752 sit
288 2700 454 2770 ostensum,
477 2714 533 2774 pro
556 2694 790 2754 contumacibus
812 2695 842 2753 in
866 2694 1067 2754 suehaereai·

131 2783 201 2835 sunt
223 2775 379 2836 censendi.

213 2861 271 2934 42)
296 2858 436 2919 Docendi
459 2859 716 2938 suntChristiani,
739 2858 821 2938 quod
839 2858 882 2919 itti
904 2877 961 2938 pro
987 2877 1052 2939 per·

131 2941 280 3002 tinacibns
318 2943 347 3001 in
377 2962 432 3002 suo
456 2961 559 3003 errore
582 2949 652 3001 sunt
673 2940 836 3017 censendi,
873 2944 923 3021 qui
945 2948 1054 3002 contra

130 3023 223 3084 fidem
252 3024 435 3085 catholicam
470 3033 501 3086 et
522 3025 673 3086 ecclesiae
695 3024 985 3086 determinationem
1007 3044 1052 3085 er·

130 3114 232 3168 rantes
255 3108 436 3168 correctioni
461 3114 492 3168 et
513 3107 721 3168 emendationi
742 3107 834 3185 illius,
856 3109 941 3167 cuius
961 3109 1052 3168 inter·

133 3197 189 3268 est,
214 3209 247 3250 se
269 3190 419 3251 subiicere
443 3199 585 3251 recusant
607 3191 827 3269 superbientes.

213 3271 270 3354 43)
295 3273 434 3333 Docendi
457 3281 527 3334 sunt
550 3274 731 3350 Christiani,
768 3273 850 3352 quod
873 3273 1051 3352 reprehensi

131 3355 170 3415 da
191 3357 295 3435 aliquo
317 3363 422 3436 aperte
445 3363 552 3418 contra
575 3356 666 3417 fidem
690 3374 802 3434 errore,
825 3362 1052 3435 renuentesque

132 3439 170 3499 de
198 3440 326 3503 veritate
353 3440 524 3517 informari,
557 3447 628 3500 suut
655 3441 683 3498 in
714 3459 831 3518 errore,
868 3458 905 3499 ac
929 3439 1051 3499 haeresi

142 3522 301 3582 eiusmodi
325 3524 387 3582 suis
408 3541 464 3602 pro
487 3523 693 3602 pertinacibus
719 3521 924 3601 praedicandi.

213 3604 272 3689 44)
294 3605 434 3666 Docendi
456 3613 527 3666 sunt
543 3607 716 3680 Christiani,
739 3605 820 3684 qnod
843 3611 1051 3684 protestantes

130 3689 231 3749 verbis
254 3695 307 3749 aut
327 3688 415 3749 factis
436 3709 490 3749 seu
513 3692 648 3770 scriptis,
677 3690 863 3748 assertiones
886 3707 957 3747 suas
980 3688 1050 3748 hae-

129 3771 272 3834 reticales
293 3790 441 3834 revocare
463 3773 587 3834 minime
609 3772 705 3852 velle,
728 3773 753 3831 si
776 3772 867 3832 etiam
889 3771 952 3851 illi,
976 3789 1050 3852 qno·
