2356 4200
469 303 579 361 ilertini
598 306 718 394 liutheri.
1012 307 1057 378 21

135 472 290 536 Prodebat
316 482 422 538 autem
457 495 561 539 coram
596 498 647 539 me
670 479 834 541 consilium
870 482 972 543 cordis
1004 484 1062 564 sui,

135 557 254 618 dicens:
291 557 490 640 Ollartine,
524 581 583 642 ego
614 562 779 624 credebam
813 570 844 624 te
867 583 936 626 esse
953 585 1059 628 senem

134 642 268 720 aliquem
290 642 490 724 theologum,
523 646 575 724 qui
607 653 680 725 post
698 645 859 706 fornacem
883 647 994 710 sedens
1016 651 1061 712 ita

135 744 237 786 secum
248 725 448 807 disputasset,
466 747 548 788 nuno
558 727 650 789 vid‘eo
663 735 696 789 te
709 749 779 789 esse
791 729 894 789 adhuc
904 732 1060 813 integrum

135 814 236 869 aetate
260 816 293 869 et
315 809 463 872 validum.
507 810 539 872 Si
561 811 709 872 haberem
740 812 901 875 arminia
928 823 1060 879 armato

132 912 212 972 rum,
237 912 303 953 non
325 892 515 954 confiderem
537 900 568 955 te
597 894 734 974 possea
762 914 812 956 me
833 896 965 957 Romam
988 918 1056 978 pen

133 975 215 1054 duci,
245 977 408 1057 exploravi
431 978 513 1036 enim
534 997 591 1057 per
620 983 718 1038 totum
740 979 798 1038 iter
819 980 940 1040 animos
962 980 1057 1042 homi·

132 1079 220 1137 num,
254 1059 329 1139 quid
362 1059 402 1120 de
431 1066 463 1121 ta
490 1061 654 1139 sentirent,
687 1079 778 1140 ecce,
810 1061 862 1123 ubi
884 1082 977 1123 unum
999 1082 1056 1144 pro

133 1161 214 1223 papa
235 1148 319 1203 stare
330 1144 443 1220 inveni,
466 1151 527 1203 tres
539 1163 596 1224 pro
620 1151 650 1204 te
664 1151 772 1204 contra
786 1164 901 1224 papam
923 1145 1057 1208 stabant.

131 1225 209 1286 Illud
231 1244 309 1286 vero
331 1226 493 1286 ridiculum
516 1233 597 1305 erat,
631 1227 848 1306 exploraverat
879 1229 971 1289 etiam
995 1249 1057 1288 mu-

131 1308 274 1369 lierculas
296 1315 331 1370 et
348 1310 484 1391 virgines
505 1311 537 1370 in
559 1310 715 1390 hospitiis,
746 1310 895 1389 quidnam
918 1310 958 1371 de
980 1311 1056 1373 seda

131 1391 274 1452 Romana
294 1393 464 1454 sentirent?
491 1392 567 1454 Illae
589 1400 623 1454 ut
650 1394 777 1473 ignarae
798 1394 887 1455 huius
909 1394 1056 1456 vocabuli

131 1481 161 1534 et
195 1476 306 1536 sellam
348 1475 551 1537 domesticam
596 1477 771 1556 cogitantes
805 1477 1054 1557 respondebantt

133 1557 212 1632 Quid
234 1578 294 1619 nos
317 1560 396 1620 scire
419 1579 598 1644 possumne,
623 1560 731 1638 quales
752 1579 810 1620 vos
822 1560 942 1621 Romae
962 1561 1055 1622 habe·

132 1643 188 1702 atis
210 1642 324 1721 sellas,
345 1643 508 1724 ligneasne
529 1663 569 1703 an
590 1642 761 1723 lapideas‘i'
1029 1646 1034 1650 ’

210 1725 358 1806 Rogabat
378 1727 500 1805 itaque,
522 1733 556 1786 ut
577 1726 771 1787 consulerem
795 1745 848 1805 aa,
871 1745 950 1806 quae
966 1727 1054 1807 pacis

132 1816 251 1888 essent,
275 1827 310 1868 se
332 1827 457 1870 omnem
479 1809 620 1869 daturum
641 1828 786 1890 operam,
814 1816 848 1869 ut
868 1828 950 1890 papa
970 1808 1053 1870 idem

132 1891 256 1952 laceret
298 1891 367 1973 Ego
390 1891 511 1972 prolixe
533 1911 657 1972 qnoque
680 1893 808 1973 promisi
830 1894 951 1971 omnia,
975 1911 1054 1974 quae

133 1974 194 2036 ullo
205 1973 304 2035 modo
312 1975 400 2035 salva
412 1977 603 2036 conscientia
616 1976 754 2036 veritatis
766 1994 908 2055 possem,
929 1995 1052 2058 promp

131 2058 247 2119 tissime
265 2077 368 2118 essem
389 2058 534 2142 facturus,
557 2078 608 2120 me
627 2077 751 2140 quoque
769 2078 838 2119 esse
859 2060 944 2140 pacis
968 2059 1053 2141 cupi-

132 2139 202 2201 dum
225 2147 257 2201 et
269 2141 456 2220 studiosum,
480 2143 597 2222 quiper
618 2144 679 2202 vim
693 2148 807 2203 tractus
829 2143 860 2201 in
870 2142 926 2202 has
948 2142 1052 2204 turbas

131 2225 318 2285 necessitate
340 2224 466 2285 adactus
487 2225 629 2286 fecissem
651 2227 768 2304 omnia,
791 2244 870 2304 quae
891 2225 968 2306 feci,
991 2226 1052 2286 cul-

130 2327 200 2386 pam
222 2328 288 2368 non
310 2326 380 2369 esse
401 2328 512 2369 meam.
1045 2356 1051 2363 .

212 2391 392 2451 Vocaverat
420 2399 522 2452 autem
551 2391 590 2451 ad
618 2411 652 2452 se
673 2392 849 2452 iohannem
870 2391 1051 2471 Tetzelium,

129 2474 346 2553 praedicatorii
369 2474 501 2554 ordinis,
524 2483 663 2535 autorem
685 2476 861 2555 primarium
882 2475 971 2535 huius
993 2481 1051 2535 tra

129 2558 277 2636 goediae,
312 2564 344 2618 et
378 2558 479 2618 verbis
511 2559 663 2638 minisque
695 2557 853 2621 Pontiiiois
883 2559 935 2618 ita
953 2558 1052 2639 fregit

129 2641 288 2701 hominem
310 2641 460 2701 hactenus
483 2641 649 2702 terribilem
666 2643 803 2719 cunctis,
833 2649 865 2701 et
894 2643 1050 2722 imperter-

128 2725 217 2784 ritum
240 2724 457 2802 clamatorem,
480 2724 598 2784 utinde
611 2725 847 2786 contabesceret
868 2732 899 2785 et
922 2724 1047 2786 tandem

128 2807 321 2888 aegritudine
360 2808 454 2867 animi
494 2807 704 2868 conficeretur.
748 2807 848 2883 Quem
884 2827 959 2888 ego,
998 2809 1050 2870 ubi

127 2890 187 2950 hoc
208 2891 336 2969 rescivi,
371 2898 443 2951 ante
472 2891 589 2952 obitum
617 2892 712 2952 literis
735 2891 908 2972 benigniter
928 2893 1048 2973 scriptis

128 2973 307 3034 consolatus
339 2993 422 3052 sum,
456 2993 493 3033 ac
513 2976 588 3034 iussi
610 2975 712 3035 animo
746 2975 828 3035 bono
865 2994 949 3054 esse,
985 2995 1044 3038 nec

127 3059 187 3116 mci
208 3057 391 3117 memoriam
414 3065 578 3136 metueret,
607 3057 662 3118 sed
684 3058 874 3119 conscientia
896 3066 926 3118 et
948 3060 1046 3142 indig-

126 3141 253 3200 natione
276 3159 375 3220 papae
390 3140 470 3200 forte
492 3141 643 3201 occubuit.
1042 3172 1044 3177 ·

207 3223 316 3283 Futilis
338 3222 509 3284 habebatur
531 3223 677 3302 Carolus,
702 3230 733 3284 et
755 3223 840 3286 sutile
863 3227 927 3285 aius
949 3228 1046 3288 consi·

125 3306 215 3384 lium,
239 3305 310 3384 sed,
332 3325 402 3367 meo
425 3307 554 3385 iudicio,
578 3309 603 3367 si
627 3308 823 3388 Moguntinus
846 3328 865 3368 a
885 3311 1046 3392 principio,

125 3408 194 3449 cum
216 3408 237 3447 a
251 3388 546 3467 meadmoneretur,
568 3391 738 3470 deniquesi
760 3410 858 3471 papa,
882 3399 1046 3474 antequam
1082 3445 1087 3456 .

125 3491 174 3531 me
196 3491 261 3532 non
280 3471 416 3531 auditum
440 3472 599 3534 damnaret
632 3482 663 3534 at
685 3474 776 3535 bullis
808 3477 870 3535 suis
902 3479 1045 3554 saeviret,

123 3554 184 3614 hoc
205 3555 363 3634 cepissent
385 3556 562 3634 consilium,
584 3557 668 3636 quod
694 3557 823 3618 Carolus
846 3560 943 3640 oepit,
973 3562 1046 3623 licet

123 3657 202 3716 sero,
225 3644 257 3697 et
270 3638 372 3697 statim
386 3641 656 3718 compescuissent
670 3640 880 3702 Tetaelianum
900 3643 1043 3725 furorem,

123 3739 186 3780 non
210 3720 362 3780 evasisset
384 3740 434 3781 res
456 3723 487 3780 in
510 3730 629 3795 tantum
643 3724 814 3785 tumultum.
858 3725 933 3787 Sola
953 3729 1044 3810 culpa

124 3810 171 3864 eat
189 3803 385 3885 Moguntini,
408 3805 493 3866 cuins
515 3807 667 3886 sapientia
690 3815 722 3870 et
745 3810 857 3872 astutia
870 3829 941 3874 eum
959 3811 1004 3877 tel
1021 3813 1045 3878 l-
