2356 4200
480 306 505 349 ι
524 291 593 351 1516
610 292 707 349 habiti.
989 290 1053 361 133

139 460 204 522 divit
224 479 284 539 me,
307 461 392 523 Deus
414 461 549 524 iustitias
571 480 660 524 meac
682 462 715 524 in
736 463 949 542 tribulatione,
976 464 1050 527 item

138 545 178 605 Pa
199 547 233 610 9:
255 544 403 607 clamavit
425 545 464 607 ad
487 565 537 607 me
559 550 590 605 et
611 564 671 625 ego
693 545 856 608 exaudiam
878 567 957 626 eum,
980 565 1050 607 cum

136 647 207 773 :psope
227 647 297 688 snm
323 630 356 689 in
384 629 593 690 tribulatione.
635 628 725 691 Unde
751 630 890 691 Psalmus
926 634 1050 709 quartus

207 711 413 790 aquomodo
435 711 497 774 boc
517 711 657 773 mirabile
688 714 729 774 sit
755 714 786 774 in
810 712 906 775 oculis
924 713 1052 792 nostris,

135 794 243 875 dicens,
266 796 389 873 scitote,
423 796 570 875 quoniam
593 794 765 857 mirificavit
785 796 936 858 Dominus
965 814 1050 857 sanc

134 884 190 939 tum
213 897 315 958 suurn,
336 878 488 940 Dominus
510 876 655 939 exaudiet
676 897 740 955 me,
774 898 843 941 cum
874 879 1050 939 clamavero

131 960 166 1023 ed
187 981 272 1039 eum,
294 963 383 1041 quasi
405 961 531 1040 diceret,
552 961 614 1023 boo
630 966 677 1023 est
693 962 842 1042 mirabile,
864 960 948 1041 quod
962 980 1049 1022 sanc

131 1051 189 1105 tum
212 1065 304 1106 suum
332 1044 470 1107 tribulari
497 1045 660 1125 permittit,
692 1051 726 1106 ut
754 1045 888 1106 clamare
911 1049 1049 1126 cogatur,

130 1134 159 1190 at
175 1127 228 1190 Ps.
253 1131 333 1192 117:
361 1127 525 1209 Lapidem,
557 1144 648 1205 quem
675 1128 919 1209 reprobaverunt
945 1125 1049 1187 aedifi·

130 1217 243 1290 cantes,
266 1210 366 1272 factus
388 1218 437 1272 est
457 1212 488 1270 iu
511 1217 604 1290 caput
629 1211 750 1292 anguli,
780 1231 800 1271 a
822 1211 956 1273 Domino
990 1209 1050 1271 fac

129 1301 188 1357 nm
210 1294 307 1374 istud,
331 1299 362 1355 et
384 1301 433 1355 est
452 1293 591 1355 mirabile
611 1295 644 1355 iu
667 1294 765 1355 oculis
788 1295 911 1355 nostris.
955 1291 1050 1368 Quili-

128 1376 177 1440 bet
196 1382 341 1438 nostrum
362 1383 411 1437 ast
431 1377 509 1458 lapis
531 1378 630 1454 vivus,
658 1377 859 1457 reprobantes
886 1381 958 1437 sunt
986 1394 1050 1437 om·

127 1480 179 1521 nes
202 1459 430 1537 tribulationes,
464 1478 544 1539 quae
563 1460 665 1540 potius
688 1459 871 1538 aedificant,
905 1457 961 1519 sed
988 1458 1050 1519 hoc

126 1543 303 1605 aDomino
325 1541 361 1603 fit
387 1542 583 1618 mirabiliter,
618 1549 652 1602 ut
681 1542 873 1623 reprobatio,
906 1538 1060 1602 tribuler-⁹

127 1627 201 1687 tium
234 1626 277 1686 sit
303 1624 478 1687 aedificatio
511 1624 658 1706 lapidum.
703 1624 837 1687 Proinde
865 1644 928 1686 uon
956 1623 1050 1685 debet

127 1709 205 1771 ullus
228 1714 357 1789 putare,
392 1708 476 1790 quod
505 1709 602 1789 pestis
624 1708 674 1769 vel
696 1708 758 1770 alia
779 1707 934 1769 tribulatio
957 1724 1048 1785 quae-

126 1811 248 1872 cuuque
270 1792 320 1870 sit,
340 1793 440 1872 magis
462 1810 502 1853 ex
521 1793 568 1853 ira
588 1792 664 1870 Dei,
697 1810 787 1871 quam
810 1810 850 1851 ex
878 1789 1048 1851 misericor·

126 1875 176 1936 dia
196 1875 363 1952 inferatur,
394 1876 458 1936 imo
488 1881 574 1952 patet
594 1873 672 1952 hoo,
701 1872 785 1953 quod
812 1879 860 1935 ost
887 1875 967 1934 sicut
988 1871 1049 1933 alia

124 1977 172 2019 res
194 1956 386 2037 indifferens,
415 1958 513 2037 magis
535 1957 619 2019 valet
640 1955 679 2018 ad
701 1957 825 2018 bonum.
868 1957 940 2036 Ipsa
965 1955 1047 2016 enim

125 2040 218 2103 docet
239 2041 383 2101 homines
403 2040 592 2121 intelligere,
623 2041 702 2100 sicut
721 2039 832 2100 Esaias
862 2038 955 2117 dicit,
983 2044 1048 2097 tau·

125 2123 287 2185 tummodo
310 2125 435 2184 vexatio
458 2123 511 2183 dat
531 2123 721 2186 intellectum
734 2121 859 2197 auditui,
880 2123 950 2201 ipsa
966 2121 1047 2180 enim

125 2207 252 2268 tribulat
273 2213 305 2266 et
325 2207 410 2285 cogit
430 2207 577 2267 invocare
600 2206 709 2266 Deum.
741 2205 816 2266 Ideo
839 2202 948 2265 videns
963 2202 1047 2262 Deus

122 2291 153 2350 in
174 2290 333 2369 prosperis
354 2290 421 2350 sine
442 2285 611 2349 afflictione
639 2307 724 2365 esse,
763 2307 800 2348 ac
832 2307 888 2368 per
919 2286 980 2346 hoo
1000 2286 1044 2365 ip-

125 2393 192 2433 sum
216 2392 281 2433 non
304 2373 458 2449 invocari,
490 2391 548 2432 nec
576 2371 616 2431 ad
646 2372 775 2451 gratiam
803 2369 935 2431 dandam
959 2386 1048 2430 occa·

125 2457 247 2516 sionem
269 2454 399 2533 babere,
432 2474 488 2535 per
516 2460 635 2534 pestem
664 2452 776 2534 affligit
795 2459 829 2514 ut
850 2452 973 2512 afflictis
995 2451 1048 2510 mi-

125 2543 274 2614 sereatur,
298 2556 391 2617 quara
414 2543 537 2618 oportet
558 2557 616 2598 nos
640 2555 709 2597 esse
731 2537 888 2615 sapientes
902 2537 933 2595 in
953 2533 1048 2610 malo,

125 2621 319 2698 itascilicet,
340 2629 373 2680 ut
395 2628 663 2699 quantumcunque
693 2638 863 2699 supernos
891 2616 1046 2692 ceciderit,

125 2702 253 2764 firmiter
279 2709 450 2781 teneamus,
486 2703 568 2784 qnod
590 2703 744 2778 voluntas,
765 2701 902 2778 bonitas,
934 2698 1050 2760 miseri·

126 2786 234 2848 cordia
256 2779 324 2864 Dei,
352 2789 404 2866 qui
425 2768 563 2847 Christus
586 2791 648 2864 est,
682 2790 843 2866 permanet
864 2784 967 2863 quieta
989 2799 1049 2841 nec

127 2875 262 2930 mutatur
284 2872 406 2930 mutatis
429 2870 584 2950 prosperis
614 2868 663 2929 vel
691 2867 837 2928 adversis.
885 2866 943 2941 Qui
973 2882 1047 2943 ergo

127 2973 182 3032 per
202 2952 410 3013 turbationem
429 2953 578 3014 malorum
595 2950 689 3011 fixam
708 2951 926 3030 cogitationem
945 2951 1049 3025 potest

127 3035 243 3096 babere
264 3036 296 3093 in
319 3034 380 3095 fixa
407 3035 546 3096 bonitate
569 3035 644 3111 Dei,
681 3032 731 3093 hic
760 3033 865 3094 omnia
891 3030 975 3090 mala
1001 3047 1048 3088 su-

128 3125 226 3198 perat,
249 3117 327 3177 fides
350 3119 429 3179 cuim
453 3120 534 3195 eius,
567 3136 647 3197 quae
676 3121 723 3177 est
750 3119 963 3197 argumentum
985 3130 1048 3172 non

129 3201 308 3282 apparentis
330 3201 492 3279 bonitatis,
520 3198 768 3277 misericordiae,
801 3197 957 3278 dignitatis
979 3194 1047 3269 Dei,

128 3284 196 3364 ipsa
218 3301 325 3343 secum
353 3285 458 3344 omnia
485 3303 564 3362 quae
596 3282 772 3363 praesentia
806 3288 838 3341 et
869 3278 1050 3359 apparentia

130 3366 212 3426 mala
234 3371 266 3425 et
287 3365 470 3428 abscondita
491 3386 540 3426 res
563 3364 690 3446 fidei.*)
716 3362 903 3426 sicutenim
927 3360 1047 3422 coelum

130 3448 262 3509 nubibus
285 3447 455 3528 obducitur,
478 3449 676 3509 nibilominus
698 3447 883 3507 credituret
898 3445 1050 3524 cogitatur

131 3531 179 3592 sol
200 3533 232 3590 in
257 3550 312 3591 sua
334 3532 474 3592 claritate
498 3551 643 3592 manere:
665 3531 709 3590 ita
731 3548 800 3589 cum
815 3529 898 3589 Deus
920 3528 960 3586 sit
983 3545 1050 3587 sua·
1102 3577 1106 3585 .

130 3615 211 3675 vitas
234 3616 312 3693 ipsa,
335 3615 468 3692 bonitas,
491 3613 711 3692 misericordia,
733 3632 802 3672 cum
819 3611 972 3674 inducitur
993 3611 1049 3686 ira,

186 3805 218 3869 *J
235 3805 339 3854 Sensus
352 3805 401 3854 ln'c
418 3801 514 3854 deficit.
