2356 4200
425 303 451 345 n.
471 285 541 347 1517
558 286 655 344 heliu,
698 229 702 233 '
752 237 760 242 =
946 286 1008 352 195

87 475 199 536 pessos
222 462 269 523 est
289 456 361 521 illos
383 475 453 518 esse
467 458 572 538 dures,
593 457 649 519 sed
664 460 732 539 ipse
750 460 920 538 praecessit
942 477 1007 539 eos,

87 540 222 618 ipsemet
242 539 305 601 dux
328 540 447 601 itineris
472 543 502 606 in
525 542 669 603 uolumus
690 541 778 603 nubis
801 548 833 601 et
853 541 944 623 ignis,
967 560 1007 603 ne

85 623 116 683 in
138 621 271 691 homnis
301 625 353 685 eut
380 641 436 683 suo
468 625 592 704 proprio
614 624 791 704 magisterio
813 623 893 685 ullus
914 622 1008 685 eonfi-

85 703 148 783 dm,
159 703 215 765 sed
225 707 257 766 iu
271 705 328 765 Dei
341 704 573 784 perhominem.
609 706 711 782 Quare
729 705 836 767 desine
849 706 1008 786 superbire

84 785 139 847 sed
161 786 339 849 humiliatus
361 787 425 848 dio:
457 789 572 850 Notum
592 790 642 850 feo
663 789 737 849 mihi
755 789 846 868 viem,
862 788 1005 867 Domine,

83 871 116 933 in
137 889 200 949 qus
220 870 384 948 ambulem,
406 874 478 950 quis
500 872 538 933 nd
560 878 591 935 te
613 879 671 934 eto.
715 870 806 947 Quod
828 878 931 932 eutem
952 871 1005 931 im·

82 953 234 1032 possibile
254 955 295 1014 sit
314 952 434 1014 homiui
455 956 515 1016 iste
534 974 661 1017 munero
679 954 789 1018 offerre
811 956 878 1015 sine
899 954 1007 1035 gretie,
1090 996 1093 1000 -

84 1036 160 1099 setis
182 1034 296 1116 probat
316 1038 517 1117 experientia,
540 1041 611 1118 quis
627 1038 715 1099 multi
728 1034 882 1098 Christum
900 1055 1006 1118 regem

83 1117 279 1198 confitentur,
300 1119 357 1180 sed
378 1138 447 1179 oum
468 1123 605 1202 eoeperit
627 1121 679 1181 ille
700 1139 808 1201 regere
830 1126 861 1180 et
877 1139 1006 1200 regnum

82 1220 172 1261 suum
195 1220 351 1280 exemere,
372 1222 445 1263 mox
464 1204 684 1265 retrocedimus
703 1212 734 1263 et
750 1202 909 1285 negemus.
948 1201 1005 1263 Re·

83 1284 133 1427 giu
156 1285 238 1347 enim
261 1291 309 1345 est
328 1304 453 1366 regere,
484 1293 516 1347 et
537 1287 648 1370 subditi
672 1294 720 1347 est
740 1289 822 1366 regi3
843 1294 875 1347 et
897 1293 1005 1346 contre

125 1388 133 1427 ε
155 1365 229 1427 dum
251 1368 334 1436 enim
356 1375 442 1429 reete
462 1369 551 1431 nobis
573 1370 776 1449 proponimus
799 1368 945 1448 sensilia,
975 1375 1007 1431 et

84 1456 188 1511 tomen
199 1450 285 1511 Deus
306 1450 360 1513 ills
381 1452 518 1532 impedit,
540 1473 615 1514 mox
637 1471 700 1512 non
717 1449 871 1513 Christum
890 1470 1006 1532 regern,

83 1531 140 1593 sed
161 1532 323 1594 diabolum
345 1533 406 1595 hoe
428 1536 529 1615 egisse
552 1535 690 1597 dicimus.
745 1533 824 1608 Quid
860 1534 920 1594 hoe
951 1553 1002 1595 ou-

82 1623 146 1684 tem
173 1615 256 1680 eliud
291 1623 352 1695 est,
386 1636 477 1696 qnam
511 1618 632 1679 Christo
659 1636 764 1677 nurum
794 1623 825 1677 et
852 1635 1001 1677 eoronam

83 1698 188 1777 potins
198 1698 318 1760 auferre
328 1718 420 1778 quern
433 1699 565 1761 offerre?
590 1699 682 1761 Tales
693 1700 797 1779 itaque
811 1699 922 1760 multos
934 1699 1007 1761 lieet

82 1779 206 1860 videre,
227 1782 279 1860 qui
300 1781 427 1862 pulchre
449 1785 565 1845 ornatis
587 1782 688 1844 verbis
711 1783 830 1842 dieunt:
872 1781 1005 1844 Domine

84 1863 170 1942 lesu,
194 1883 250 1924 rex
271 1883 356 1926 meus
380 1871 458 1944 esto,
477 1866 532 1927 tibi
555 1867 658 1927 omnis
680 1867 856 1943 committo,
877 1861 932 1925 liet
953 1883 1005 1927 vo·

81 1946 185 2007 luntss
207 1954 239 2008 et
261 1948 424 2009 eonsilium
453 1958 554 2026 tuum3
587 1955 618 2009 et
639 1967 712 2020 enee
742 1949 889 2007 morietur
918 1965 1004 2026 uxor,

81 2026 179 2108 filius,
202 2037 310 2109 pereat
330 2030 517 2110 substantia,
540 2033 644 2100 stetim
665 2037 766 2090 oessnt
787 2029 932 2108 Christus
947 2043 1005 2091 rex

82 2111 177 2173 eredi.
218 2112 279 2173 Ubi
300 2120 372 2173 tuno
395 2134 450 2174 rex
470 2114 562 2175 tuus?
604 2115 716 2175 Nonne
737 2120 832 2194 petet,
854 2112 937 2191 quod
951 2132 1005 2173 ore

82 2195 185 2255 solum
206 2195 289 2256 fuisti
310 2216 415 2276 regem
430 2198 600 2272 confessus,
612 2216 675 2256 non
689 2195 783 2256 eorde
800 2214 900 2274 neque
917 2195 1003 2255 vita?

83 2277 204 2338 Eodem
228 2278 321 2340 modo
343 2287 375 2340 et
393 2281 493 2340 Deum
521 2279 724 2357 confitentur,
757 2278 858 2338 donee
891 2297 1005 2339 nomen

83 2361 213 2438 hobent3
248 2369 383 2422 osterum
406 2364 431 2422 si
454 2366 498 2423 eis
519 2364 653 2424 aufertur
674 2381 803 2440 nomeu,
832 2368 904 2420 tuno
933 2381 1004 2443 eog-

84 2450 261 2522 uoseuntur,
276 2445 358 2523 quod
381 2466 495 2507 nomen
518 2466 605 2506 suum
628 2445 798 2523 uoluerunt,
821 2452 852 2504 et
874 2444 931 2504 sibi
954 2445 1005 2504 tri-

84 2526 232 2603 buerunt,
266 2547 329 2588 non
352 2529 437 2608 Deo,
462 2531 518 2589 nisi
542 2530 647 2608 lingue
669 2534 796 2588 tentum.
840 2526 880 2586 Et
901 2534 1004 2591 tomen

83 2608 225 2670 eudimus
247 2629 301 2670 eos
320 2610 442 2673 dicere:
479 2613 562 2672 Deus
581 2611 730 2691 propitius
749 2619 816 2670 esto
840 2610 912 2669 mihi
933 2628 1003 2689 peo-

83 2694 190 2756 oetori.
233 2692 301 2754 Hoc
330 2695 574 2774 vulgatissimum
598 2694 739 2772 verbum,
766 2693 820 2753 sed
849 2693 1003 2752 rarissime

82 2775 178 2836 eorde
200 2776 370 2856 probatum.
414 2777 445 2838 Si
469 2779 549 2838 onim
573 2776 683 2837 affeetu
706 2795 779 2836 vero
801 2776 861 2835 hoe
876 2775 1003 2836 verbum

82 2857 216 2935 diceros,
239 2878 277 2919 eo
299 2861 367 2939 ipso
390 2862 495 2920 omnis
515 2867 645 2940 pecnnia
667 2868 718 2918 tus
740 2858 867 2918 dimissa
889 2865 1002 2919 essent.

82 2940 134 3002 sie
154 2941 321 3020 publicano
345 2943 471 3002 dimissu
485 2945 607 3003 luerunt
619 2941 729 3001 eodem
745 2939 849 3002 verbo.
883 2940 1003 3001 Eodem

82 3023 177 3084 modo
202 3043 334 3099 oremus,
358 3026 564 3087 sanctificetur
587 3043 702 3085 nomen
725 3031 824 3101 tuum,
847 3031 878 3083 et
899 3030 1002 3083 temen

81 3107 226 3167 nolumus
248 3107 446 3185 sanctificari,
470 3111 541 3187 quie
569 3107 713 3168 nolumus
736 3113 873 3166 nostrum
895 3106 1002 3186 pollui.

45 3198 49 3205 “
82 3190 246 3266 Cnuimus,
276 3191 409 3251 Domine
435 3193 516 3252 Deus
547 3199 668 3268 noster,
697 3210 789 3269 quem
823 3188 1003 3251 admirabile

82 3280 131 3334 est
151 3292 266 3339 nomeu
289 3281 373 3333 tuum
392 3276 424 3334 in
446 3277 589 3334 universo
609 3264 698 3351 terre,
717 3272 799 3352 quod
818 3279 920 3332 tamen
937 3271 1003 3332 lieri

81 3376 144 3416 non
166 3362 280 3435 potest,
303 3357 361 3416 nisi
383 3357 459 3416 illud
477 3357 525 3417 Ps.
546 3360 574 3420 9.
591 3356 673 3435 prius
687 3355 859 3434 impleatur,
881 3355 1003 3416 Nomen

82 3459 189 3499 eorum
223 3438 364 3499 delevisti
394 3441 424 3498 in
458 3446 626 3500 aeternum,
680 3437 853 3499 Secundum
888 3458 1002 3499 nomen

81 3527 185 3581 eutem
207 3541 311 3581 sumus
325 3529 378 3582 eut
393 3530 502 3582 nature
516 3521 597 3597 mali,
621 3520 714 3597 stulti,
737 3521 838 3599 impii3
861 3540 914 3580 our
927 3540 1001 3601 ergo

81 3623 195 3664 nomen
219 3604 380 3682 bonitatis,
402 3607 588 3685 sapientise,
619 3604 789 3662 sanctitatis
811 3603 1001 3663 vindicamus

82 3686 187 3764 nobis,
210 3706 289 3765 quae
318 3688 377 3747 Dei
405 3689 500 3748 solius
531 3686 622 3747 sunt?
670 3685 748 3745 Nam
780 3686 858 3747 siout
885 3688 918 3750 B.
941 3687 1001 3745 Au-

80 3770 220 3850 gostinus
244 3769 383 3830 meditari
405 3772 500 3850 solet,
529 3773 554 3832 si
580 3768 695 3830 bonum
725 3770 756 3828 in
779 3770 933 3831 abstracto
956 3788 1002 3832 se·

729 3869 793 3943 13*
