<?xml version="1.0" encoding="UTF-8"?>
<!DOCTYPE html PUBLIC "-//W3C//DTD XHTML 1.0 Transitional//EN"
    "http://www.w3.org/TR/xhtml1/DTD/xhtml1-transitional.dtd">
<html xmlns="http://www.w3.org/1999/xhtml" xml:lang="en" lang="en">
 <head>
  <title>
</title>
<meta http-equiv="Content-Type" content="text/html;charset=utf-8" />
  <meta name='ocr-system' content='tesseract 3.04.00' />
  <meta name='ocr-capabilities' content='ocr_page ocr_carea ocr_par ocr_line ocrx_word'/>
</head>
<body>
  <div class='ocr_page' id='page_1' title='image "./dmartinilutheri01luthgoog_0016.png"; bbox 0 0 2356 4200; ppageno 0'>
   <div class='ocr_carea' id='block_1_1' title="bbox 414 290 1016 359">
    <p class='ocr_par' dir='ltr' id='par_1_1' title="bbox 414 290 1016 359">
     <span class='ocr_line' id='line_1_1' title="bbox 414 290 1016 359; baseline 0.005 -14"><span class='ocrx_word' id='word_1_1' title='bbox 414 290 520 345; x_wconf 83' lang='lat' dir='ltr'>Nicolsi</span> <span class='ocrx_word' id='word_1_2' title='bbox 542 290 699 346; x_wconf 78' lang='lat' dir='ltr'>Amadorlli.</span> <span class='ocrx_word' id='word_1_3' title='bbox 996 294 1016 359; x_wconf 80' lang='grc'>5</span> 
     </span>
    </p>
   </div>
   <div class='ocr_carea' id='block_1_2' title="bbox 84 460 1017 2705">
    <p class='ocr_par' dir='ltr' id='par_1_2' title="bbox 84 460 1017 691">
     <span class='ocr_line' id='line_1_2' title="bbox 84 460 1015 544; baseline 0.004 -24"><span class='ocrx_word' id='word_1_4' title='bbox 84 480 150 520; x_wconf 88' lang='lat' dir='ltr'>rum</span> <span class='ocrx_word' id='word_1_5' title='bbox 174 460 236 521; x_wconf 87' lang='lat' dir='ltr'>iam</span> <span class='ocrx_word' id='word_1_6' title='bbox 250 482 345 544; x_wconf 81' lang='lat' dir='ltr'>saepe</span> <span class='ocrx_word' id='word_1_7' title='bbox 369 460 649 539; x_wconf 85' lang='lat' dir='ltr'>mentiofactaest,</span> <span class='ocrx_word' id='word_1_8' title='bbox 672 469 817 522; x_wconf 89' lang='lat' dir='ltr'>accurata</span> <span class='ocrx_word' id='word_1_9' title='bbox 841 469 1015 544; x_wconf 89' lang='lat' dir='ltr'>temporum</span> 
     </span>
     <span class='ocr_line' id='line_1_3' title="bbox 85 544 1017 627; baseline 0.004 -23"><span class='ocrx_word' id='word_1_10' title='bbox 85 545 248 605; x_wconf 86' lang='lat' dir='ltr'>notatione</span> <span class='ocrx_word' id='word_1_11' title='bbox 270 546 417 626; x_wconf 87' lang='lat' dir='ltr'>adhibita,</span> <span class='ocrx_word' id='word_1_12' title='bbox 439 547 559 627; x_wconf 80' lang='lat' dir='ltr'><strong>integre</strong></span> <span class='ocrx_word' id='word_1_13' title='bbox 572 553 603 607; x_wconf 92' lang='lat' dir='ltr'>et</span> <span class='ocrx_word' id='word_1_14' title='bbox 614 544 772 622; x_wconf 89' lang='lat' dir='ltr'>inviolate,</span> <span class='ocrx_word' id='word_1_15' title='bbox 795 565 832 604; x_wconf 89' lang='lat' dir='ltr'>ae</span> <span class='ocrx_word' id='word_1_16' title='bbox 845 547 954 626; x_wconf 91' lang='lat' dir='ltr'>procul</span> <span class='ocrx_word' id='word_1_17' title='bbox 968 568 1017 617; x_wconf 62' lang='lat' dir='ltr'>re,</span> 
     </span>
     <span class='ocr_line' id='line_1_4' title="bbox 85 626 780 691; baseline 0.001 -4"><span class='ocrx_word' id='word_1_18' title='bbox 85 628 179 688; x_wconf 86' lang='lat' dir='ltr'>motis</span> <span class='ocrx_word' id='word_1_19' title='bbox 202 627 334 691; x_wconf 92' lang='lat' dir='ltr'>aliorum</span> <span class='ocrx_word' id='word_1_20' title='bbox 357 630 586 690; x_wconf 85' lang='lat' dir='ltr'>commentariis</span> <span class='ocrx_word' id='word_1_21' title='bbox 608 626 780 688; x_wconf 82' lang='lat' dir='ltr'>ederentur.</span> 
     </span>
    </p>

    <p class='ocr_par' dir='ltr' id='par_1_3' title="bbox 84 710 1014 2022">
     <span class='ocr_line' id='line_1_5' title="bbox 168 710 1014 791; baseline 0.002 -20"><span class='ocrx_word' id='word_1_22' title='bbox 168 711 260 773; x_wconf 88' lang='lat' dir='ltr'>Hunc</span> <span class='ocrx_word' id='word_1_23' title='bbox 299 713 437 774; x_wconf 91' lang='lat' dir='ltr'>laborem</span> <span class='ocrx_word' id='word_1_24' title='bbox 471 711 553 772; x_wconf 88' lang='lat' dir='ltr'>haud</span> <span class='ocrx_word' id='word_1_25' title='bbox 588 711 679 771; x_wconf 87' lang='lat' dir='ltr'>dubie</span> <span class='ocrx_word' id='word_1_26' title='bbox 715 710 782 771; x_wconf 90' lang='lat' dir='ltr'>Deo</span> <span class='ocrx_word' id='word_1_27' title='bbox 823 719 942 791; x_wconf 89' lang='lat' dir='ltr'>gratum</span> <span class='ocrx_word' id='word_1_28' title='bbox 983 720 1014 773; x_wconf 87' lang='lat' dir='ltr'>et</span> 
     </span>
     <span class='ocr_line' id='line_1_6' title="bbox 84 792 1012 874; baseline -0.001 -18"><span class='ocrx_word' id='word_1_29' title='bbox 84 795 240 856; x_wconf 85' lang='lat' dir='ltr'>ecclesiae</span> <span class='ocrx_word' id='word_1_30' title='bbox 272 794 438 857; x_wconf 86' lang='lat' dir='ltr'>salutarem</span> <span class='ocrx_word' id='word_1_31' title='bbox 470 803 574 856; x_wconf 82' lang='lat' dir='ltr'>vestre</span> <span class='ocrx_word' id='word_1_32' title='bbox 602 792 760 854; x_wconf 86' lang='lat' dir='ltr'>Celsitudo</span> <span class='ocrx_word' id='word_1_33' title='bbox 789 802 862 874; x_wconf 89' lang='lat' dir='ltr'>post</span> <span class='ocrx_word' id='word_1_34' title='bbox 895 795 1012 856; x_wconf 88' lang='lat' dir='ltr'>obitum</span> 
     </span>
     <span class='ocr_line' id='line_1_7' title="bbox 84 876 1013 957; baseline 0.002 -19"><span class='ocrx_word' id='word_1_35' title='bbox 84 879 184 939; x_wconf 85' lang='lat' dir='ltr'>Patris</span> <span class='ocrx_word' id='word_1_36' title='bbox 218 878 364 940; x_wconf 78' lang='lat' dir='ltr'>laudatae</span> <span class='ocrx_word' id='word_1_37' title='bbox 391 881 559 940; x_wconf 89' lang='lat' dir='ltr'>memoriae</span> <span class='ocrx_word' id='word_1_38' title='bbox 586 878 700 937; x_wconf 84' lang='lat' dir='ltr'>eximia</span> <span class='ocrx_word' id='word_1_39' title='bbox 732 876 865 956; x_wconf 87' lang='lat' dir='ltr'>quadam</span> <span class='ocrx_word' id='word_1_40' title='bbox 897 879 1013 957; x_wconf 90' lang='lat' dir='ltr'>pietate</span> 
     </span>
     <span class='ocr_line' id='line_1_8' title="bbox 85 958 1011 1042; baseline -0.003 -20"><span class='ocrx_word' id='word_1_41' title='bbox 85 962 233 1041; x_wconf 88' lang='lat' dir='ltr'>provehit</span> <span class='ocrx_word' id='word_1_42' title='bbox 254 972 286 1023; x_wconf 87' lang='lat' dir='ltr'>et</span> <span class='ocrx_word' id='word_1_43' title='bbox 308 970 407 1042; x_wconf 91' lang='lat' dir='ltr'>ornat,</span> <span class='ocrx_word' id='word_1_44' title='bbox 430 960 459 1023; x_wconf 92' lang='lat' dir='ltr'>id</span> <span class='ocrx_word' id='word_1_45' title='bbox 479 960 561 1042; x_wconf 88' lang='lat' dir='ltr'>quod</span> <span class='ocrx_word' id='word_1_46' title='bbox 585 958 778 1021; x_wconf 89' lang='lat' dir='ltr'>confirmatio</span> <span class='ocrx_word' id='word_1_47' title='bbox 800 959 952 1040; x_wconf 90' lang='lat' dir='ltr'>privilegii</span> <span class='ocrx_word' id='word_1_48' title='bbox 968 961 1011 1026; x_wconf 74' lang='lat' dir='ltr'>la</span> 
     </span>
     <span class='ocr_line' id='line_1_9' title="bbox 85 1044 1011 1125; baseline 0 -21"><span class='ocrx_word' id='word_1_49' title='bbox 85 1045 164 1125; x_wconf 88' lang='lat' dir='ltr'>cide,</span> <span class='ocrx_word' id='word_1_50' title='bbox 190 1064 254 1106; x_wconf 92' lang='lat' dir='ltr'>non</span> <span class='ocrx_word' id='word_1_51' title='bbox 273 1045 403 1107; x_wconf 78' lang='lat' dir='ltr'>obscure</span> <span class='ocrx_word' id='word_1_52' title='bbox 418 1052 555 1106; x_wconf 89' lang='lat' dir='ltr'>testatur.</span> <span class='ocrx_word' id='word_1_53' title='bbox 598 1044 696 1104; x_wconf 90' lang='lat' dir='ltr'>Deum</span> <span class='ocrx_word' id='word_1_54' title='bbox 711 1046 871 1103; x_wconf 87' lang='lat' dir='ltr'>aeternum</span> <span class='ocrx_word' id='word_1_55' title='bbox 893 1047 1011 1122; x_wconf 87' lang='lat' dir='ltr'>patrem</span> 
     </span>
     <span class='ocr_line' id='line_1_10' title="bbox 85 1125 1010 1205; baseline -0.002 -17"><span class='ocrx_word' id='word_1_56' title='bbox 85 1128 262 1190; x_wconf 84' lang='lat' dir='ltr'>liberatoris</span> <span class='ocrx_word' id='word_1_57' title='bbox 293 1131 390 1190; x_wconf 87' lang='lat' dir='ltr'>nostri</span> <span class='ocrx_word' id='word_1_58' title='bbox 411 1128 487 1191; x_wconf 88' lang='lat' dir='ltr'>Jesu</span> <span class='ocrx_word' id='word_1_59' title='bbox 510 1127 622 1188; x_wconf 84' lang='lat' dir='ltr'>Christi</span> <span class='ocrx_word' id='word_1_60' title='bbox 644 1125 860 1186; x_wconf 86' lang='lat' dir='ltr'>ardentissima</span> <span class='ocrx_word' id='word_1_61' title='bbox 881 1127 1010 1205; x_wconf 89' lang='lat' dir='ltr'>precati-</span> 
     </span>
     <span class='ocr_line' id='line_1_11' title="bbox 85 1209 1013 1292; baseline -0.001 -21"><span class='ocrx_word' id='word_1_62' title='bbox 85 1232 147 1271; x_wconf 91' lang='lat' dir='ltr'>one</span> <span class='ocrx_word' id='word_1_63' title='bbox 172 1231 246 1292; x_wconf 91' lang='lat' dir='ltr'>oro,</span> <span class='ocrx_word' id='word_1_64' title='bbox 269 1219 302 1272; x_wconf 91' lang='lat' dir='ltr'>ut</span> <span class='ocrx_word' id='word_1_65' title='bbox 322 1211 500 1273; x_wconf 88' lang='lat' dir='ltr'>inchoatum</span> <span class='ocrx_word' id='word_1_66' title='bbox 526 1229 603 1290; x_wconf 90' lang='lat' dir='ltr'>opus</span> <span class='ocrx_word' id='word_1_67' title='bbox 636 1216 764 1291; x_wconf 89' lang='lat' dir='ltr'>propter</span> <span class='ocrx_word' id='word_1_68' title='bbox 783 1229 868 1269; x_wconf 86' lang='lat' dir='ltr'>suam</span> <span class='ocrx_word' id='word_1_69' title='bbox 893 1216 923 1269; x_wconf 92' lang='lat' dir='ltr'>et</span> <span class='ocrx_word' id='word_1_70' title='bbox 945 1209 1013 1270; x_wconf 86' lang='lat' dir='ltr'>Filii</span> 
     </span>
     <span class='ocr_line' id='line_1_12' title="bbox 85 1292 1013 1376; baseline -0.003 -20"><span class='ocrx_word' id='word_1_71' title='bbox 85 1295 219 1376; x_wconf 83' lang='lat' dir='ltr'>gloriam</span> <span class='ocrx_word' id='word_1_72' title='bbox 243 1294 394 1376; x_wconf 87' lang='lat' dir='ltr'>perficiat,</span> <span class='ocrx_word' id='word_1_73' title='bbox 417 1302 448 1354; x_wconf 90' lang='lat' dir='ltr'>et</span> <span class='ocrx_word' id='word_1_74' title='bbox 470 1293 508 1354; x_wconf 88' lang='lat' dir='ltr'>ad</span> <span class='ocrx_word' id='word_1_75' title='bbox 532 1293 651 1373; x_wconf 82' lang='lat' dir='ltr'>felicem</span> <span class='ocrx_word' id='word_1_76' title='bbox 667 1293 782 1352; x_wconf 89' lang='lat' dir='ltr'>exitum</span> <span class='ocrx_word' id='word_1_77' title='bbox 804 1292 962 1372; x_wconf 89' lang='lat' dir='ltr'>perducat,</span> <span class='ocrx_word' id='word_1_78' title='bbox 982 1300 1013 1353; x_wconf 87' lang='lat' dir='ltr'>et</span> 
     </span>
     <span class='ocr_line' id='line_1_13' title="bbox 85 1372 1011 1458; baseline -0.002 -20"><span class='ocrx_word' id='word_1_79' title='bbox 85 1397 198 1439; x_wconf 92' lang='lat' dir='ltr'>omnes</span> <span class='ocrx_word' id='word_1_80' title='bbox 222 1382 351 1439; x_wconf 87' lang='lat' dir='ltr'>conatus</span> <span class='ocrx_word' id='word_1_81' title='bbox 373 1386 507 1444; x_wconf 17' lang='lat' dir='ltr'>satanae,</span> <span class='ocrx_word' id='word_1_82' title='bbox 524 1383 556 1439; x_wconf 90' lang='lat' dir='ltr'>et</span> <span class='ocrx_word' id='word_1_83' title='bbox 567 1372 757 1458; x_wconf 79' lang='lat' dir='ltr'>organorum</span> <span class='ocrx_word' id='word_1_84' title='bbox 776 1377 840 1455; x_wconf 89' lang='lat' dir='ltr'>ejus</span> <span class='ocrx_word' id='word_1_85' title='bbox 856 1376 1011 1455; x_wconf 88' lang='lat' dir='ltr'>reprimat,</span> 
     </span>
     <span class='ocr_line' id='line_1_14' title="bbox 86 1457 1010 1541; baseline -0.002 -21"><span class='ocrx_word' id='word_1_86' title='bbox 86 1463 137 1541; x_wconf 86' lang='lat' dir='ltr'>qni</span> <span class='ocrx_word' id='word_1_87' title='bbox 162 1482 232 1522; x_wconf 87' lang='lat' dir='ltr'>eam</span> <span class='ocrx_word' id='word_1_88' title='bbox 256 1466 370 1522; x_wconf 88' lang='lat' dir='ltr'>metam</span> <span class='ocrx_word' id='word_1_89' title='bbox 392 1461 592 1540; x_wconf 90' lang='lat' dir='ltr'>prospiciunt,</span> <span class='ocrx_word' id='word_1_90' title='bbox 615 1467 648 1519; x_wconf 93' lang='lat' dir='ltr'>ut</span> <span class='ocrx_word' id='word_1_91' title='bbox 659 1459 720 1519; x_wconf 90' lang='lat' dir='ltr'>hcc</span> <span class='ocrx_word' id='word_1_92' title='bbox 743 1457 929 1519; x_wconf 85' lang='lat' dir='ltr'>mellificium</span> <span class='ocrx_word' id='word_1_93' title='bbox 952 1466 1010 1519; x_wconf 88' lang='lat' dir='ltr'>tur-</span> 
     </span>
     <span class='ocr_line' id='line_1_15' title="bbox 86 1538 1010 1625; baseline -0.002 -20"><span class='ocrx_word' id='word_1_94' title='bbox 86 1546 177 1606; x_wconf 90' lang='lat' dir='ltr'>betur</span> <span class='ocrx_word' id='word_1_95' title='bbox 203 1552 297 1624; x_wconf 87' lang='lat' dir='ltr'>atque</span> <span class='ocrx_word' id='word_1_96' title='bbox 323 1542 519 1625; x_wconf 84' lang='lat' dir='ltr'>impediatur.</span> <span class='ocrx_word' id='word_1_97' title='bbox 563 1538 671 1622; x_wconf 83' lang='lat' dir='ltr'>Neque</span> <span class='ocrx_word' id='word_1_98' title='bbox 696 1562 771 1620; x_wconf 80' lang='lat' dir='ltr'>vero</span> <span class='ocrx_word' id='word_1_99' title='bbox 800 1541 924 1602; x_wconf 90' lang='lat' dir='ltr'>dubium</span> <span class='ocrx_word' id='word_1_100' title='bbox 954 1549 1010 1623; x_wconf 88' lang='lat' dir='ltr'>est,</span> 
     </span>
     <span class='ocr_line' id='line_1_16' title="bbox 87 1624 1011 1707; baseline -0.002 -19"><span class='ocrx_word' id='word_1_101' title='bbox 87 1648 198 1689; x_wconf 90' lang='lat' dir='ltr'>omnes</span> <span class='ocrx_word' id='word_1_102' title='bbox 221 1628 291 1707; x_wconf 87' lang='lat' dir='ltr'>pios</span> <span class='ocrx_word' id='word_1_103' title='bbox 313 1634 381 1688; x_wconf 90' lang='lat' dir='ltr'>toto</span> <span class='ocrx_word' id='word_1_104' title='bbox 405 1626 479 1688; x_wconf 88' lang='lat' dir='ltr'>orbe</span> <span class='ocrx_word' id='word_1_105' title='bbox 502 1633 650 1687; x_wconf 91' lang='lat' dir='ltr'>terrarum</span> <span class='ocrx_word' id='word_1_106' title='bbox 673 1624 780 1685; x_wconf 87' lang='lat' dir='ltr'>eadem</span> <span class='ocrx_word' id='word_1_107' title='bbox 804 1633 878 1686; x_wconf 88' lang='lat' dir='ltr'>vota</span> <span class='ocrx_word' id='word_1_108' title='bbox 899 1627 1011 1704; x_wconf 87' lang='lat' dir='ltr'>facere,</span> 
     </span>
     <span class='ocr_line' id='line_1_17' title="bbox 86 1708 1011 1792; baseline -0.002 -21"><span class='ocrx_word' id='word_1_109' title='bbox 86 1713 263 1792; x_wconf 86' lang='lat' dir='ltr'>cogitantes</span> <span class='ocrx_word' id='word_1_110' title='bbox 285 1709 486 1771; x_wconf 88' lang='lat' dir='ltr'>demiranda</span> <span class='ocrx_word' id='word_1_111' title='bbox 513 1710 730 1790; x_wconf 83' lang='lat' dir='ltr'>repurgatione</span> <span class='ocrx_word' id='word_1_112' title='bbox 758 1708 917 1769; x_wconf 90' lang='lat' dir='ltr'>doctrinae</span> <span class='ocrx_word' id='word_1_113' title='bbox 940 1710 1011 1769; x_wconf 92' lang='lat' dir='ltr'>divi-</span> 
     </span>
     <span class='ocr_line' id='line_1_18' title="bbox 87 1792 1012 1875; baseline -0.002 -20"><span class='ocrx_word' id='word_1_114' title='bbox 87 1796 169 1855; x_wconf 91' lang='lat' dir='ltr'>nitus</span> <span class='ocrx_word' id='word_1_115' title='bbox 192 1795 275 1854; x_wconf 85' lang='lat' dir='ltr'>facta</span> <span class='ocrx_word' id='word_1_116' title='bbox 300 1813 357 1875; x_wconf 91' lang='lat' dir='ltr'>per</span> <span class='ocrx_word' id='word_1_117' title='bbox 378 1792 592 1854; x_wconf 83' lang='lat' dir='ltr'>Reverendum</span> <span class='ocrx_word' id='word_1_118' title='bbox 623 1793 720 1852; x_wconf 92' lang='lat' dir='ltr'>virum</span> <span class='ocrx_word' id='word_1_119' title='bbox 741 1792 907 1853; x_wconf 90' lang='lat' dir='ltr'>Doctorem</span> <span class='ocrx_word' id='word_1_120' title='bbox 935 1793 1012 1853; x_wconf 87' lang='lat' dir='ltr'>Mar·</span> 
     </span>
     <span class='ocr_line' id='line_1_19' title="bbox 86 1874 1013 1956; baseline -0.001 -18"><span class='ocrx_word' id='word_1_121' title='bbox 86 1880 184 1938; x_wconf 89' lang='lat' dir='ltr'>tinum</span> <span class='ocrx_word' id='word_1_122' title='bbox 198 1877 375 1953; x_wconf 87' lang='lat' dir='ltr'>Lutherum,</span> <span class='ocrx_word' id='word_1_123' title='bbox 399 1876 484 1936; x_wconf 89' lang='lat' dir='ltr'>etde</span> <span class='ocrx_word' id='word_1_124' title='bbox 506 1874 675 1937; x_wconf 77' lang='lat' dir='ltr'>antichristi</span> <span class='ocrx_word' id='word_1_125' title='bbox 691 1875 910 1956; x_wconf 77' lang='lat' dir='ltr'>patefactione,</span> <span class='ocrx_word' id='word_1_126' title='bbox 934 1896 1013 1955; x_wconf 89' lang='lat' dir='ltr'>quae</span> 
     </span>
     <span class='ocr_line' id='line_1_20' title="bbox 87 1958 939 2022; baseline -0.002 0"><span class='ocrx_word' id='word_1_127' title='bbox 87 1982 136 2022; x_wconf 87' lang='lat' dir='ltr'>res</span> <span class='ocrx_word' id='word_1_128' title='bbox 162 1960 306 2022; x_wconf 86' lang='lat' dir='ltr'>omnibus</span> <span class='ocrx_word' id='word_1_129' title='bbox 327 1961 408 2020; x_wconf 91' lang='lat' dir='ltr'>inter</span> <span class='ocrx_word' id='word_1_130' title='bbox 431 1979 552 2020; x_wconf 90' lang='lat' dir='ltr'>summa</span> <span class='ocrx_word' id='word_1_131' title='bbox 574 1958 657 2019; x_wconf 91' lang='lat' dir='ltr'>bona</span> <span class='ocrx_word' id='word_1_132' title='bbox 679 1958 838 2019; x_wconf 87' lang='lat' dir='ltr'>ducendae</span> <span class='ocrx_word' id='word_1_133' title='bbox 859 1967 939 2021; x_wconf 85' lang='lat' dir='ltr'>sunt.</span> 
     </span>
    </p>

    <p class='ocr_par' dir='ltr' id='par_1_4' title="bbox 87 2041 1013 2208">
     <span class='ocr_line' id='line_1_21' title="bbox 171 2041 1012 2121; baseline -0.001 -18"><span class='ocrx_word' id='word_1_134' title='bbox 171 2043 329 2104; x_wconf 89' lang='lat' dir='ltr'>Hactenus</span> <span class='ocrx_word' id='word_1_135' title='bbox 352 2042 391 2104; x_wconf 90' lang='lat' dir='ltr'>de</span> <span class='ocrx_word' id='word_1_136' title='bbox 415 2044 515 2103; x_wconf 89' lang='lat' dir='ltr'>causis</span> <span class='ocrx_word' id='word_1_137' title='bbox 538 2041 683 2103; x_wconf 88' lang='lat' dir='ltr'>editionis</span> <span class='ocrx_word' id='word_1_138' title='bbox 705 2041 841 2102; x_wconf 88' lang='lat' dir='ltr'>breviter</span> <span class='ocrx_word' id='word_1_139' title='bbox 863 2042 942 2121; x_wconf 85' lang='lat' dir='ltr'>dixi,</span> <span class='ocrx_word' id='word_1_140' title='bbox 967 2061 1012 2102; x_wconf 88' lang='lat' dir='ltr'>se-</span> 
     </span>
     <span class='ocr_line' id='line_1_22' title="bbox 87 2125 1013 2208; baseline 0 -22"><span class='ocrx_word' id='word_1_141' title='bbox 87 2128 206 2207; x_wconf 89' lang='lat' dir='ltr'>quitur,</span> <span class='ocrx_word' id='word_1_142' title='bbox 240 2133 274 2186; x_wconf 89' lang='lat' dir='ltr'>ut</span> <span class='ocrx_word' id='word_1_143' title='bbox 302 2126 341 2187; x_wconf 89' lang='lat' dir='ltr'>de</span> <span class='ocrx_word' id='word_1_144' title='bbox 363 2132 544 2208; x_wconf 87' lang='lat' dir='ltr'>argumento</span> <span class='ocrx_word' id='word_1_145' title='bbox 568 2125 656 2207; x_wconf 91' lang='lat' dir='ltr'>primi</span> <span class='ocrx_word' id='word_1_146' title='bbox 685 2127 760 2184; x_wconf 92' lang='lat' dir='ltr'>tomi</span> <span class='ocrx_word' id='word_1_147' title='bbox 781 2143 881 2205; x_wconf 89' lang='lat' dir='ltr'>pauca</span> <span class='ocrx_word' id='word_1_148' title='bbox 903 2125 1013 2186; x_wconf 89' lang='lat' dir='ltr'>dicam.</span> 
     </span>
    </p>

    <p class='ocr_par' dir='ltr' id='par_1_5' title="bbox 87 2207 1014 2705">
     <span class='ocr_line' id='line_1_23' title="bbox 171 2207 1014 2291; baseline -0.002 -21"><span class='ocrx_word' id='word_1_149' title='bbox 171 2210 258 2270; x_wconf 82' lang='lat' dir='ltr'>Sciat</span> <span class='ocrx_word' id='word_1_150' title='bbox 278 2210 371 2291; x_wconf 88' lang='lat' dir='ltr'>igitur</span> <span class='ocrx_word' id='word_1_151' title='bbox 393 2210 492 2269; x_wconf 89' lang='lat' dir='ltr'>lector</span> <span class='ocrx_word' id='word_1_152' title='bbox 520 2210 550 2268; x_wconf 91' lang='lat' dir='ltr'>in</span> <span class='ocrx_word' id='word_1_153' title='bbox 572 2209 632 2269; x_wconf 91' lang='lat' dir='ltr'>hoc</span> <span class='ocrx_word' id='word_1_154' title='bbox 655 2217 740 2269; x_wconf 91' lang='lat' dir='ltr'>tomo</span> <span class='ocrx_word' id='word_1_155' title='bbox 770 2207 913 2267; x_wconf 92' lang='lat' dir='ltr'>librorum</span> <span class='ocrx_word' id='word_1_156' title='bbox 935 2208 1014 2268; x_wconf 90' lang='lat' dir='ltr'>Doc-</span> 
     </span>
     <span class='ocr_line' id='line_1_24' title="bbox 89 2291 1013 2372; baseline -0.001 -20"><span class='ocrx_word' id='word_1_157' title='bbox 89 2295 164 2354; x_wconf 89' lang='lat' dir='ltr'>toris</span> <span class='ocrx_word' id='word_1_158' title='bbox 187 2293 324 2369; x_wconf 89' lang='lat' dir='ltr'>Lutheri,</span> <span class='ocrx_word' id='word_1_159' title='bbox 348 2312 426 2372; x_wconf 89' lang='lat' dir='ltr'>quos</span> <span class='ocrx_word' id='word_1_160' title='bbox 450 2291 505 2352; x_wconf 92' lang='lat' dir='ltr'>sub</span> <span class='ocrx_word' id='word_1_161' title='bbox 528 2292 644 2352; x_wconf 91' lang='lat' dir='ltr'>initium</span> <span class='ocrx_word' id='word_1_162' title='bbox 669 2292 909 2369; x_wconf 90' lang='lat' dir='ltr'>controversiae,</span> <span class='ocrx_word' id='word_1_163' title='bbox 931 2310 1013 2351; x_wconf 89' lang='lat' dir='ltr'>anno</span> 
     </span>
     <span class='ocr_line' id='line_1_25' title="bbox 89 2374 1013 2456; baseline -0.004 -18"><span class='ocrx_word' id='word_1_164' title='bbox 89 2381 135 2440; x_wconf 81' lang='lat'>17.</span> <span class='ocrx_word' id='word_1_165' title='bbox 165 2379 213 2441; x_wconf 81' lang='lat'>18.</span> <span class='ocrx_word' id='word_1_166' title='bbox 237 2377 287 2438; x_wconf 84' lang='lat'>19.</span> <span class='ocrx_word' id='word_1_167' title='bbox 310 2378 359 2438; x_wconf 77' lang='lat'>20.</span> <span class='ocrx_word' id='word_1_168' title='bbox 384 2378 433 2437; x_wconf 86' lang='lat'>21.</span> <span class='ocrx_word' id='word_1_169' title='bbox 458 2374 566 2456; x_wconf 86' lang='lat' dir='ltr'>edidit,</span> <span class='ocrx_word' id='word_1_170' title='bbox 589 2376 709 2435; x_wconf 88' lang='lat' dir='ltr'>recitari</span> <span class='ocrx_word' id='word_1_171' title='bbox 731 2375 906 2452; x_wconf 78' lang='lat' dir='ltr'>historiam,</span> <span class='ocrx_word' id='word_1_172' title='bbox 934 2393 1013 2452; x_wconf 93' lang='lat' dir='ltr'>qnae</span> 
     </span>
     <span class='ocr_line' id='line_1_26' title="bbox 87 2456 1011 2539; baseline -0.002 -21"><span class='ocrx_word' id='word_1_173' title='bbox 87 2459 189 2538; x_wconf 88' lang='lat' dir='ltr'>docet,</span> <span class='ocrx_word' id='word_1_174' title='bbox 214 2458 318 2539; x_wconf 90' lang='lat' dir='ltr'>qualia</span> <span class='ocrx_word' id='word_1_175' title='bbox 337 2459 450 2518; x_wconf 86' lang='lat' dir='ltr'>fuerint</span> <span class='ocrx_word' id='word_1_176' title='bbox 465 2459 552 2519; x_wconf 91' lang='lat' dir='ltr'>initia</span> <span class='ocrx_word' id='word_1_177' title='bbox 564 2466 595 2520; x_wconf 89' lang='lat' dir='ltr'>et</span> <span class='ocrx_word' id='word_1_178' title='bbox 606 2458 840 2539; x_wconf 84' lang='lat' dir='ltr'>progressiones</span> <span class='ocrx_word' id='word_1_179' title='bbox 854 2456 1011 2537; x_wconf 89' lang='lat' dir='ltr'>disputati-</span> 
     </span>
     <span class='ocr_line' id='line_1_27' title="bbox 88 2540 1013 2622; baseline -0.003 -19"><span class='ocrx_word' id='word_1_180' title='bbox 88 2563 181 2603; x_wconf 92' lang='lat' dir='ltr'>onum</span> <span class='ocrx_word' id='word_1_181' title='bbox 206 2541 245 2602; x_wconf 92' lang='lat' dir='ltr'>de</span> <span class='ocrx_word' id='word_1_182' title='bbox 268 2542 434 2622; x_wconf 88' lang='lat' dir='ltr'>religione,</span> <span class='ocrx_word' id='word_1_183' title='bbox 464 2561 543 2621; x_wconf 90' lang='lat' dir='ltr'>quae</span> <span class='ocrx_word' id='word_1_184' title='bbox 572 2561 665 2602; x_wconf 89' lang='lat' dir='ltr'>causa</span> <span class='ocrx_word' id='word_1_185' title='bbox 686 2541 849 2600; x_wconf 91' lang='lat' dir='ltr'>Lutherum</span> <span class='ocrx_word' id='word_1_186' title='bbox 873 2540 911 2600; x_wconf 90' lang='lat' dir='ltr'>ad</span> <span class='ocrx_word' id='word_1_187' title='bbox 936 2541 1013 2600; x_wconf 87' lang='lat' dir='ltr'>haec</span> 
     </span>
     <span class='ocr_line' id='line_1_28' title="bbox 88 2623 1011 2705; baseline -0.002 -19"><span class='ocrx_word' id='word_1_188' title='bbox 88 2627 259 2686; x_wconf 87' lang='lat' dir='ltr'>certamina</span> <span class='ocrx_word' id='word_1_189' title='bbox 276 2624 441 2705; x_wconf 89' lang='lat' dir='ltr'>impulerit,</span> <span class='ocrx_word' id='word_1_190' title='bbox 465 2631 495 2684; x_wconf 89' lang='lat' dir='ltr'>ct</span> <span class='ocrx_word' id='word_1_191' title='bbox 517 2625 599 2704; x_wconf 88' lang='lat' dir='ltr'>quod</span> <span class='ocrx_word' id='word_1_192' title='bbox 622 2625 675 2683; x_wconf 84' lang='lat' dir='ltr'>lux</span> <span class='ocrx_word' id='word_1_193' title='bbox 688 2625 810 2704; x_wconf 89' lang='lat' dir='ltr'>spiritus</span> <span class='ocrx_word' id='word_1_194' title='bbox 833 2625 929 2684; x_wconf 89' lang='lat' dir='ltr'>sancti</span> <span class='ocrx_word' id='word_1_195' title='bbox 944 2623 1011 2684; x_wconf 88' lang='lat' dir='ltr'>snb-</span> 
     </span>
    </p>
   </div>
   <div class='ocr_carea' id='block_1_3' title="bbox 49 2706 1104 2786">
    <p class='ocr_par' dir='ltr' id='par_1_6' title="bbox 49 2706 1104 2786">
     <span class='ocr_line' id='line_1_29' title="bbox 49 2706 1104 2786; baseline 0 -18"><span class='ocrx_word' id='word_1_196' title='bbox 49 2735 51 2738; x_wconf 46' lang='lat'>&gt;</span> <span class='ocrx_word' id='word_1_197' title='bbox 87 2708 159 2770; x_wconf 85' lang='lat' dir='ltr'>i&#39;nde</span> <span class='ocrx_word' id='word_1_198' title='bbox 191 2708 304 2768; x_wconf 87' lang='lat' dir='ltr'>clarior</span> <span class='ocrx_word' id='word_1_199' title='bbox 338 2715 368 2768; x_wconf 91' lang='lat' dir='ltr'>et</span> <span class='ocrx_word' id='word_1_200' title='bbox 397 2706 513 2768; x_wconf 89' lang='lat' dir='ltr'>firmior</span> <span class='ocrx_word' id='word_1_201' title='bbox 539 2710 569 2767; x_wconf 90' lang='lat' dir='ltr'>in</span> <span class='ocrx_word' id='word_1_202' title='bbox 601 2714 703 2768; x_wconf 89' lang='lat' dir='ltr'>mente</span> <span class='ocrx_word' id='word_1_203' title='bbox 736 2709 831 2786; x_wconf 88' lang='lat' dir='ltr'>ipsius</span> <span class='ocrx_word' id='word_1_204' title='bbox 861 2707 941 2767; x_wconf 89' lang='lat' dir='ltr'>lacta</span> <span class='ocrx_word' id='word_1_205' title='bbox 962 2709 1010 2784; x_wconf 89' lang='lat' dir='ltr'>sit,</span> <span class='ocrx_word' id='word_1_206' title='bbox 1102 2764 1104 2768; x_wconf 76' lang='grc'><strong>,</strong></span> 
     </span>
    </p>
   </div>
   <div class='ocr_carea' id='block_1_4' title="bbox 87 2790 1011 3374">
    <p class='ocr_par' dir='ltr' id='par_1_7' title="bbox 87 2790 1011 3184">
     <span class='ocr_line' id='line_1_30' title="bbox 87 2790 1011 2872; baseline -0.002 -20"><span class='ocrx_word' id='word_1_207' title='bbox 87 2795 175 2872; x_wconf 88' lang='lat' dir='ltr'>item,</span> <span class='ocrx_word' id='word_1_208' title='bbox 203 2790 286 2872; x_wconf 90' lang='lat' dir='ltr'>quod</span> <span class='ocrx_word' id='word_1_209' title='bbox 309 2790 478 2852; x_wconf 90' lang='lat' dir='ltr'>adversarii</span> <span class='ocrx_word' id='word_1_210' title='bbox 508 2790 683 2851; x_wconf 81' lang='lat' dir='ltr'>fulminibus</span> <span class='ocrx_word' id='word_1_211' title='bbox 712 2792 890 2850; x_wconf 79' lang='lat' dir='ltr'>iniustorum</span> <span class='ocrx_word' id='word_1_212' title='bbox 914 2791 1011 2850; x_wconf 91' lang='lat' dir='ltr'>crimi-</span> 
     </span>
     <span class='ocr_line' id='line_1_31' title="bbox 87 2873 1009 2952; baseline 0 -18"><span class='ocrx_word' id='word_1_213' title='bbox 87 2877 264 2952; x_wconf 89' lang='lat' dir='ltr'>nationum,</span> <span class='ocrx_word' id='word_1_214' title='bbox 288 2881 318 2934; x_wconf 89' lang='lat' dir='ltr'>et</span> <span class='ocrx_word' id='word_1_215' title='bbox 340 2874 633 2936; x_wconf 91' lang='lat' dir='ltr'>condemnationum</span> <span class='ocrx_word' id='word_1_216' title='bbox 656 2873 788 2935; x_wconf 89' lang='lat' dir='ltr'>Lutherc</span> <span class='ocrx_word' id='word_1_217' title='bbox 813 2876 1009 2935; x_wconf 86' lang='lat' dir='ltr'>occasionem</span> 
     </span>
     <span class='ocr_line' id='line_1_32' title="bbox 87 2955 1010 3038; baseline 0.002 -20"><span class='ocrx_word' id='word_1_218' title='bbox 87 2958 285 3037; x_wconf 88' lang='lat' dir='ltr'>praebuerint</span> <span class='ocrx_word' id='word_1_219' title='bbox 319 2955 490 3017; x_wconf 86' lang='lat' dir='ltr'>accuratius</span> <span class='ocrx_word' id='word_1_220' title='bbox 526 2957 680 3018; x_wconf 90' lang='lat' dir='ltr'>scrutandi</span> <span class='ocrx_word' id='word_1_221' title='bbox 709 2959 892 3038; x_wconf 80' lang='lat' dir='ltr'>scriptume,</span> <span class='ocrx_word' id='word_1_222' title='bbox 931 2978 1010 3038; x_wconf 90' lang='lat' dir='ltr'>quae</span> 
     </span>
     <span class='ocr_line' id='line_1_33' title="bbox 87 3041 1010 3104; baseline 0.002 -3"><span class='ocrx_word' id='word_1_223' title='bbox 87 3042 175 3102; x_wconf 86' lang='lat' dir='ltr'>solae</span> <span class='ocrx_word' id='word_1_224' title='bbox 198 3046 270 3101; x_wconf 93' lang='lat' dir='ltr'>sunt</span> <span class='ocrx_word' id='word_1_225' title='bbox 292 3042 522 3101; x_wconf 87' lang='lat' dir='ltr'>monstratrioes</span> <span class='ocrx_word' id='word_1_226' title='bbox 553 3047 583 3101; x_wconf 90' lang='lat' dir='ltr'>et</span> <span class='ocrx_word' id='word_1_227' title='bbox 604 3047 699 3101; x_wconf 89' lang='lat' dir='ltr'>testes</span> <span class='ocrx_word' id='word_1_228' title='bbox 723 3042 847 3101; x_wconf 90' lang='lat' dir='ltr'>minime</span> <span class='ocrx_word' id='word_1_229' title='bbox 868 3041 1010 3104; x_wconf 90' lang='lat' dir='ltr'>fallentes</span> 
     </span>
     <span class='ocr_line' id='line_1_34' title="bbox 88 3125 235 3184; baseline -0.007 0"><span class='ocrx_word' id='word_1_230' title='bbox 88 3125 235 3184; x_wconf 89' lang='lat' dir='ltr'>veritatis.</span> 
     </span>
    </p>

    <p class='ocr_par' dir='ltr' id='par_1_8' title="bbox 87 3207 1008 3374">
     <span class='ocr_line' id='line_1_35' title="bbox 170 3207 1008 3288; baseline 0.002 -20"><span class='ocrx_word' id='word_1_231' title='bbox 170 3207 212 3268; x_wconf 89' lang='lat' dir='ltr'>Ut</span> <span class='ocrx_word' id='word_1_232' title='bbox 234 3212 336 3267; x_wconf 90' lang='lat' dir='ltr'>autem</span> <span class='ocrx_word' id='word_1_233' title='bbox 359 3213 425 3268; x_wconf 85' lang='lat' dir='ltr'>tcta</span> <span class='ocrx_word' id='word_1_234' title='bbox 447 3227 540 3268; x_wconf 87' lang='lat' dir='ltr'>causa</span> <span class='ocrx_word' id='word_1_235' title='bbox 561 3207 649 3269; x_wconf 86' lang='lat' dir='ltr'>fieret</span> <span class='ocrx_word' id='word_1_236' title='bbox 675 3210 870 3288; x_wconf 90' lang='lat' dir='ltr'>conspectior</span> <span class='ocrx_word' id='word_1_237' title='bbox 893 3215 923 3270; x_wconf 90' lang='lat' dir='ltr'>et</span> <span class='ocrx_word' id='word_1_238' title='bbox 943 3210 1008 3270; x_wconf 93' lang='lat' dir='ltr'>illu-</span> 
     </span>
     <span class='ocr_line' id='line_1_36' title="bbox 87 3289 1007 3374; baseline 0.004 -24"><span class='ocrx_word' id='word_1_239' title='bbox 87 3293 188 3367; x_wconf 89' lang='lat' dir='ltr'>strior,</span> <span class='ocrx_word' id='word_1_240' title='bbox 211 3289 333 3370; x_wconf 89' lang='lat' dir='ltr'>quidam</span> <span class='ocrx_word' id='word_1_241' title='bbox 352 3290 525 3351; x_wconf 74' lang='lat' dir='ltr'>Germanici</span> <span class='ocrx_word' id='word_1_242' title='bbox 543 3291 638 3352; x_wconf 90' lang='lat' dir='ltr'>libelli</span> <span class='ocrx_word' id='word_1_243' title='bbox 661 3293 690 3351; x_wconf 91' lang='lat' dir='ltr'>in</span> <span class='ocrx_word' id='word_1_244' title='bbox 714 3291 855 3352; x_wconf 88' lang='lat' dir='ltr'>Latinam</span> <span class='ocrx_word' id='word_1_245' title='bbox 873 3294 1007 3374; x_wconf 90' lang='lat' dir='ltr'>linguam</span> 
     </span>
    </p>
   </div>
   <div class='ocr_carea' id='block_1_5' title="bbox 88 3373 1116 3455">
    <p class='ocr_par' dir='ltr' id='par_1_9' title="bbox 88 3373 1116 3455">
     <span class='ocr_line' id='line_1_37' title="bbox 88 3373 1116 3455; baseline 0.003 -21"><span class='ocrx_word' id='word_1_246' title='bbox 88 3373 229 3434; x_wconf 86' lang='lat' dir='ltr'>translati</span> <span class='ocrx_word' id='word_1_247' title='bbox 252 3380 331 3450; x_wconf 88' lang='lat' dir='ltr'>sunt,</span> <span class='ocrx_word' id='word_1_248' title='bbox 355 3380 386 3433; x_wconf 92' lang='lat' dir='ltr'>et</span> <span class='ocrx_word' id='word_1_249' title='bbox 406 3381 532 3455; x_wconf 89' lang='lat' dir='ltr'>propter</span> <span class='ocrx_word' id='word_1_250' title='bbox 553 3375 712 3435; x_wconf 89' lang='lat' dir='ltr'>historiam</span> <span class='ocrx_word' id='word_1_251' title='bbox 732 3376 881 3437; x_wconf 91' lang='lat' dir='ltr'>nonnulla</span> <span class='ocrx_word' id='word_1_252' title='bbox 903 3377 1008 3437; x_wconf 88' lang='lat' dir='ltr'>adver·</span> <span class='ocrx_word' id='word_1_253' title='bbox 1111 3389 1116 3399; x_wconf 89' lang='grc'><strong>’</strong></span> 
     </span>
    </p>
   </div>
   <div class='ocr_carea' id='block_1_6' title="bbox 87 3456 1009 3872">
    <p class='ocr_par' dir='ltr' id='par_1_10' title="bbox 87 3456 1009 3872">
     <span class='ocr_line' id='line_1_38' title="bbox 87 3456 1009 3537; baseline 0.003 -19"><span class='ocrx_word' id='word_1_254' title='bbox 87 3458 238 3518; x_wconf 84' lang='lat' dir='ltr'>sariorum</span> <span class='ocrx_word' id='word_1_255' title='bbox 253 3456 366 3537; x_wconf 87' lang='lat' dir='ltr'>scripta</span> <span class='ocrx_word' id='word_1_256' title='bbox 387 3457 458 3517; x_wconf 93' lang='lat' dir='ltr'>hnic</span> <span class='ocrx_word' id='word_1_257' title='bbox 480 3463 565 3519; x_wconf 91' lang='lat' dir='ltr'>tomo</span> <span class='ocrx_word' id='word_1_258' title='bbox 580 3459 745 3519; x_wconf 86' lang='lat' dir='ltr'>intertexta</span> <span class='ocrx_word' id='word_1_259' title='bbox 758 3468 837 3520; x_wconf 86' lang='lat' dir='ltr'>sunt.</span> <span class='ocrx_word' id='word_1_260' title='bbox 875 3461 1009 3522; x_wconf 90' lang='lat' dir='ltr'>Proinde</span> 
     </span>
     <span class='ocr_line' id='line_1_39' title="bbox 87 3540 1007 3623; baseline 0.007 -24"><span class='ocrx_word' id='word_1_261' title='bbox 87 3544 154 3622; x_wconf 88' lang='lat' dir='ltr'>pius</span> <span class='ocrx_word' id='word_1_262' title='bbox 183 3540 283 3600; x_wconf 90' lang='lat' dir='ltr'>lector</span> <span class='ocrx_word' id='word_1_263' title='bbox 311 3559 349 3599; x_wconf 90' lang='lat' dir='ltr'>ex</span> <span class='ocrx_word' id='word_1_264' title='bbox 380 3541 478 3620; x_wconf 90' lang='lat' dir='ltr'>primo</span> <span class='ocrx_word' id='word_1_265' title='bbox 515 3548 600 3602; x_wconf 88' lang='lat' dir='ltr'>tomo</span> <span class='ocrx_word' id='word_1_266' title='bbox 632 3551 818 3623; x_wconf 88' lang='lat' dir='ltr'>cognoscet,</span> <span class='ocrx_word' id='word_1_267' title='bbox 850 3544 1007 3623; x_wconf 86' lang='lat' dir='ltr'>quomodo</span> 
     </span>
     <span class='ocr_line' id='line_1_40' title="bbox 88 3624 1008 3707; baseline 0 -22"><span class='ocrx_word' id='word_1_268' title='bbox 88 3624 235 3704; x_wconf 90' lang='lat' dir='ltr'>paulatim</span> <span class='ocrx_word' id='word_1_269' title='bbox 260 3625 427 3684; x_wconf 87' lang='lat' dir='ltr'>certamina</span> <span class='ocrx_word' id='word_1_270' title='bbox 441 3624 479 3684; x_wconf 90' lang='lat' dir='ltr'>de</span> <span class='ocrx_word' id='word_1_271' title='bbox 502 3624 697 3706; x_wconf 87' lang='lat' dir='ltr'>dogmatibus</span> <span class='ocrx_word' id='word_1_272' title='bbox 715 3627 876 3706; x_wconf 88' lang='lat' dir='ltr'>creverint,</span> <span class='ocrx_word' id='word_1_273' title='bbox 899 3627 1008 3707; x_wconf 88' lang='lat' dir='ltr'>quibus</span> 
     </span>
     <span class='ocr_line' id='line_1_41' title="bbox 88 3706 1009 3790; baseline 0.004 -23"><span class='ocrx_word' id='word_1_274' title='bbox 88 3713 118 3768; x_wconf 86' lang='lat' dir='ltr'>et</span> <span class='ocrx_word' id='word_1_275' title='bbox 147 3706 289 3767; x_wconf 90' lang='lat' dir='ltr'>doctrina</span> <span class='ocrx_word' id='word_1_276' title='bbox 315 3706 477 3788; x_wconf 85' lang='lat' dir='ltr'>Evangelii</span> <span class='ocrx_word' id='word_1_277' title='bbox 510 3717 675 3790; x_wconf 88' lang='lat' dir='ltr'>repurgata</span> <span class='ocrx_word' id='word_1_278' title='bbox 704 3716 767 3790; x_wconf 88' lang='lat' dir='ltr'>est,</span> <span class='ocrx_word' id='word_1_279' title='bbox 800 3717 831 3770; x_wconf 92' lang='lat' dir='ltr'>et</span> <span class='ocrx_word' id='word_1_280' title='bbox 858 3712 1009 3771; x_wconf 87' lang='lat' dir='ltr'>immensa</span> 
     </span>
     <span class='ocr_line' id='line_1_42' title="bbox 87 3789 1009 3872; baseline 0.007 -21"><span class='ocrx_word' id='word_1_281' title='bbox 87 3790 243 3872; x_wconf 88' lang='lat' dir='ltr'>turpitudo</span> <span class='ocrx_word' id='word_1_282' title='bbox 266 3789 434 3852; x_wconf 87' lang='lat' dir='ltr'>antichristi</span> <span class='ocrx_word' id='word_1_283' title='bbox 456 3792 612 3872; x_wconf 89' lang='lat' dir='ltr'>patelacta</span> <span class='ocrx_word' id='word_1_284' title='bbox 633 3799 688 3853; x_wconf 90' lang='lat' dir='ltr'>est.</span> <span class='ocrx_word' id='word_1_285' title='bbox 730 3793 764 3854; x_wconf 93' lang='lat' dir='ltr'>ln</span> <span class='ocrx_word' id='word_1_286' title='bbox 787 3795 898 3856; x_wconf 89' lang='lat' dir='ltr'>ceteris</span> <span class='ocrx_word' id='word_1_287' title='bbox 917 3795 1009 3857; x_wconf 89' lang='lat' dir='ltr'>tomis</span> 
     </span>
    </p>
   </div>
   <div class='ocr_carea' id='block_1_7' title="bbox 0 0 1185 4200">
    <p class='ocr_par' dir='ltr' id='par_1_11' title="bbox 0 0 1185 4200">
     <span class='ocr_line' id='line_1_43' title="bbox 0 0 1185 4200; baseline 0 0"><span class='ocrx_word' id='word_1_288' title='bbox 0 0 1185 4200; x_wconf 95' lang='lat' dir='ltr'> </span> 
     </span>
    </p>
   </div>
  </div>
 </body>
</html>
