2356 4200
353 289 387 343 sd
407 288 525 346 tsonsm
546 290 684 346 deulmum
704 282 815 363 Peptin.
982 280 1045 359 133

123 457 190 518 lieis
207 459 344 520 minuere
358 459 564 523 molitussiuu.
600 460 870 541 luderheeretiuus,
892 468 1044 544 apostate,

124 540 258 622 pertidus
282 545 488 604 et-sexeeutis
510 543 696 621 nominibus,
718 546 782 605 imo
796 545 973 625 ignominiis
996 562 1046 606 sm

124 644 224 685 ousor.
268 624 401 686 Horrent
426 646 514 686 aures
550 633 580 687 et
608 633 732 707 stupent
764 627 859 690 oouli:
897 628 959 689 ssd
980 630 1045 690 lmi-

125 727 193 769 eum
216 714 277 768 stet
305 707 436 770 iiduoies
460 709 681 790 praesidium·
699 713 847 770 inponens
866 718 911 771 ¹‘et
943 708 1046 791 q'uietu

123 792 322 852 oonsoienb'e„
364 792 430 853 Nee
450 810 535 853 nora
564 792 673 869 audio,
711 792 823 854 talibus
850 796 931 854 enim
952 795 1046 877 iusig·'

123 874 212 935 uibus
234 882 266 934 et
283 876 316 934 in
341 882 447 936 nostre
468 877 598 956 regione
626 892 674 936 me
696 882 883 937 ornaverunt
903 877 1045 938 homines

124 959 174 1018 isti
194 957 406 1019 honestissimi
439 965 470 1019 et
502 976 645 1037 veruees,
679 959 710 1019 id
738 966 802 1038 est,
833 960 967 1039 pessime
988 960 1048 1021 sibi

125 1042 259 1119 oonsoii,
291 1042 342 1120 qui
365 1060 421 1101 sus
442 1048 588 1122 portentu
607 1042 681 1102 mihi
703 1043 1049 1123 conentur‘impouere,'

125 1131 158 1184 et
178 1141 248 1183 meu
269 1125 441 1204 ignominie
461 1142 532 1185 snus
554 1126 740 1205 ignominias
759 1122 944 1206 glorificare.
983 1126 1043 1187 Sed

124 1225 189 1267 rem
210 1208 320 1286 ipsam,
342 1207 519 1268 beutissime
537 1208 636 1290 Peter,
659 1207 793 1289 digneris
807 1207 913 1270 nudire
933 1216 1048 1270 exine

125 1289 240 1350 iniunte
263 1297 296 1350 et
315 1291 442 1351 iuoulto.
735 1326 737 1331 ,
1026 1298 1049 1365 ,¹
1120 1364 1123 1371 ἱ

165 1404 168 1410 -
204 1371 318 1452 Ooepit
349 1371 432 1454 apud
464 1391 523 1433 nos
555 1372 663 1434 diebus
695 1374 843 1453 proximis
874 1374 1045 1455 praedicari

124 1455 275 1517 iubilueus
296 1454 349 1516 ille
359 1454 616 1536 indulgentiarum
634 1456 883 1536 apostolieum,
904 1458 1046 1537 proiecit·

125 1558 185 1618 que
206 1538 302 1617 sdeo,
331 1546 365 1599 ut
385 1556 557 1619 praecones
577 1539 660 1599 illins
679 1529 738 1598 sub
767 1540 810 1599 tui
832 1541 1045 1601 nominis'tel·

124 1640 195 1684 rore
216 1621 402 1683 omniesibi
424 1622 518 1682 liuere
541 1630 694 1702 putentes·
712 1622 896 1701 impiissime
917 1623 1047 1684 haereti*

124 1724 223 1784 euque
244 1705 347 1785 putem
368 1704 518 1767 uuderent
540 1705 663 1783 dooere
684 1706 714 1764 in
728 1705 940 1785 gravissimum
959 1722 1046 1767 suan·

123 1789 226 1849 delum
247 1795 280 1848 et
301 1787 462 1849 ludibrium
492 1788 723 1851 eoeleslsstion'e
748 1788 927 1867 potestatis,
961 1802 999 1849 uu
1013 1790 1049 1849 ‘ui

127 1871 296 1933 deoretules
319 1870 357 1931 de
382 1870 581 1932 abusionibus
603 1879 813 1952 quaestorum·
827 1871 902 1930 nibil
928 1871 967 1931 nd
990 1888 1044 1932 eos

125 1955 323 2036 pertinerent.
365 1954 432 2014 Nee
452 1955 621 2033 eontenti,·
638 1953 732 2036 quod·
754 1953 917 2013 liberrimis
945 1953 1046 2014 'verbis

124 2037 203 2099 bueo
225 2056 280 2097 sus
301 2056 423 2098 venenu
444 2036 664 2113 diffunderent,
692 2038 819 2116 insuper
840 2034 1048 2096 libellos‘edi·

126 2121 236 2182 derunt
257 2121 330 2180 etin
342 2120 469 2201 vulgum
480 2126 667 2200 sparserunt,
689 2119 855 2198 inquibus,
876 2104 1046 2180 uttneeuui

123 2202 330 2264 insatiabilem
353 2209 385 2263 et
404 2203 571 2263 inauditum
600 2204 774 2280 avaritiam,
810 2218 901 2283 quum
934 2198 1045 2283 singuli

124 2304 206 2368 pens
227 2285 331 2365 spiess
353 2286 440 2346 olent
462 2287 665 2364 urussissime,
693 2285 800 2346 eedem
822 2284 877 2345 illu
897 2286 999 2364 impin
1015 2291 1052 2345 et'

123 2369 280 2430 haeretios
297 2375 476 2445 statuerunt,
500 2378 532 2430 et
543 2370 587 2429 itu
599 2375 781 2446 statuerunt,
804 2374 836 2427 ut
851 2369 1045 2429 confessores

123 2455 295 2513 iuramento
317 2451 492 2532 adigerent,
528 2470 588 2531 qno
616 2453 695 2512 bueo
715 2453 783 2532 ipss
803 2449 981 2512 fidelissime
1002 2452 1047 2510 in·

124 2535 372 2613 stentissimeque
393 2536 510 2615 populo
532 2535 727 2596 inouluurent.

211 2618 291 2679 Vere
312 2617 392 2692 dion,
414 2635 474 2678 nee
495 2624 550 2696 est,
572 2636 634 2697 qno
655 2615 898 2679 eesbsoondent
910 2615 1046 2676 soelore

123 2701 194 2762 hoe.
216 2701 348 2760 Exstant
366 2700 472 2778 libelli,
496 2720 554 2762 neo
571 2709 702 2781 possunt
715 2719 838 2781 negare.
868 2698 1051 2779 Agebantur

125 2792 189 2844 tum
214 2783 268 2843 ills
298 2802 460 2863 prospere,
502 2790 533 2844 et
564 2784 792 2865 exsugebantur
822 2782 928 2863 populi
962 2781 1046 2841 telsis

125 2866 247 2947 spebus,
271 2874 302 2926 et
322 2873 356 2926 nt
376 2865 569 2946 prophets*l
591 2867 648 2927 uit:
672 2865 801 2927 curnem
817 2865 950 2944 desuper
971 2865 1053 2925 ossi--

125 2950 309 3019 buseorum
333 2949 493 3011 tollebant
526 2949 588 3029 ipsi
610 2967 684 3010 vern
705 2949 905 3029 pinguissime
928 2953 960 3008 et
980 2954 1047 3006 sunl

126 3034 251 3092 vissime
271 3033 392 3093 iuterim
415 3031 628 3112 pasoebentur.
734 3052 737 3061 ’

206 3115 305 3176 Unum
330 3121 410 3192 erut,
442 3133 503 3194 quo
525 3113 672 3174 soundnlu
700 3112 906 3192 sedabuntll,
921 3112 1048 3174 seilicet

125 3208 223 3260 terror
254 3198 386 3259 nominis
415 3200 473 3275 tui,
506 3199 586 3278 ignis
616 3197 814 3258 comminutio
843 3203 873 3256 et
902 3194 1055 3256 haeretiei

125 3282 259 3342 nominis
293 3281 500 3360 opprobrium.
560 3280 645 3341 Haeo
676 3281 757 3340 euim
789 3279 967 3339 incredibile
1000 3285 1047 3338 est

125 3384 215 3445 quum
240 3366 386 3444 propensi
409 3371 480 3424 sunt
490 3363 522 3445 ²)
547 3364 714 3441 intentare,
738 3362 922 3442 quandoque
944 3363 1046 3438 etium,

125 3450 150 3509 si
173 3449 204 3509 in
227 3448 320 3506 meris
342 3447 553 3527 opinionisque
575 3447 662 3527 nugis
685 3448 747 3506 suis
769 3444 1044 3506 contradictionem

198 3730 229 3868 t}
249 3731 285 3854 llp
300 3729 435 3857 {dgienx
454 3727 603 3835 sedebunt3
634 3728 666 3797 2)
690 3727 768 3782 ibid:
789 3729 854 3784 siut<

278 3818 303 3854 ro
325 3842 330 3854 .
369 3838 375 3853 .
