2356 4200
117 273 158 339 14
369 278 525 346 Responsio
544 278 577 331 D.
597 278 676 331 liert.
695 279 805 332 Lutheri

118 435 218 508 solrlrn
239 464 342 526 posse,
365 444 419 507 sed
441 445 554 507 debere
577 447 669 507 etiam
688 445 824 527 intelligi.
839 445 1034 524 de.qoalibet

117 530 223 590 harum
247 531 336 589 trium
358 529 615 607 poenitentiarum
638 529 817 590 contendas.
954 542 984 587 ’.

198 613 331 673 Tertiam
375 611 541 672 falsitatem
583 631 684 672 meam
706 618 901 691 'persecutus
943 611 1032 672 dieis:

115 695 218 756 Tertia
240 694 357 755 falsitas
379 701 430 755 est
447 695 486 755 ad
503 694 677 790 hominem,
695 695 798 756 idt
747 702 807 773 mt,
828 694 867 754 ad
888 700 929 770 te,
952 694 1033 773 quod

116 778 242 839 soilieet
255 777 407 838 Christus
418 797 482 839 neu
513 779 645 839 intendit
673 779 775 874 loqui
785 778 886 845 solum
918 777 999 838 de
991 797 1033 838 nr·

115 862 230 923 teriore
250 861 449 940 poenitentis.
477 859 546 921 Hoe
569 863 703 922 enimin
726 881 760 921 se
783 861 906 939 quidem
928 880 1033 923 verum

115 954 178 1023 est,
210 944 266 1004 sed
288 943 358 1021 tibi,
385 944 437 1022 qui
459 945 505 1004 vie
529 944 682 1005 Christum
703 945 752 1004 his
774 944 874 1005 verbis
897 943 1033 1005 indioere

114 1028 337 1107 poenitentiam
360 1026 391 1084 in
414 1028 496 1086 omui
518 1028 591 1102 vita,
616 1027 655 1088 de
678 1028 823 1088 exteriori
845 1045 910 1087 nou
930 1033 1034 1106 petest

114 1110 261 1190 intelligi,
278 1129 370 1187 quam
389 1115 514 1188 oportet
531 1110 713 1172 intercidere
728 1128 845 1170 rsomno
868 1117 899 1170 et
910 1109 1034 1190 gaudio,

115 1192 279 1273 gaudendo
313 1211 385 1252 eum
414 1192 617 1272 gaudentibus
645 1200 677 1254 et
665 1193 891 1254 trhuiusmodi.
944 1193 1033 1254 Unde

114 1275 180 1336 tibi
191 1276 291 1336 solum
314 1274 354 1334 de
373 1276 509 1336 interiori
537 1285 593 1356 pot
595 1283 641 1337 est
668 1277 829 1356 1111111ςί,Ι
840 1295 909 1336 non
941 1276 1033 1354 omui,

114 1358 170 1418 sed
191 1358 356 1436 habituali,
391 1359 462 1436 quia
489 1361 582 1423 etism
610 1360 789 1421 interiorem
817 1365 919 1419 aetum
946 1358 1033 1419 liber-i

114 1441 231 1502 arbitrii
259 1440 412 1501 dormient
400 1448 447 1500 tes
473 1444 648 1503 necessario
680 1443 726 1502 int
714 1442 899 1504 tereidimus
949 1441 1034 1502 Haeo

114 1524 270 1585 Silvester

198 1606 337 1679 Credoll
373 1606 451 1667 haee
474 1607 528 1667 tibi
549 1615 692 1668 aeutaet
681 1607 800 1668 tfirma
821 1606 926 1667 videri.
969 1607 1033 1666 Pla·

115 1644 166 1750 oet
186 1697 239 1750 aut
240 1710 304 1765 em,
335 1689 418 1831 quod
439 1689 517 1750 dieis
536 1690 701 1751 falsitatem
723 1710 792 1751 sese
814 1689 853 1750 ad
876 1690 1033 1750 homiuem

115 1772 252 1850 (idest,
274 1772 350 1832 eds
348 1773 446 1832 aeiem
468 1779 499 1832 et
520 1773 769 1856 apparentiam),
801 1791 909 1834 revera
931 1779 1031 1832 autem

101 1855 334 1924 ,validissimam
364 1857 533 1916 veritatem.
575 1857 623 1917 De
654 1857 802 1917 habituali
832 1856 1046 1934 poenitentia*

111 1946 146 2000 et
167 1941 251 2000 omni
272 1941 336 1999 vita
357 1938 478 2018 agenda
499 1958 592 2018 snpra
613 1941 686 1999 satis
708 1939 782 2017 dixi,
803 1958 882 2016 quse
896 1940 955 1998 etsi
971 1957 1031 1999 nou

112 2021 149 2082 tit
169 2023 254 2084 omni
275 2023 357 2098 vite,
391 2021 484 2082 debet
512 2029 615 2082 tamen
643 2021 708 2082 fieri
738 2025 823 2082 omni
850 2022 928 2099 vita,
944 2061 946 2067 -
961 2019 1031 2082 ideo

114 2107 196 2165 enim
217 2123 390 2185 pereamus,
413 2123 595 2183 quemquem
618 2104 692 2182 ii2l,
715 2106 766 2184 qui
787 2110 857 2165 sunt
877 2105 909 2163 in
923 2105 1030 2184 gratia,

114 2189 198 2250 nullo
223 2194 380 2250 momento
414 2196 485 2248 sunt
513 2191 578 2248 sine
604 2187 858 2267 poenitentis*),
892 2193 956 2246 tem
983 2206 1031 2247 ex·

113 2273 217 2332 teriori
240 2290 330 2349 quam
352 2272 499 2348 interiori,
524 2273 595 2349 quie
617 2270 809 2332 sanetifioant
830 2289 864 2330 se
888 2269 926 2345 ab
950 2271 1031 2330 omni

113 2356 345 2433 inquinamento
368 2351 468 2413 earnis
491 2361 522 2414 et
543 2356 680 2433 spiritus,
712 2354 785 2413 lieet
812 2352 885 2433 et³)
916 2351 1031 2413 earnifi-

113 2440 213 2497 elnam
235 2437 319 2496 illam
342 2435 565 2515 eonfietamque
585 2437 763 2518 hypocrisin
786 2455 848 2496 non
872 2436 995 2498 feoieut.

196 2519 230 2580 ld
266 2540 329 2581 non
357 2521 431 2580 setis
465 2519 607 2580 admirari
635 2540 778 2600 possum,
812 2518 894 2598 quod
928 2524 1032 2598 aperte

114 2623 210 2684 negas
232 2604 454 2682 poenitentiam
476 2604 507 2662 1ιι
531 2602 644 2683 gaudio
666 2605 717 2682 agi
738 2622 847 2682 posse,
868 2621 937 2661 eum
960 2620 1030 2680 poe

112 2686 315 2762 nitentiaiil
336 2705 375 2746 eo
400 2687 439 2745 sit
459 2688 574 2764 purior,
597 2705 657 2765 quo
680 2687 771 2745 suerit
792 2685 916 2744 hilarior
938 2692 970 2744 et
990 2685 1030 2743 iu·

114 2769 257 2847 eundior,
289 2769 425 2828 Hilarem
458 2769 596 2830 datorem
619 2770 719 2848 diligit
740 2769 833 2828 Deus.
877 2766 940 2827 Sed
960 2786 1031 2847 epo·

119 2853 248 2931 stolum,
278 2870 409 2930 quaese,
441 2851 653 2931 reprehende,
682 2853 733 2930 qui
753 2850 1031 2911 Thessalouioensi·

114 2936 172 2996 bus
193 2936 357 3015 praeeipit:
381 2934 509 3014 Semper
529 2935 663 3016 gaudete
684 2937 714 2994 in
736 2933 972 3016 Domino***).
993 2932 1031 2993 llt

113 3016 284 3101 Pselm.†):
336 3017 464 3096 Semper
499 3018 564 3078 laus
594 3020 719 3078 eiusin
743 3036 797 3078 ore
826 3035 907 3077 meo.
969 3017 1030 3090 Die,

112 3121 200 3181 rogo,
223 3100 442 3179 utaliquando
466 3103 558 3161 etiem
580 3103 718 3181 plorent,
742 3108 774 3160 et
794 3099 981 3160 maledicant
1001 3100 1029 3157 1ιι

112 3185 257 3245 Ι)οιιι1ιιο.
311 3182 405 3263 Igitur
439 3204 561 3264 semper
592 3188 623 3244 in
657 3185 791 3246 Domino
827 3182 1030 3262 gaudendum,

113 3287 233 3347 semper
266 3268 297 3327 1ιι
332 3267 421 3329 nobis
452 3267 646 3346 plorandum.
698 3268 732 3328 ln
768 3268 835 3326 Deo
874 3266 1029 3341 habemus,

189 3501 216 3560 11
243 3496 330 3552 lned
341 3499 400 3552 len¹
421 3498 536 3568 legitur:
557 3497 633 3551 Loth.
656 3495 806 3550 Credoeto:
844 3495 908 3560 211
895 3494 974 3548 ibid:
995 3494 1029 3544 hi.

112 3566 232 3630 5111111
254 3568 343 3621 deest
320 3574 397 3623 tet.

184 3646 213 3705 *J
239 3641 397 3694 Homines'
390 3660 419 3694 ιιι
438 3645 528 3710 gretia
546 3644 696 3693 existentes
716 3654 772 3691 non
792 3642 856 3687 sunt
887 3639 946 3690 sine
971 3651 1029 3704 poe·

113 3715 234 3766 nitentia.
323 3711 370 3782 **1
402 3714 573 3766 Poenitentiu
599 3712 702 3764 hilaris.
791 3711 855 3772 ⁸⁶⁸)
886 3710 982 3762 These.
1006 3707 1028 3758 l·

112 3789 146 3854 †)
168 3784 259 3839 Pselm
279 3782 329 3840 et
