2356 4200
174 281 241 348 >140
425 284 622 338 Rssolntonss
640 279 744 352 uapor.
767 283 844 337 Loth.

176 454 341 516 tinent‘ad
364 473 449 532 earn,
478 454 580 535 quoad
609 461 724 515 certum
755 454 879 516 modum
907 461 939 516 et
964 459 1097 536 tempus,

141 607 143 618 Ι
176 536 344 598 secundum
368 538 450 618 quod
464 538 596 598 ecelesia
610 538 806 616 ordinaverit,
827 537 973 598 videlicet
994 554 1098 616 quam·

140 626 143 631 '
177 620 228 682 diu
250 622 289 680 sit
311 621 470 699 orandum,
492 621 699 700 ieiunandum,
723 619 873 697 dandum5
895 621 980 698 item,
1003 626 1098 700 qnan-

176 710 239 765 tum
261 710 294 764 et
316 703 388 783 quid
408 703 572 780 orandum,
595 711 740 783 quantum
764 704 887 784 etquid
910 723 974 764 non
997 722 1099 765 come·

176 785 321 863 dandum,
343 797 488 866 quantum
511 788 635 867 etquid
658 787 800 850 dandum.

260 870 373 930 Verum
396 877 428 930 ut
449 877 519 930 sunt
540 869 579 931 de
600 872 780 952 evangelica
801 870 1003 951 poenitentia,
1024 869 1099 929 ieiu-

176 955 259 1013 nium
283 953 377 1015 habet
397 955 427 1012 in
450 972 485 1013 se
506 972 614 1014 ornnes
636 954 856 1034 castigationes
885 953 1002 1030 carnis,
1031 953 1098 1012 sine

176 1036 297 1097 delectu
321 1036 468 1113 ciborum,
491 1045 545 1096 aut
561 1035 733 1098 differentia
746 1039 887 1114 vestium,
909 1036 1009 1096 oratio
1024 1042 1098 1096 v'ero

177 1130 270 1180 omne
292 1119 423 1179 studium
441 1120 535 1180 animi
556 1119 745 1198 meditando,
767 1118 911 1200 legendo,
933 1117 1098 1197 audiendo,

177 1202 312 1280 orando,
348 1202 548 1283 eleemosyna
583 1221 657 1263 vero
683 1222 787 1264 omne
815 1202 997 1281 obsequium
1026 1218 1099 1282 erga

175 1285 360 1367 proximum,
383 1291 416 1344 ut
436 1286 479 1346 ita
500 1305 555 1366 per
576 1287 719 1346 ieiunium
736 1286 795 1346 sibi
810 1286 933 1362 serviat,
954 1300 1012 1365 per
1031 1293 1097 1346 ora*

177 1369 293 1428 tionem
322 1367 406 1445 Deo,
439 1375 470 1428 et
507 1389 563 1448 per
589 1369 819 1450 eleemosynam
850 1369 1012 1449 proximo,
1044 1386 1100 1448 per

176 1451 305 1532 primum
344 1451 448 1511 vincet
478 1453 760 1532 concupiscentiam
794 1452 909 1529 carnis,
953 1457 984 1510 et
1016 1451 1099 1511 vivat

177 1533 279 1594 sobrie
301 1541 333 1593 et
355 1541 457 1611 coste,
486 1553 542 1614 per
568 1535 735 1596 secundum
763 1534 936 1616 superbiam
964 1534 1047 1594 vitae
1070 1539 1100 1594 et

177 1616 262 1676 vivat
282 1617 340 1696 pie,
363 1636 419 1697 per
435 1620 561 1678 tertium
575 1619 854 1698 concupiscentiam
874 1616 1046 1690 oculorum,
1070 1622 1100 1678 et

177 1699 262 1759 vivat
282 1700 360 1760 iuste
382 1701 412 1759 in
435 1700 497 1762 hoo
518 1701 633 1761 seculo.
677 1700 779 1776 Quare
806 1720 914 1761 omnes
935 1699 1098 1760 mortifica·
1167 1759 1170 1763 .

177 1784 288 1860 tiones,
311 1802 386 1861 quas
409 1782 502 1844 homo
526 1792 728 1864 compunctus
750 1783 807 1845 sibi
829 1784 934 1860 infert,
965 1790 1037 1844 sunt
1058 1782 1097 1843 de

133 1864 143 1885 ⁸
177 1866 367 1946 poenitentia
381 1867 536 1945 interiore,
558 1876 702 1946 tanquam
720 1867 834 1929 fructus
854 1868 929 1944 eius,
951 1867 1017 1926 sive
1038 1867 1099 1926 sint

177 1948 317 2030 vigiliae,
345 1947 483 2027 labores,
510 1950 649 2030 inopiae,
672 1950 787 2029 studia,
821 1950 992 2027 orationes,
1012 1948 1099 2030 'luga

177 2048 270 2092 sexus
286 2031 523 2111 sodaliciorum,
544 2033 574 2092 in
590 2038 736 2113 qnantum
752 2039 936 2114 promovent
950 2031 1098 2112 spiritum.

170 2141 176 2158 ν
210 2136 213 2141 ·
257 2114 410 2192 Secundo,
432 2117 478 2175 sic
497 2118 630 2196 ipsemet
652 2117 715 2196 egit
735 2116 901 2194 Dominus,
935 2123 967 2175 et
989 2121 1098 2176 omnes

174 2199 270 2258 sancti
304 2199 368 2259 eius
402 2216 470 2258 cum
509 2218 557 2260 eo.
614 2199 665 2259 Sic
704 2198 835 2279 denique
877 2196 1098 2279 praecepit*):

173 2279 288 2340 Luceot
302 2281 355 2340 lux
371 2288 474 2341 vestra
487 2299 590 2343 coram
604 2282 789 2360 hominibus,
812 2287 845 2343 ut
858 2281 985 2342 videant
994 2287 1098 2352 vestra

175 2362 258 2424 bona
280 2382 383 2443 opera.
412 2364 491 2424 Nam
513 2364 580 2426 sine
603 2362 695 2425 dubio
720 2385 816 2445 opera
834 2366 917 2427 bona
931 2363 1005 2424 foris
1028 2370 1098 2424 sunt

175 2445 289 2506 finctus
318 2448 529 2526 poenitentiae
555 2455 586 2508 et
614 2449 753 2528 spiritus,
783 2467 850 2508 cum
884 2447 1008 2529 spiritus
1034 2464 1097 2506 non

174 2527 267 2589 iaciat
288 2531 346 2589 nisi
368 2548 477 2589 vocem
501 2531 638 2607 turturis,
667 2530 697 2590 id
728 2538 788 2610 est,
816 2533 963 2612 gemitum
986 2528 1120 2613 cordis„

173 2611 308 2672 radicem
330 2631 456 2692 operum
480 2612 640 2675 bonorum.

257 2694 414 2756 Adversus
428 2695 483 2755 hes
506 2704 567 2756 tres
581 2715 666 2756 meas
680 2697 895 2757 conclusiones
909 2695 1031 2776 quidem
1040 2693 1096 2772 “J

174 2778 367 2859 indignatus,
399 2786 431 2839 et
452 2777 507 2838 sub
530 2779 612 2859 pelle
635 2780 733 2840 leonis
756 2779 903 2841 incedens
923 2780 1027 2859 posuit
1047 2777 1097 2839 de

175 2861 329 2922 blaterans
352 2880 487 2923 errorem
510 2881 594 2941 esse,
617 2864 641 2922 si
664 2864 732 2943 quis
755 2863 880 2923 verbum
904 2862 996 2939 illud,
1026 2878 1098 2942 poe·

175 2945 313 3022 nitentia,
336 2947 495 3026 negaverit
516 2947 607 3005 etiam
630 2945 669 3005 de
682 2953 874 3006 sacramento
888 2946 1098 3025 poenitentiae

175 3027 312 3108 intelligi.
356 3029 504 3105 Primum,
537 3048 598 3090 non
633 3036 680 3089 est
702 3030 892 3108 propositum
916 3047 1016 3088 meum
1041 3029 1098 3088 siu·

174 3110 263 3191 gulas
286 3112 352 3169 eius
374 3111 546 3191 positiones
569 3112 736 3186 confutare,
759 3130 838 3190 quae
861 3119 931 3170 sunt
952 3110 1032 3171 adeo
1055 3112 1098 3171 in·

176 3194 259 3253 sulse
281 3200 312 3253 et
332 3193 457 3253 indocte
479 3196 683 3274 compositae,
706 3201 738 3254 ut
752 3195 824 3253 mihi
846 3193 1038 3274 impossibile
1061 3194 1100 3253 sit

176 3276 303 3352 creditu,
326 3277 483 3337 easfuisse
499 3277 682 3356 intellectas,
705 3285 765 3338 tam
779 3277 817 3338 ab
831 3296 880 3355 eo,
903 3278 988 3337 ouius
1011 3277 1099 3337 titulo

176 3360 355 3440 vulgantur,
390 3378 480 3439 quam
508 3361 547 3421 ab
578 3379 631 3437 eo,
668 3362 718 3439 qui
740 3379 793 3420 eas
817 3359 980 3431 conflavit,
1016 3361 1099 3441 quod

176 3451 208 3504 et
238 3444 347 3522 cuique
380 3442 575 3503 mediocriter
609 3445 771 3523 ingenioso
806 3451 838 3503 et
871 3445 901 3502 in
941 3445 1100 3526 scripturis

180 3611 387 3620 ..—-—-----

87 3753 92 3765 .
175 3708 279 3845 mgl)
302 3711 395 3763 liettb.
415 3714 439 3767 5.
479 3711 527 3778 ”l
548 3714 576 3762 ln
605 3669 742 3782 quendam
765 3709 953 3778 blateronem,
978 3711 1100 3765 lohann.
