2356 4200
380 259 430 323 ¹sd
448 260 483 317 D.
502 259 651 321 llsrtinnm
668 259 827 337 liutherum·
862 322 865 327 ,
915 284 938 325 ,²
982 292 985 299 ·
1038 257 1080 325 77

154 436 294 501 nostrum
305 430 442 493 Christus
462 431 608 512 loquitur,
630 431 771 493 antalter
783 430 892 493 surdus
913 431 965 494 vel
985 431 1079 494 obnu-

156 513 246 575 diens
267 520 324 580 est.
369 514 498 576 Oremus
520 514 688 596 Christum,
712 522 746 576 nt
767 533 927 578 sermones
949 515 1015 576 eius
1035 516 1079 577 in·

155 605 310 660 tonemns.

239 679 352 743 Scribis
375 687 477 742 antem
500 700 549 742 me
571 701 611 741 ex
631 681 831 761 suggestione
861 681 947 761 loqui
978 679 1078 743 denia·

155 765 304 826 montium
326 765 452 843 venias,
483 782 651 843 eorumque
673 782 723 824 me
745 762 892 826 exhibere
904 770 1079 844 patronum.

142 845 218 910 -ssd
241 866 333 927 qnam
355 846 450 928 longe
472 848 503 906 in
524 847 584 908 hoo
606 865 728 926 quoque
756 866 775 907 a
795 848 926 908 veritate
946 846 1081 926 aberres,

155 931 244 993 novit
274 932 410 997 omnium
437 931 595 1010 praescius
616 930 716 1008 Dens,
747 947 815 991 oum
837 950 877 992 ne
898 929 993 992 verbo
1016 932 1081 1010 qui-

156 1013 244 1093 dem,
283 1033 323 1073 ne
343 1013 481 1094 apicibus
503 1012 647 1088 dixerim,
671 1012 834 1093 quidquam
857 1033 876 1074 s
898 1014 1007 1093 quovis
1029 1033 1081 1075 eo-

155 1117 223 1157 rum
244 1097 437 1177 exceperim,
464 1097 539 1157 vivit
561 1096 730 1174 Dominus,
759 1097 831 1175 quin
853 1115 909 1160 eos
931 1116 950 1158 a
970 1097 1079 1177 prinni-

156 1180 210 1261 pio
234 1180 409 1241 minoristas
432 1180 573 1259 putarim.
615 1177 666 1239 Ad
688 1177 719 1238 id
740 1198 831 1258 vero,
863 1179 946 1260 quod
969 1198 1019 1242 me
1040 1179 1079 1241 ds

155 1263 277 1324 haeresi
286 1262 516 1324 Donatistarum
537 1262 681 1340 notas1),
704 1280 772 1322 oum
787 1262 905 1340 dixero,
928 1281 1019 1343 aquo
1040 1264 1081 1325 sit

156 1345 319 1427 dispositio
342 1345 381 1406 ad
403 1345 461 1409 Dei
482 1346 611 1426 gratiam
640 1346 803 1425 requisita,
830 1347 947 1426 poteris
974 1365 1082 1409 verum

156 1429 237 1490 ferre
257 1426 425 1507 indicium,
453 1447 535 1489 nuno
565 1446 639 1489 vero
670 1433 701 1489 te
723 1435 795 1490 ante
817 1429 1005 1511 completum
1031 1436 1083 1508 (ut

150 1510 282 1663 aiuntge
285 1474 480 1609 evangelium
502 1512 703 1591 consignasti.
1036 1556 1040 1561 -

283 1596 322 1656 tis
345 1596 438 1673 item,
466 1613 535 1654 oum
563 1613 624 1673 qua
649 1593 781 1656 ecelesia
805 1595 844 1655 de
873 1595 1079 1676 aonoeptione

156 1662 290 1760 Virginis
320 1640 467 1755 sentiaris,
501 1676 570 1738 diso
602 1684 654 1739 aut
656 1697 704 1738 em
742 1672 791 1739 m'e
825 1679 970 1758 nescire,
1009 1698 1079 1739 oum

156 1780 238 1841 qua,
281 1760 406 1822 eredere
439 1781 479 1820 an
481 1767 542 1820 tem
584 1761 669 1840 quod
704 1780 772 1821 oum
809 1762 973 1840 Romana,
1011 1781 1080 1822 oum

156 1864 196 1904 ex
225 1845 345 1924 seriptis
379 1845 444 1903 eius
477 1842 550 1903 mihi
585 1864 655 1904 mea
689 1852 759 1905 sent
759 1853 812 1905 en
813 1865 843 1905 ιι
801 1843 977 1905 iilust-
1002 1844 1079 1906 Cum

156 1946 230 1988 vero
253 1926 359 1987 decisa
379 1946 428 1987 res
450 1926 549 2005 inerit,
571 1928 666 1987 seiam
694 1946 762 1987 eum
788 1947 864 2008 qua,
885 1928 1008 1988 interim
1029 1948 1080 1988 au·

156 2018 219 2072 tem
242 2009 365 2071 oredam
387 2029 456 2070 oum
479 2008 617 2070 ducentis
641 2011 802 2090 sexaginta
816 2030 872 2071 sex
891 2009 1080 2090 doctoribus,

157 2113 287 2174 quorum
316 2093 456 2154 nonnulli
477 2100 549 2152 sunt
581 2093 696 2154 ordinis
718 2094 782 2172 tui,
818 2100 847 2154 te
878 2099 980 2156 autem
1012 2112 1082 2155 oum

157 2185 209 2238 tuo
233 2177 305 2237 olim
325 2176 520 2237 schismatico
533 2176 702 2255 relinquam
725 2175 908 2237 crediturum
926 2177 1081 2258 utplnoet.

157 2260 293 2338 Adiiois,
323 2266 356 2320 nt
377 2260 420 2319 nil
442 2259 583 2319 odiosum
606 2259 756 2337 dimittas,
785 2267 814 2320 et
843 2260 882 2321 de
902 2260 1084 2341 Reuehlino,

158 2345 247 2424 qnasi
273 2343 349 2404 ordo
373 2341 619 2423 praedicatorum
642 2342 727 2406 illurn
748 2344 945 2422 insequatur,
967 2350 998 2419 et
1019 2363 1082 2406 non

158 2427 342 2487 universitas
364 2426 503 2487 Parisino
524 2433 555 2486 et
577 2425 772 2487 Coloniensis
795 2434 826 2486 et
846 2433 979 2489 ceterae
1006 2425 1081 2502 Quis

158 2518 262 2571 autem
287 2529 356 2571 eum
380 2517 507 2589 tueatur,
530 2511 652 2588 veritas,
674 2529 713 2569 an
723 2508 866 2590 Hebraei,
888 2530 927 2570 an
950 2509 1082 2590 Chryso-

159 2602 288 2674 stomus,
310 2614 349 2654 ιιι
371 2595 500 2674 utrique,
513 2595 628 2656 nescio,
651 2591 752 2655 Unum
775 2599 877 2655 tumen
901 2595 977 2674 soin,
999 2593 1083 2673 quod

160 2676 264 2739 officia
291 2697 375 2757 mea,
406 2697 484 2757 quae
515 2684 586 2738 sunt
614 2677 669 2738 viri
698 2677 768 2739 insti
806 2684 836 2739 et
867 2677 1083 2759 misericordis,

158 2762 293 2842 ignoras.

241 2843 393 2904 Assoribis
416 2862 538 2922 quoque
562 2843 646 2921 mihi,
670 2845 753 2924 quod
768 2845 925 2905 Entellum
940 2862 990 2904 me
1012 2862 1081 2905 esse

159 2926 348 3006 effinxerim,
383 2946 451 2987 aum
475 2945 534 3007 ego
557 2927 671 2987 Dareta
693 2934 827 3002 tantum,
850 2935 881 2987 et
901 2927 962 2988 hoo
982 2929 1082 3008 gratia

159 3010 375 3071 ostentationis
409 3011 518 3070 virium
558 3017 588 3069 et
616 3011 847 3092 provocationis
875 3012 906 3070 in
945 3029 1081 3090 pugnam

159 3094 353 3155 nominarim.
395 3093 484 3152 Nune
502 3099 619 3152 ⁴autem
651 3092 704 3152 tibi
730 3092 806 3152 illud
828 3093 1007 3174 Hieronymi
1041 3092 1080 3153 sd

158 3178 363 3257 Augustinurn
388 3176 474 3255 dion,
496 3176 651 3236 Memento
674 3177 795 3236 Daretis
818 3184 848 3237 et
870 3175 999 3254 Entelli,
1021 3176 1082 3236 En-

158 3260 266 3322 tellum
275 3266 390 3402 taetate
411 3279 535 3340 gravem
557 3261 663 3319 iuvent
664 3279 683 3318 ι
651 3259 781 3320 tlevis
797 3260 924 3320 Dares'
916 3280 946 3320 ιιι
970 3278 1082 3319 νιιιιιιιι

157 3346 234 3423 risit,
275 3344 359 3403 ιιιιιι
375 3361 492 3423 poenas
504 3342 638 3402 daturus
663 3341 775 3403 Scribis
785 3349 952 3422 postremo,
966 3361 1015 3402 me
1025 3362 1081 3422 pro

157 3446 230 3488 meo
226 3361 319 3486 ,avom
342 3425 469 3485 ιιιιιιιιι
426 3432 519 3485 tutem
532 3424 607 3506 bapt
596 3425 732 3486 tisandit
720 3433 927 3521 teassumere,
946 3433 982 3487 et
991 3445 1081 3505 quae

157 3528 282 3589 cunque
314 3511 418 3569 animo
445 3528 516 3568 meo
552 3509 721 3569 insederint
745 3509 871 3569 nomina
893 3507 1085 3590 imponendi,

213 3779 245 3846 1)
267 3778 298 3830 In
318 3776 360 3830 ed.
386 3777 463 3832 dem:
483 3781 572 3834 notes·
