2356 4200
377 267 412 322 de
430 270 530 344 virtute
549 266 792 352 indulgentiarum.
985 253 1045 325 155
1128 249 1131 257 ¹

124 445 288 517 antequam
319 437 455 499 Christus
484 459 523 505 se,
547 440 686 520 erigeret.
734 437 777 497 At
799 457 871 516 ,non
904 435 959 495 illa
983 433 1047 495 hoc

114 521 288 602 cognovit,
317 540 384 580 cum
406 529 453 583 tot
475 528 590 594 starent
611 523 724 581 circum
747 540 814 580 eam
838 525 1046 594 accusatores,

124 603 225 664 donec
246 603 364 664 audiret
385 624 493 665 vocem
517 606 624 684 sponsi
646 604 792 664 dicentis:
814 603 914 664 Nemo
929 608 959 661 te
973 619 1045 661 cou-

124 687 289 762 demnavit,
311 688 440 748 mulier?
463 707 520 747 nec
542 707 601 767 ego
626 694 656 747 te
680 685 903 747 condemnabo.

205 767 399 843 usuarium
426 777 517 846 certe,
540 790 608 830 cum
625 777 785 850 peccasset
807 775 837 828 et
861 767 1048 847 apropheta

123 854 226 914 Natan
247 852 354 913 fuisset
373 854 576 933 reprehensus
599 873 638 913 ex
656 852 801 913 mandato
818 852 886 930 Dei,
908 856 1045 911 mortuus

124 937 233 996 fuisset
254 936 365 1012 subito,
389 936 511 1014 quando
536 944 684 1017 operante
705 936 735 994 in
759 955 797 995 co
821 935 919 1016 gratia
938 929 1044 993 iustifi-

130 1019 260 1079 cationis
284 1020 481 1079 exciamavit:
526 1020 656 1079 Peccavi
689 1019 784 1091 (baec
806 1025 852 1078 est
874 1017 954 1077 enim
982 1034 1045 1075 vox

124 1102 289 1178 iustorum,
312 1122 346 1162 se
363 1103 449 1182 ipsos
472 1104 570 1182 primo
593 1102 837 1177 accusantium),
860 1101 919 1160 nisi
943 1098 1046 1158 statim

126 1184 210 1245 velut
238 1184 403 1246 absolvens
424 1185 525 1245 Natan
557 1185 699 1245 dixisset:
744 1184 893 1245 Dominus
923 1199 1047 1261 quoque

124 1267 251 1327 abstulit
272 1275 432 1348 peccatum
456 1275 551 1344 tuum,
573 1288 635 1329 non
659 1268 806 1328 morieris,
840 1265 941 1341 Quare
964 1265 1046 1324 enim

123 1349 255 1410 addidit:
277 1350 348 1411 Non
362 1352 511 1426 morieris,
534 1352 590 1411 nisi
614 1353 684 1430 quia
705 1350 832 1411 videbat
845 1369 915 1410 eum
929 1356 1046 1408 terrore

122 1435 242 1512 peccati
266 1435 312 1492 sui
334 1435 533 1512 conquassari
557 1441 587 1494 et
609 1433 761 1494 deficere?
814 1465 818 1478 »

205 1515 245 1575 Et
265 1515 477 1592 Ezechias**)
508 1536 630 1596 quoque
652 1515 772 1593 audito,
809 1515 890 1594 quod
914 1533 1046 1575 morere·

124 1605 188 1676 tur,
219 1598 328 1658 fuisset
350 1607 497 1677 mortuus,
520 1600 578 1659 nisi
601 1619 706 1661 rursus
729 1598 767 1659 ab
789 1598 882 1667 Esaia
905 1597 1057 1659 consola.

123 1678 239 1742 tionem
258 1683 443 1762 accepisset,
467 1691 498 1743 et
520 1683 638 1764 signum
662 1681 793 1742 intrandi
816 1681 973 1760 templum,
997 1680 1045 1741 cui

127 1764 257 1825 credens
280 1764 369 1824 simul
392 1773 423 1826 et
444 1785 553 1846 pacem
564 1772 823 1845 peccatorumque
833 1764 1045 1825 remissionem

124 1846 267 1924 obtinuit,
290 1849 367 1907 sicut
389 1849 446 1908 ait:
470 1848 627 1909 Proiecisti
650 1854 721 1928 post
743 1853 859 1928 tergum
884 1853 966 1906 tuum
982 1866 1045 1907 om·

125 1931 178 1989 nia
201 1935 331 2009 peccata
355 1951 430 1992 mea.

205 2011 245 2072 Et
269 2014 395 2073 omniuo
414 2014 445 2073 in
457 2015 554 2074 veteri
567 2013 776 2089 Testamento,
800 2011 956 2091 quomodo
970 2009 1045 2071 fidu·

125 2096 174 2154 cia
196 2115 300 2155 eorum
325 2096 364 2156 de
386 2096 599 2157 misericordia
611 2097 668 2157 Dei
690 2114 727 2155 ac
741 2096 923 2156 remissione
937 2113 1045 2174 pecca-

123 2185 222 2238 torum
245 2180 398 2258 potuisset
420 2181 606 2258 consistere,
640 2179 698 2238 nisi
719 2179 802 2245 Deus
824 2197 905 2238 nunc
926 2177 1046 2257 appari-

124 2260 270 2338 tionibus,
293 2282 374 2320 nunc
395 2262 666 2342 inspirationibus,
685 2281 766 2321 nunc
788 2260 977 2323 oblationum
999 2259 1044 2318 in-

125 2344 337 2419 censionibus,
373 2364 454 2403 nunc
483 2344 615 2404 nebulae
645 2343 890 2421 ostensionibus,
919 2350 950 2403 et
977 2343 1044 2401 aliis

125 2428 219 2507 signis
250 2427 450 2504 ostendisset,
489 2447 557 2488 sese
589 2438 708 2509 gratum
735 2426 865 2516 habere,
901 2424 1044 2505 quicquid

125 2509 345 2589 operarentur?
377 2511 460 2589 quod
484 2530 566 2570 nuno
587 2511 651 2570 vult
672 2510 739 2570 ficri
763 2509 857 2570 verbo
881 2517 913 2569 et
931 2507 1044 2569 iudicio

124 2590 329 2653 sacerdotum.

207 2675 302 2754 Igitur
322 2677 462 2736 remissio
485 2676 542 2736 Dei
571 2677 698 2757 gratiam
728 2682 887 2763 operatur,
917 2673 971 2734 sed
999 2693 1043 2734 re-

125 2758 230 2817 missio
253 2758 422 2819 sacerdotis
445 2778 564 2838 pacem,
587 2779 666 2839 quae
688 2766 718 2818 et
739 2760 808 2839 ipsa
829 2764 876 2818 est
894 2758 992 2838 gratia
1014 2762 1046 2817 et

124 2838 239 2899 donum
264 2842 337 2917 Dei,
368 2842 440 2920 quia
460 2839 536 2901 fides
558 2843 746 2911 remissionis
769 2848 800 2902 et
820 2841 937 2922 gratiae
958 2859 1044 2919 prae·

124 2924 231 2984 sentis.
259 2924 299 2983 Et
312 2925 392 2983 hanc
413 2944 482 2984 meo
505 2944 597 2984 sensu
620 2924 753 2984 dicerem
768 2944 836 2985 esse
851 2943 928 2998 eam,
952 2920 1067 3001 quam'

124 3007 220 3065 nostri
244 3006 387 3067 doctores
411 3007 515 3066 dicunt
538 3027 592 3088 per
609 3016 801 3067 sacramenta
818 3007 968 3067 ecclesiae
982 3004 1044 3064 effi·

124 3090 239 3148 caciter
261 3089 401 3149 conferri.
445 3089 514 3149 Non
538 3096 639 3150 autem
661 3091 758 3169 ipsam
789 3091 917 3170 primam
940 3087 1044 3148 iustifi-

125 3178 257 3248 cantem,
281 3192 372 3251 quam
395 3180 466 3232 ante
490 3179 713 3232 sacramentum
738 3178 861 3254 oportet
882 3172 991 3232 adesse
1012 3171 1043 3231 in

124 3252 251 3331 adultis,
280 3255 335 3315 sed
367 3263 398 3314 ut
425 3256 572 3318 Romat
609 3255 730 3315 dicitur:
775 3255 865 3316 Fides
887 3257 918 3314 in
941 3252 1043 3331 fidem,
1104 3326 1108 3336 1

124 3344 248 3416 oportet
279 3339 360 3397 enim
389 3338 588 3399 accedentem
617 3336 751 3400 credere.
795 3338 836 3397 At
857 3337 1049 3420 baptisatum⁴

124 3427 249 3500 oportet
271 3422 362 3480 etiam
385 3421 519 3500 credere,
543 3443 575 3482 se
600 3429 683 3482 recte
705 3421 871 3483 credidisse
884 3427 924 3480 fet
941 3438 1043 3480 acces·

124 3504 219 3583 sisse,
249 3511 301 3563 aut
322 3523 431 3584 pacem
454 3524 609 3585 nunquam
630 3504 768 3581 habebit,
797 3523 875 3583 quae
898 3523 961 3563 nou
983 3503 1043 3565 nisi

198 3761 229 3830 ‘)
250 3762 267 3819 2
286 3761 360 3820 Sam.
380 3763 422 3819 12.
462 3762 507 3831 **)
526 3764 600 3818 Esai.
621 3760 664 3818 38.
