2356 4200
402 298 447 338 a
463 280 666 339 rumimu-
934 274 997 347 175

76 468 153 511 suaa
173 451 339 512 intentiori
360 450 558 530 eatisbuima,
579 449 663 530 quud
685 455 737 514 est.
754 448 946 530 impossibile
966 457 999 513 et

77 552 318 614 superaturam
337 531 512 594 redimam

132 660 135 665 .
157 615 234 677 Ideo
252 621 521 695 quantumounqua
533 622 708 696 operantur,
724 614 999 696 laborent-speum

75 699 192 778 lenum,
225 698 302 758 nibil
330 698 419 760 eliud
440 698 569 777 iaciunt,
589 716 681 778 quam
704 697 786 776 quod
805 700 939 760 *animae-¹
951 701 997 761 ia·

77 780 285 860 quietudinem
306 788 460 862 augeant,
489 800 582 860 quam
601 799 666 860 par·
678 780 756 841 liaeo
777 781 883 861 fugere
905 798 1001 861 quae*-

76 870 160 925 runt:
186 882 283 944 quae·
299 882 363 925 noa
392 863 549 946 effugitur,
576 865 634 924 aiei
664 862 791 925 rolando
822 864 1002 927 Patrem-et

75 947 197 1024 libum,
216 948 239 1008 i.·
260 967 301 1008 ω.
309 949 453 1028 gratiam.
464 946 748 1007 atrrriaerioordiam
761 944 818 1006 Dal
830 947 861 1006 in
873 945 996 1009 Christo

76 1028 166 1091 nobie
188 1030 297 1110 gratia,
322 1029 444 1108 datam,
472 1037 506 1090 at
532 1031 673 1090 marita
705 1028 851 1090 Christi
881 1030 1003 1091 nobis!

76 1113 280 1192 imputata.
322 1111 393 1172 latia
415 1131 491 1193 ergo
512 1131 597 1172 uuna
617 1110 704 1172 diuit:
752 1111 864 1173 Venite
885 1111 925 1172 ad
946 1130 996 1174 me

77 1214 205 1274 omnes,
228 1195 280 1274 qui
302 1193 504 1257 laborabam
524 1195 643 1256 onerati
666 1194 756 1271 eatis,
787 1201 819 1254 et
847 1212 906 1275 ego
928 1194 1003 1255 rell·-

76 1279 156 1339 oiam
178 1296 247 1356 vos,
269 1295 333 1338 nou
353 1278 364 1338 i
387 1279 494 1338 si-voa'
512 1275 671 1356 refloietia‘
685 1278 705 1337 i.
719 1295 755 1337 e.
770 1278 891 1356 quietos
905 1278 1004 1339 froia⁴

77 1362 122 1436 tis,
153 1359 210 1420 sed
238 1379 308 1440 ego.
357 1294 437 1435 <guid
462 1361 493 1420 in
515 1360 611 1422 vobis:
630 1359 783 1424 manetis?
828 1359 920 1425 urite
956 1359 1004 1421 de*

80 1443 168 1504 vobis
191 1449 223 1504 et
242 1443 346 1504 venite
367 1441 492 1520 admo,
519 1443 683 1524 desperate
703 1441 752 1502 de·
764 1442 859 1504 vobis·
872 1450 993 1524 etspe-

76 1532 145 1587 rate
163 1526 195 1586 iu
219 1545 279 1586 me.
326 1523 593 1589 SioutLAbraham
615 1526 711 1585 exivit
732 1523 770 1584 de
800 1532 897 1604 tarra,
923 1544 995 1608 oug-

76 1609 215 1687 natiuue‚
238 1607 332 1669 domo
355 1628 412 1669 sua
432 1616 465 1670 et
485 1610 582 1688 patris
602 1610 664 1669 aui:
687 1627 758 1668 nam
773 1606 883 1668 domus
900 1611 996 1689 patria
1045 1611 1054 1622 '

77 1692 174 1753 ποθῶ
187 1710 291 1751 mrmua
312 1691 372 1771 ipsi
392 1711 462 1770 aua,
483 1710 657 1753 nossumuu
678 1689 809 1751 muudus
819 1692 898 1773 ipae,
920 1710 995 1774 ergo

78 1793 117 1834 ex
146 1773 239 1835 nobie
266 1773 417 1852 eundum,
446 1776 518 1854 quia
539 1774 719 1835 'laboramus
752 1780 784 1833 et
823 1791 996 1838 oneramur.

77 1855 117 1918 lit
128 1857 277 1936 aptiuaia
293 1855 431 1918 Graauo:
452 1856 564 1918 Venite
585 1857 625 1917 ad
647 1876 697 1917 me
720 1874 838 1935 omnes,
859 1858 998 1936 quieotia

76 1938 309 2003 laboranteaet
328 1941 456 2003 onerati.
492 1941 595 2000 Mitius
614 1941 706 2000 euim.
718 1945 810 2017 osset,
833 1940 858 1999 ri
872 1943 996 2002 onerati

76 2020 304 2100 laboraremus,
333 2027 571 2084 monus-esset
591 2022 697 2101 labor3
725 2039 808 2082 nuno
827 2029 930 2083 autem
966 2031 998 2085 et

76 2103 165 2166 labor
183 2113 333 2183 eatuuua,
354 2105 373 2165 i.
392 2124 419 2167 e.
437 2104 621 2183 laboramus,
644 2106 890 2184 utquieaoamua,
913 2113 944 2166 et
963 2105 996 2168 id

34 2217 37 2224 ·
76 2188 176 2267 iprum
206 2186 347 2248 laborare
374 2189 472 2268 magia
501 2195 707 2266 amorerat,
735 2188 807 2266 quia
834 2197 1005 2268 peuoaturn·

75 2271 176 2350 magia
197 2277 327 2351 augetur
348 2277 462 2331 nostra·
475 2272 591 2331 iustitia
613 2278 643 2331 et
665 2269 818 2351 operibus,
841 2272 995 2332 nonalia

75 2354 185 2431 viatur,
198 2371 264 2414 neo.
275 2361 432 2414 securatur
443 2354 644 2433 eonscientia,
663 2353 718 2414 sed
740 2354 837 2434 magis
852 2353 995 2497 alflffiibrr

75 2435 248 2517 perillam
288 2435 329 2496 Ut
348 2435 469 2497 Eooler.
481 2441 536 2501 10:
573 2435 674 2499 Labor
695 2436 897 2497 stultoruma
931 2439 942 2496 i
982 2445 997 2497 t

76 2537 143 2596 eoa,
166 2519 218 2597 qui
233 2520 374 2579 nesciunt
395 2521 426 2579 in
448 2519 544 2582 verbo
566 2539 710 2600 pergere3
733 2527 764 2579 et
785 2539 891 2598 supra:
936 2456 994 2595 {rii

76 2600 221 2663 transfert
241 2600 376 2680 lapidee,¹
391 2601 537 2684 affligitur
548 2603 580 2663 in
593 2603 648 2681 eis,
670 2604 763 2681 etqui
777 2600 889 2663 scindit
901 2603 995 2684 ligna,

76 2683 287 2746 minorabitur
313 2685 353 2746 ab
381 2686 436 2747 aia.
486 2686 571 2746 Haeo
604 2691 676 2745 aunt
702 2684 815 2745 alticia-
839 2693 871 2745 et
899 2704 995 2766 opera

73 2767 325 2828 iustitiariorum..
358 2767 436 2827 Nam
460 2776 491 2829 et
505 2766 605 2849 uulgo
627 2767 737 2828 dieitur
758 2768 797 2826 de
819 2766 994 2830 difficilibus

75 2848 249 2927 laboribus,
282 2851 443 2929 tcta-toallte
472 2849 554 2914 litter
581 2851 684 2914 &teitu
711 2859 810 2929 trugeu
838 2855 896 2914 unt
922 2850 993 2930 tyri-3

74 2936 182 3010 buum:
213 2939 244 2992 et
272 2938 375 2992 tamea
403 2933 481 2994 haee
503 2933 564 2994 duo
588 2952 683 3013 opera
705 2932 777 3012 quid
800 2932 915 2994 saoiuut
937 2934 995 2994 niai

74 3015 142 3075 aliis
164 3015 302 3075 serviunt
323 3022 355 3076 et
376 3034 438 3077 non
462 3015 539 3078 sibit
569 3016 664 3097 igitur
675 3017 811 3094 requiem
825 3018 994 3077 animarum

74 3097 244 3159 audiamus.
291 3098 405 3159 Tollite
432 3101 536 3180 iugum
563 3118 663 3159 meum
692 3117 784 3179 super
811 3117 878 3164 vos,
924 3099 996 3161 Nou

74 3181 134 3258 ait,
158 3181 329 3260 operamini
349 3181 404 3241 illa
424 3183 474 3242 vel
496 3182 565 3261 illa,
594 3181 649 3242 sed
670 3182 772 3242 venite
794 3181 833 3241 ml
852 3201 920 3262 me,
949 3203 996 3244 re·

74 3262 203 3342 linquite
224 3282 282 3323 vos
303 3270 335 3324 et
355 3264 455 3325 tollite
477 3271 740 3325 omoemvestram
763 3271 836 3345 post
854 3285 921 3346 me3
943 3269 995 3346 qui

74 3347 159 3407 euim
179 3363 243 3408 non
265 3348 378 3427 auoipit
401 3366 522 3408 crucem
544 3366 631 3407 suam
654 3353 685 3408 et
700 3349 837 3426 sequitur
850 3369 908 3427 me,
931 3368 1006 3412 nou¹

74 3437 128 3491 est,
142 3448 192 3489 me
211 3428 332 3509 diguus.
375 3430 488 3495 ‚Venire
510 3432 591 3490 enim
615 3429 654 3491 ad
677 3430 829 3490 Christum
857 3441 888 3493 et
908 3435 1008 3494 exire

74 3511 112 3571 de
139 3531 173 3572 ae
194 3512 266 3591 ipso
282 3519 334 3573 ,eat
355 3532 469 3593 magna
490 3533 573 3592 crux,
597 3532 687 3593 quam
711 3531 802 3574 nemo
815 3517 913 3596 magis
926 3515 998 3578 hoa,

74 3603 136 3674 ret,
160 3613 252 3674 quam
274 3597 409 3674 quisuis
432 3596 576 3676 operibus
597 3601 727 3675 peuoata
748 3615 881 3680 purgare
903 3617 994 3678 quae

73 3684 151 3737 runt.
196 3675 275 3751 Quia
296 3677 327 3737 hi
349 3697 457 3739 omnes
479 3699 542 3740 non
564 3685 703 3760 peecata,
721 3678 775 3740 aed
789 3699 907 3760 poenas
924 3702 993 3763 peo-

74 3767 212 3821 oatorum
233 3760 366 3822 evadere
374 3762 513 3843 eripiant
523 3763 630 3843 (servi
638 3763 719 3823 anim
732 3769 811 3844 sunt,
832 3773 1017 3845 peooatumt
