2356 4200
161 248 224 316 150
411 251 606 307 Resolutiones
625 251 734 322 Disput.
754 253 830 306 Loth.

160 423 193 484 in
215 423 317 483 multis
335 421 461 483 milibus
482 421 658 481 hircorum?
680 421 824 501 Nunquid
838 421 919 482 dabo
931 422 1085 502 primoge-

163 506 259 571 nitum
282 525 384 566 meum
406 524 462 585 pro
487 505 603 565 scelere
625 523 713 582 meo,
734 505 865 565 frustum
885 507 1001 565 ventris
1023 507 1086 565 mei

156 607 220 670 pro
243 595 374 670 peceato
392 588 514 648 animae
531 587 640 648 meae?
663 606 692 667 q.
704 588 789 666 d.¹):
811 588 892 666 Non,
914 587 1086 667 quiaDeus

161 691 219 753 pro
247 679 377 752 peccato
408 671 492 730 nulla
520 671 593 730 talia
619 672 761 750 requirit,
795 671 849 732 sed
880 671 1024 731 iudicium
1055 677 1087 732 et

160 754 401 817 miseridordiam
424 762 455 814 et
477 755 635 824 timorem,
669 761 701 814 ut
729 754 842 815 dietum
873 760 937 833 est,
966 753 998 814 id
1027 761 1085 834 est,

119 860 128 867 ·
160 857 275 900 novam
296 840 401 899 vitam.
1027 834 1030 841 '

474 1033 691 1095 Conclusio
713 1030 768 1096 VI.

244 1170 330 1250 Papa
350 1189 414 1230 non
435 1176 540 1248 potest
560 1171 717 1229 remittere
740 1169 835 1230 ullam
857 1172 996 1250 eulpam,
1024 1172 1084 1232 nisi

161 1252 350 1315 declarando
385 1259 416 1312 et
442 1251 644 1332 approbando
677 1253 838 1312 remissam
872 1273 893 1314 a
913 1253 998 1332 Deo,
1031 1261 1086 1314 aut

163 1343 245 1397 uerte
264 1335 449 1396 remittendo
472 1354 561 1395 casus
582 1341 757 1395 reservatos
779 1336 851 1415 sibi,
881 1336 990 1416 quibus
1012 1355 1084 1398 oon-

162 1419 288 1500 temptis
311 1419 399 1499 eulpa
422 1437 548 1498 prorsus
569 1424 751 1479 remaneret.

245 1501 347 1562 Prima
366 1521 437 1582 pars
460 1509 507 1561 est
535 1508 598 1561 tam
620 1502 800 1580 manifesta,
828 1509 861 1562 ut
891 1506 981 1563 etiarn
1012 1522 1084 1565 eon-

162 1585 236 1647 fessi
253 1586 313 1645 sint
326 1585 450 1666 quidam
466 1603 535 1644 esse
546 1585 743 1664 impropriam
761 1586 942 1658 orationem,
959 1576 1083 1666 quando

162 1687 246 1750 papa
267 1668 320 1729 dat
340 1669 554 1729 remissionem
579 1668 698 1747 eulpae,
721 1669 773 1729 alii
795 1687 880 1748 vero,
903 1689 937 1728 se
958 1688 1022 1730 non
1040 1671 1083 1730 in-

163 1752 312 1833 telligere.
355 1750 470 1812 Omnes
493 1751 573 1810 enim
597 1748 782 1811 confitentur
808 1771 828 1811 a
851 1752 919 1813 solo
941 1753 1009 1813 Deo
1039 1772 1084 1814 re-

163 1836 241 1896 mitti
263 1836 401 1914 eulpam,
429 1829 597 1894 seeundum
623 1833 698 1892 iilud
721 1834 792 1894 Esa.
815 1837 870 1899 43:
914 1835 982 1916 Ego
1006 1855 1083 1913 sum,

163 1937 224 1999 ego
246 1938 312 1978 sum
335 1919 417 1998 ipse,
446 1918 497 1997 qui
528 1915 618 1983 deleo
652 1916 828 1996 iniquitates
862 1925 930 1978 tuas
957 1925 1084 2000 propter

164 2019 230 2079 me,
262 2006 293 2062 et
324 2006 521 2081 peecatorum
559 2005 679 2059 tuorum
710 2019 780 2060 -non
815 2001 1022 2079 recordabor,
1053 2009 1084 2063 et

162 2083 260 2145 Ioban
283 2088 317 2147 1:
359 2084 442 2144 Eece
461 2102 559 2162 eguus
580 2082 654 2160 Dei,
684 2101 757 2146 ecoe
779 2084 830 2162 qui
851 2084 934 2144 tollit
953 2091 1084 2165 peecata

164 2166 279 2244 nundi,
303 2173 334 2227 et
347 2167 449 2226 Psalm
465 2165 581 2233 130²):
604 2164 635 2225 Si
657 2165 834 2246 iniquitates
857 2167 1083 2246 observaveris,

163 2250 492 2326 Domine,'Domine,
514 2248 581 2327 quis
613 2249 795 2309 sustinebit?
837 2248 917 2323 Quia
945 2250 1027 2331 apud
1054 2256 1085 2311 te
1136 2288 1138 2294 ,

163 2333 340 2413 propitiatio
371 2339 431 2407 est,
464 2339 495 2392 et
527 2330 619 2391 infra:
662 2331 754 2411 Apud
776 2333 942 2392 Dominum
972 2335 1086 2395 miseri-

165 2416 280 2493 oordia,
303 2422 334 2476 et
355 2418 483 2495 eopiosa
504 2413 585 2495 apud
609 2432 678 2474 eum
701 2414 883 2494 redemptio,
906 2423 937 2475 et
957 2417 1025 2496 ipse
1040 2435 1085 2477 re·

163 2497 260 2559 dimet
274 2500 365 2558 israel
378 2519 417 2558 ex
431 2498 572 2559 omnibus
583 2498 793 2576 iniquitatibus
810 2500 884 2575 eius,
894 2506 924 2558 et
935 2498 1086 2596 Ps.51²):

165 2580 227 2643 Cor
248 2581 394 2642 mundum
418 2601 489 2642 crea
509 2582 540 2640 iu
562 2599 612 2640 me
634 2581 717 2641 Deus
741 2588 798 2641 eto.
843 2582 938 2641 Multa
966 2581 1027 2643 alia
1055 2603 1086 2642 1n

166 2666 333 2746 scripturis.
372 2665 413 2724 Et
433 2665 542 2725 beatus
563 2662 754 2743 Augustinus
777 2669 885 2724 eontra
906 2665 1086 2726 Donatistae

166 2754 227 2809 torn
250 2747 459 2828 frequentibus
493 2746 636 2826 operibus
666 2746 740 2806 nihii
770 2747 851 2806 aliud
882 2749 961 2828 agit,
995 2767 1086 2827 quam

165 2831 246 2912 quod
269 2851 288 2891 a
310 2831 378 2892 solo
401 2832 468 2891 Deo
491 2831 685 2891 remittuntur
705 2839 843 2910 peecata.

155 2919 158 2925 “
249 2914 394 2975 Secunda
418 2934 489 2993 pars
525 2912 676 2982 similiter,
694 2915 767 2973 satis
799 2919 901 2992 patet:
935 2915 1008 2991 quia
1037 2915 1088 2994 qui

166 3003 378 3060 eontemneret
399 3016 488 3057 casus
511 3003 700 3072 reservatos,
729 3003 812 3056 oerte
833 3015 896 3056 non
918 2998 1085 3058 remittere-

167 3087 215 3141 tur
237 3082 264 3141 ei
288 3080 352 3139 ulla
373 3080 472 3160 eulpa.
501 3078 561 3153 Qui
577 3096 634 3137 vos
647 3081 782 3157 spernit,
804 3080 911 3158 inquit,
933 3099 983 3139 me
1005 3099 1087 3159 sper-

167 3165 221 3241 nit,
243 3165 306 3224 imo
323 3163 424 3223 nullus
440 3164 524 3223 venit
540 3162 669 3221 remissa
681 3162 771 3241 eulpa
784 3181 803 3221 a
814 3163 892 3241 Deo,
918 3162 975 3222 nisi
998 3163 1088 3223 simui

168 3264 272 3308 senum
295 3253 398 3325 portet
418 3246 621 3306 reverentiam
645 3245 785 3304 clavium.

248 3329 336 3390 Hauo
358 3329 589 3391 conclusionem
614 3329 684 3407 quia
707 3348 815 3388 omnes
845 3347 949 3387 veram
979 3346 1088 3388 oonoe·

168 3412 258 3490 dunt,
280 3431 343 3472 non
367 3418 415 3473 est
436 3431 579 3491 neeesse,
602 3417 726 3490 utmea
747 3412 919 3472 assertione
940 3410 1088 3472 firmetur,

167 3495 225 3556 Hio
245 3501 355 3581 'tamon
387 3495 534 3579 signabo,
566 3515 644 3576 quae
671 3515 721 3555 me
748 3501 890 3574 movent,
921 3500 952 3554 et
977 3496 1088 3555 iterum

221 3759 252 3830 1)
273 3759 443 3817 laodien.
463 3760 553 3815 deest:
576 3777 601 3831 q.
614 3760 640 3816 d.
678 3755 710 3824 2)
734 3757 766 3810 In
787 3756 829 3813 ed.
848 3757 953 3828 prino:
971 3757 1034 3813 129.
1047 3757 1090 3814 50.
