2356 4200
123 267 185 335 ‘228
372 220 570 351 &solutiones
586 269 698 338 Disput.
717 268 796 333 curn.

132 476 161 512 ra
186 438 300 500 ¹Hanc
320 459 426 501 assero
450 446 482 501 et
501 439 611 520 probo.
655 439 705 500 Sic
727 439 840 499 ierem.
862 435 968 497 xvtl:
1054 496 1059 509 ,

145 562 157 593 e·
207 521 407 601 Maledictus,
435 524 488 602 qui
516 542 603 603 spem
633 542 719 583 suam
749 523 838 602 ponit
857 521 890 581 in
912 517 1053 593 homine,

125 610 157 675 et
182 606 270 684 ponit
292 624 416 667 carnem
447 606 602 667 brachium
632 624 730 666 suum.
792 604 862 665 Nou
892 610 942 663 est
969 601 1053 663 eninr

125 685 215 760 nobis
236 687 300 747 ulla
326 688 439 763 fiducia
459 689 589 767 salutis,¹
610 689 668 747 nisi
690 706 768 747 unus
788 687 879 749 Jesus
902 683 1054 761 Christus,

63 834 66 839 ,
124 789 183 831 neo
203 770 285 831 aliud
308 791 421 832 nomen
445 771 500 832 sub
522 771 612 833 coelo
640 771 760 848 datum,
789 788 850 849 quo
879 786 938 828 nos
963 784 1054 847 opor·

125 861 190 923 teat
216 854 320 931 salvos
341 853 416 915 fieri.
445 855 515 914 Act.
533 851 601 915 XV.
634 853 744 915 Pereat
774 871 849 934 ergo
877 848 995 911 flducia
1021 851 1054 913 iu

127 936 253 997 mortuis
275 937 380 1015 literis,
403 939 435 997 in
456 939 582 998 nomine
603 938 772 1012 veniarum,
795 937 826 995 in
844 934 974 995 nomine
994 932 1054 994 sui-

57 1039 60 1046 ·
125 1018 299 1100 tragini-um.
346 1018 505 1097 Secundo,
537 1021 616 1080 sicut
643 1019 722 1098 dixi,
750 1019 856 1079 literae
882 1026 915 1076 et
941 1016 1055 1079 veniae

126 1102 200 1163 nihil
229 1103 391 1163 conferunt
418 1102 544 1175 salutis,
578 1102 633 1163 sed
665 1100 877 1162 tantummodo
910 1099 1056 1175 auferunt

94 1202 97 1207 ⁴
125 1203 252 1264 poenas,
275 1203 334 1245 nec
356 1186 413 1245 nisi
436 1187 619 1262 canonicas,
647 1203 705 1245 nec
725 1184 782 1245 has
806 1201 914 1245 omnes
936 1189 1055 1243 tamen.

125 1269 227 1348 Atque
249 1269 298 1328 hic
319 1286 438 1327 mecum
474 1269 589 1328 utinam
623 1275 703 1329 terra
735 1274 765 1328 et
798 1264 959 1347 plenitudo
987 1266 1054 1327 eius

126 1361 264 1431 gemeret
292 1369 330 1410 ac
360 1349 450 1415 fleret
479 1371 572 1431 super
604 1350 815 1412 seductionem
838 1347 948 1430 populi
969 1347 1078 1411 chit·-

126 1434 226 1510 stiani,
251 1433 302 1511 qui
324 1435 440 1513 passim
452 1434 659 1514 indulgentias
681 1453 744 1495 uon
762 1433 851 1493 aliter
865 1430 1055 1512 intelligunt,

126 1535 217 1595 qnam
238 1515 388 1577 salutares
417 1516 508 1577 etad
535 1518 664 1577 fructum
678 1517 819 1596 *spiritus
842 1514 944 1593 utiles.
988 1512 1056 1581 Nec

127 1599 253 1676 mirum,
277 1617 346 1659 cunr
366 1618 430 1666 ¹uon
453 1601 640 1680 exprimatur
661 1601 705 1660 eis
726 1601 770 1659 rei
793 1597 957 1659 manifesta
977 1597 1057 1659 veri·

128 1690 200 1742 tas..
227 1681 430 1741 intelicissimi
446 1682 619 1760 Christiani,
641 1684 693 1762 qui
715 1683 822 1743 necin
842 1681 904 1741 suis
925 1680 1055 1759 meritis,

127 1765 239 1834 necin
263 1783 319 1824 sua
339 1766 531 1827 couscientia
561 1764 644 1827 bona
672 1772 804 1845 possunt
832 1761 992 1826 confidere
1014 1762 1055 1824 de

126 1846 242 1922 salute,
263 1847 425 1909 donentur
452 1848 608 1909 confidere
635 1849 834 1928 inscriptam
863 1852 895 1906 et
916 1852 1055 1909 creatam

126 1948 295 2009 papyrum,
318 1948 372 1990 cur
391 1949 454 1990 non
475 1933 519 1991 ita
540 1931 668 2010 loquar?
703 1930 773 2010 quid
803 1930 882 1990 enim
919 1928 1054 2010 amplius

124 2011 166 2072 ibi
191 2014 354 2092 confertur,
377 2013 476 2095 rogo?
504 2033 567 2074 non
591 2015 750 2091 contritio,
786 2010 966 2100 nnn0fides,
990 2030 1053 2073 non

124 2096 239 2175 gratia,
271 2095 325 2155 sed
349 2097 562 2158 tantummodo
592 2097 710 2157 externi
733 2096 864 2157 hominis
887 2112 1054 2174 poenuea

124 2177 294 2241 canonibus
314 2185 458 2240 statutae.
1007 2184 1021 2213 ·

208 2261 309 2339 Atque
346 2269 379 2323 ut
412 2261 535 2341 paulum
567 2261 736 2342 digrediar,
769 2260 871 2321 audivi
903 2279 965 2340 ego
986 2262 1053 2341 ipse

115 2343 247 2419 multoe,
268 2345 320 2423 qui
342 2343 421 2404 datis
442 2345 579 2425 pecuniis
594 2351 625 2404 et
638 2338 817 2424 redemptis
834 2343 929 2403 literis
952 2350 1051 2405 totam

124 2425 264 2487 fiduciam
288 2428 318 2485 in
340 2426 410 2487 illas
434 2435 611 2507 posuerunt.
646 2427 691 2488 lta
713 2428 794 2487 eninr
816 2426 865 2486 vel
887 2422 1051 2487 audierant

126 2516 177 2584 tut
197 2508 359 2592 dicebant)
394 2510 443 2569 vel
478 2509 530 2591 (ut
557 2530 616 2590 ego
646 2510 773 2571 honoris
805 2510 904 2590 gratia
933 2505 1048 2591 credo)

123 2592 340 2655 intellexerant
360 2611 532 2672 praecones
555 2594 711 2653 veniarum
735 2592 857 2654 docere.
904 2591 977 2653 Non
999 2591 1052 2653 iric

125 2676 224 2744 eoe¹t
249 2687 338 2751 taxo,
371 2677 449 2735 sicut
477 2695 536 2734 nec
571 2675 645 2735 milri
667 2675 757 2752 licet,
785 2676 835 2754 qui
859 2693 921 2735 non
945 2675 1052 2737 audivi

125 2777 293 2838 praecones
315 2758 468 2835 veniales,
491 2766 639 2818 excusent
661 2779 731 2819 sese
753 2759 829 2818 ultra
851 2759 955 2819 nivem
980 2777 1050 2819 can·

124 2841 240 2916 didius,
262 2861 331 2901 mea
352 2860 446 2901 causa
466 2840 587 2918 licebit,
609 2847 692 2902 certe
715 2841 821 2922 populi
843 2840 1051 2920 redarguendi

125 2932 195 2983 sunt
218 2933 386 2984 aureatam
408 2922 530 3002 illotae,
564 2930 596 2984 ut
615 2925 676 2983 illis
698 2923 845 2984 salutaria
876 2922 1051 2991 dicentibus

124 3007 183 3086 ipsi
205 3026 267 3067 nou
289 3007 348 3065 nisi
370 3007 516 3084 pestilera
536 3006 671 3067 audiunt.
784 3063 788 3070 .
917 3050 922 3058 ·
1019 3060 1024 3071 .

197 3086 315 3163 ·'Sed²)
339 3088 410 3149 dum
434 3089 479 3150 illi
500 3089 618 3151 dicunt:
651 3089 733 3149 Ante
762 3089 867 3150 omnia
888 3088 1000 3149 fratres
1019 3090 1051 3149 in

126 3171 277 3231 Christum
301 3172 432 3248 credite,
461 3179 554 3251 atque
574 3171 737 3249 confidite,
765 3179 797 3232 et
826 3172 1051 3252 poenitentiam

126 3257 224 3334 agiteq
249 3272 368 3313 crucem
394 3262 525 3314 vestram
548 3254 662 3331 tollite,
693 3255 845 3316 Christum
868 3255 1051 3333 sequamini.

126 3337 307 3398 mortificate
330 3336 591 3415 membra-vestra,
614 3338 723 3398 discite
735 3356 853 3417 poenas
876 3344 907 3396 et
918 3347 1050 3397 mortem

126 3440 189 3489 non
212 3418 426 3500 sormidam).
471 3422 552 3481 Ante
585 3423 689 3482 omnia
721 3430 857 3480 mutuam
885 3421 969 3481 inter
997 3439 1051 3480 vos

126 3505 285 3573 caritatem
306 3502 434 3580 habete,
464 3505 596 3564 invicem
619 3506 745 3582 servite,
778 3505 870 3564 etiarn
897 3503 1052 3583 neglectis

196 3705 227 3769 l)
248 3703 279 3754 lu
299 3702 340 3755 ed.
360 3703 420 3755 len.
441 3700 532 3754 deest:
554 3718 611 3755 eos.
655 3701 688 3766 2)
710 3701 739 3752 ln
761 3700 802 3754 ed.
825 3701 911 3769 princ.
932 3702 1052 3772 legitur:

123 3775 234 3871 spilicet.
270 3774 300 3839 3)
322 3775 350 3829 ln
370 3773 413 3828 ed.
433 3773 506 3826 teu:
526 3771 688 3828 formidare.
