2356 4200
440 264 681 343 reassumere.
958 273 1022 342 259

479 543 489 582 1
523 545 546 585 r.
662 544 674 584 1
743 545 772 585 m
798 545 874 585 rmr

98 604 274 685 plenariam
294 598 533 686 indulgentiam,
561 625 685 669 omnem
706 544 840 688 posuerit
861 610 894 669 iu
932 546 1026 691 >mig

99 688 184 751 turio
207 687 263 749 tibi
285 686 429 766 debltam,
450 707 507 768 pro
522 691 709 771 praemissis,
727 691 902 767 acrestituo
914 629 961 752 l'e
980 690 1026 753 ita

97 771 301 833 innocentiae
322 777 353 833 et
388 771 508 849 utitati.
524 790 616 850 quam
636 774 668 834 in
691 772 843 853 baptismo
865 774 1024 854 messuisti,

98 853 144 915 ita
165 851 251 933 qnod
273 851 349 915 dece
372 853 435 915 enti
453 852 521 915 Tibi
543 854 582 915 ab
604 855 666 917 hoc
687 855 793 917 seculo
809 855 1023 918 clausacsint

98 943 214 1017 portae
234 954 402 1016 pneumam
431 941 462 996 et
489 943 617 1017 apertae
639 939 750 999 ianuae
771 938 948 1000 deliciarum
970 948 1041 1020 pas⁴

97 1017 215 1084 radici:
248 1016 387 1093 Quodsi
413 1017 474 1079 hac
501 1021 569 1081 vice
597 1039 659 1082 uon
687 1022 854 1101 morieris,3
873 1021 962 1082 salva
981 1090 984 1097 ,
1003 1021 1012 1037 ’
1034 1050 1063 1089 ·,

98 1100 169 1165 Tibi
191 1099 390 1167 nihilominus
411 1102 471 1163 isia
486 1104 606 1182 gratia,
634 1102 758 1182 quando
777 1102 857 1165 ntus
880 1027 1095 1249 ἲιιειιήιινιῧ-Ι

100 1183 232 1245 articulo
255 1185 372 1246 mortis.
414 1183 450 1245 In
470 1186 597 1246 nomine
617 1185 716 1247 Patris
738 1191 770 1247 et
789 1186 859 1249 llilii
881 1192 913 1248 et
933 1185 985 1268 ΒΡ·
1021 1200 1025 1217 ³
1051 1192 1056 1207 ¹
1078 1186 1081 1191 '

98 1265 441 1331 menniscon.
562 1318 565 1323 .
648 1320 730 1329 ,,,
789 1320 793 1329 ,
856 1318 880 1333 .,

300 1390 437 1453 Forma
459 1395 610 1455 totiens
633 1384 828 1477 quotiens.
902 1386 915 1409 ”
967 1476 970 1483 Ι

183 1510 365 1580 Misereatur
385 1511 430 1575 tui
449 1517 508 1575 etc.
546 1512 696 1573 Dominus
717 1519 824 1575 noster
838 1512 928 1577 Jasus
940 1511 1026 1577 Chris

98 1599 166 1655 stus
186 1611 243 1673 per
266 1593 400 1655 miiitum
420 1612 498 1659 suae
514 1595 670 1674 ¹cessionis
693 1602 724 1661 te
744 1594 896 1661 absolvat
921 1594 1024 1659 Anto·

97 1678 190 1737 ritate
211 1676 278 1737 cius
290 1680 321 1737 et
334 1676 519 1756 apostolius,
541 1674 618 1737 mihi
636 1678 667 1740 iu
680 1677 742 1741 hcc
753 1683 842 1758 parte
857 1676 1025 1741 commissa

98 1765 132 1820 et
152 1758 209 1819 tibi
230 1776 397 1838 concessa,
428 1757 497 1840 Ego
522 1765 553 1820 te
575 1759 704 1825 absolvo
727 1759 766 1823 ab
789 1760 931 1825 omnibus
953 1776 1023 1826 cetu
1120 1828 1125 1841 ,

98 1842 180 1903 suris
199 1847 233 1903 et
253 1841 389 1921 peccatis
411 1843 486 1920 tuis,
518 1842 549 1909 in
580 1844 706 1905 nomine
727 1843 825 1905 Patris
848 1848 880 1905 et
901 1843 971 1905 lilii
994 1848 1026 1911 st

98 1923 231 2005 Spiritus
253 1922 368 1989 Sancti.
411 1928 518 1989 Amen

139 2058 279 2120 Forma
307 2059 655 2120 commutationum
676 2066 858 2122 votorum
879 2040 1013 2123 'futu-'¹

489 2160 625 2203 rorum.
733 2180 742 2194 .

181 2251 299 2314 Eadem
321 2253 487 2317 autoritate
508 2261 614 2315 votum
636 2253 687 2315 vel
709 2261 799 2335 vcta,
826 2273 883 2335 per
912 2261 944 2317 te
971 2254 1023 2317 vel

96 2354 154 2416 pro
182 2342 214 2396 ic
235 2337 380 2396 emissum
401 2334 452 2396 vel
474 2338 604 2416 emissa,
636 2338 667 2397 in
689 2337 765 2398 illud
788 2338 1023 2419 opuspictatin

96 2418 150 2480 vel
171 2419 203 2478 in
225 2418 279 2479 illa
301 2437 397 2498 opera
417 2420 549 2498 pietatis,
571 2421 771 2500 exprimendo
794 2422 849 2483 tibi
864 2426 1020 2483 commuto

97 2509 131 2562 et
151 2507 183 2563 te
206 2501 245 2562 eb
266 2501 320 2563 illo
344 2501 394 2562 vel
416 2501 477 2562 illis
498 2501 633 2581 redimo,
660 2504 692 2564 in
721 2505 848 2566 nomine
868 2505 967 2567 Patris
989 2510 1022 2567 ct

95 2583 168 2645 Filii
190 2582 371 2664 suspiritus
400 2583 431 2649 S.
467 2584 579 2647 Amen.

403 2720 476 2780 Pro
498 2720 714 2781 Defunctis.
778 2705 780 2709 ⁸

183 2830 336 2906 Quoniam
358 2830 576 2893 sanctissimus
599 2833 747 2895 Dominus
769 2841 894 2912 noster,
913 2834 1020 2927 Domi·

96 2935 156 2975 nus
178 2914 277 2975 Julius
294 2915 378 2994 Papa
398 2915 447 2992 ll.,
470 2916 597 2997 cupiens
619 2915 755 2979 subsidio
778 2916 913 2985 thesauri
935 2914 1020 2991 scuc-

99 3005 150 3059 lae
173 2998 278 3059 matris
297 2997 458 3059 Ecclesiae
480 3000 598 3059 aruimus
620 2999 884 3062 defunctorumin
908 3018 1018 3080 purgas

96 3082 179 3143 torio
203 3082 371 3142 existentes
399 3101 418 3142 a
445 3083 555 3161 poenis
577 3081 714 3163 liberari,
742 3082 839 3146 Nobis
866 3082 951 3149 fratri
971 3081 1020 3143 tt·

97 3164 225 3225 mctheo
255 3163 295 3224 de
324 3163 408 3225 Luca
429 3163 552 3226 Ordinis
567 3164 786 3231 'Minorumde
808 3162 1021 3244 Obseruantia,

96 3246 395 3327 apostolicaesedis
427 3266 519 3326 super
545 3254 642 3309 totam
670 3250 807 3328 ltaliam,
840 3248 1020 3328 Ungariam,

96 3329 278 3408 Poloniam‚
301 3329 491 3408 Bohemiam,
521 3330 676 3393 Austriam
704 3340 735 3393 et
755 3331 920 3394 nonnullas
943 3331 1020 3397 atius

95 3414 284 3494 provincias,
300 3413 402 3492 quoad
415 3414 629 3475 executionem
652 3416 760 3477 Bullae
781 3422 813 3476 et
833 3413 962 3474 aliarum
983 3413 1023 3488 ¹li·-

96 3503 233 3557 terarum
259 3496 499 3575 apostolicarum
530 3515 586 3576 pro
626 3498 742 3560 fabrica
772 3498 851 3559 infru
888 3498 1020 3577 scriptae

98 3579 253 3641 eeclesiae
275 3585 484 3645 emanatcrum
497 3578 617 3643 Nunnio
637 3587 672 3641 et
693 3581 904 3642 commissario
927 3598 1019 3659 geue·

96 3662 172 3741 tali,
206 3663 375 3742 commisit,
413 3668 446 3722 ut
484 3662 611 3742 singulis
643 3664 754 3724 Christi
782 3662 924 3723 fidelibus
963 3681 1019 3742 pro

98 3764 207 3807 eorum
229 3751 391 3825 pareutum
414 3745 464 3806 vel
486 3745 653 3809 amicorum
675 3746 888 3809 defunctorum
906 3746 1020 3819 anima-

747 3851 811 3920 ll*
