2356 4200
374 267 508 331 ad'nnl.
526 271 554 327 F.
571 270 642 327 sur.
660 271 809 327 hiem
950 314 958 324 .
1008 262 1050 335 Ἠ

129 440 261 507 meliora
277 440 451 505 valentibus
464 439 586 504 sufficit.
620 441 716 521 igitur
735 459 817 501 nunc
831 446 962 520 quatuor
981 445 1054 503 sunt

128 531 234 604 partes
247 526 467 604 poenitentiae,
490 524 617 601 scilicet,
638 524 764 601 attritio,
786 524 950 602 confessio,
979 543 1050 587 con-

131 607 214 673 aritio
229 614 263 668 et
276 608 454 686 satisfactio,
476 606 555 668 adeo
573 607 704 687 profecit
719 604 879 687 theologia
898 606 1051 670 adiutorio

128 689 356 771 philosophiae.

104 811 107 816 -
213 772 329 834 Contra
351 772 582 834 conclusionem
605 773 784 852 septimam,
808 772 859 834 ubi
882 771 956 848 dixi,
977 772 1053 835 nulli

126 855 241 917 remitti
263 856 384 936 culpam
412 857 475 917 uisi
493 855 631 919 subiecto
662 855 831 933 sacerdoti,
863 875 955 935 quam
982 874 1051 916 cum

128 957 233 1004 veram
247 957 414 1015 assereres,
437 946 468 999 et
489 946 591 1000 tamen
612 939 800 1018 inculpatam
822 938 973 1000 dimittere
987 957 1051 1002 non

127 1020 234 1100 velles,
255 1039 294 1083 eo
317 1041 367 1083 me
389 1021 496 1082 saltem
520 1022 671 1101 vituperio
693 1020 833 1098 foedasti,
855 1020 939 1101 quod
952 1021 1051 1101 lepro-

126 1123 195 1165 sum
216 1104 398 1184 appellasti,
428 1106 500 1183 quia
532 1106 692 1165 miscerem
720 1103 839 1184 aliquas
862 1105 1006 1166 veritates
1020 1102 1048 1184 ¹)

127 1186 319 1250 falsitatibus.

212 1269 334 1331 Gratias
357 1288 428 1350 ago,
451 1269 535 1350 quod
558 1270 724 1349 aliquando
748 1270 837 1339 (iicet
859 1288 1052 1350 cumoppro-

127 1351 212 1421 brio)
238 1372 380 1415 veracem
403 1373 453 1413 me
474 1352 640 1415 confiteris.
673 1352 734 1414 Sed
755 1352 786 1414 id
808 1353 956 1432 admiror,
979 1352 1051 1433 quid

126 1434 275 1496 acciderit
291 1435 570 1512 vobisThomistia,
591 1443 702 1497 uttam
724 1436 877 1504 diuersum
901 1432 1051 1499 sentiatis.

124 1517 216 1583 Hanc
237 1519 318 1579 enirn
346 1538 448 1582 meam
469 1519 702 1580 conclusionem
725 1519 903 1580 Thomistac
925 1525 957 1579 et
984 1525 1055 1580 tuae

125 1607 232 1663 sectas
260 1601 368 1662 fratres
403 1603 433 1661 iu
461 1601 627 1663 Germania
654 1603 732 1663 miro
760 1602 829 1663 nelo
852 1601 1053 1665 detestantur.

126 1682 175 1742 An
200 1683 290 1742 aliurn
314 1683 454 1744 habeatis
476 1684 627 1745 Thomam
651 1684 808 1763 initalia,
847 1692 878 1746 et
900 1686 993 1745 alium
1020 1686 1053 1745 in

125 1765 308 1840 Germania,
330 1767 457 1846 ignoro,
484 1768 543 1828 nisi
568 1768 649 1828 forte
678 1768 751 1829 mihi
780 1769 987 1848 suspicionem
1011 1768 1052 1827 f-

124 1866 198 1911 oere
219 1849 321 1927 vultis,
344 1848 427 1929 quod
447 1869 504 1910 neo
516 1849 695 1911 Thomistae
710 1850 870 1930 Thomam,
893 1870 952 1912 nec
972 1850 1052 1913 Tho-

125 1951 193 1995 mas
216 1931 391 1995 Thomistas
415 1932 575 2012 intelligat.

211 2014 259 2077 Ad
281 2021 424 2076 octavam
446 2015 536 2094 diois,
559 2017 637 2076 siout
658 2015 697 2076 ad
719 2016 898 2095 septimam,
934 2015 966 2076 id
995 2023 1053 2094 est,

126 2116 196 2159 esse
219 2116 333 2174 veram,
354 2097 410 2157 aed
433 2100 558 2159 mixtam
582 2099 649 2159 aliis
672 2098 766 2177 falsis,
788 2097 859 2159 ideo
882 2117 932 2159 ma
951 2099 1051 2178 lepro-

125 2200 192 2243 sum
216 2188 247 2242 et
268 2180 467 2244 maculosum.
511 2182 589 2243 Dico
613 2189 644 2241 et
666 2201 742 2261 ego,
765 2183 844 2242 sicut
864 2181 904 2241 ad
926 2201 1051 2261 praece·
1085 2188 1089 2203 '

124 2262 264 2337 dentem:
288 2262 460 2324 Conveniat
482 2265 612 2344 primurn
630 2264 796 2325 Thomistis
810 2265 935 2341 interae
954 2265 1051 2344 ipsos,

125 2352 158 2406 et
180 2352 253 2404 tuno
276 2353 413 2426 pugnent
437 2354 543 2407 contra
565 2367 624 2426 me,
648 2366 832 2426 quamquam
855 2344 949 2408 'miror
969 2347 1051 2408 hono

124 2428 357 2491 conclusionem
391 2435 421 2489 te
454 2449 517 2491 non
546 2429 726 2509 reprobare,
758 2450 826 2490 cum
856 2437 918 2490 tam
947 2430 1051 2491 multis

123 2530 306 2593 merosum
328 2513 376 2590 sit,
399 2532 468 2572 eam
489 2532 560 2574 esse
580 2513 699 2574 falsam.

209 2593 258 2657 Ad
271 2612 395 2672 nonam,
420 2595 471 2655 ubi
487 2596 560 2674 dixi,
584 2597 685 2675 excipi
707 2596 868 2656 articulum
890 2597 997 2656 mortis
1019 2602 1051 2656 et

125 2678 320 2739 necessitatis
338 2679 369 2737 in
385 2677 515 2739 decretis
535 2697 646 2759 papae,
667 2685 752 2739 recte
774 2697 824 2739 me
846 2678 961 2740 dixisse
983 2699 1049 2738 sen-

124 2761 180 2835 tis,
207 2760 262 2821 sed
284 2779 348 2820 non
369 2767 442 2840 apte
464 2781 517 2821 seu
539 2763 696 2841 apposite,
727 2760 810 2840 quod
831 2762 885 2821 illa
907 2762 1049 2840 exceptio

124 2842 332 2922 intelligatur,
368 2863 431 2904 non
454 2844 556 2922 quoad
577 2845 807 2924 impositionem
830 2845 1051 2924 poenitentiae,

125 2924 180 2985 sed
202 2926 304 3003 quoad
326 2928 567 2987 reservationem
590 2946 724 2988 casuum.

207 3008 321 3087 Primo,
341 3009 476 3069 Manhu?
498 3009 569 3088 quid
592 3009 642 3069 hio
663 3008 777 3070 audio?
799 3029 892 3089 supra
912 3015 1050 3069 manunt

125 3110 206 3169 quae
228 3090 314 3166 dicis,
336 3091 406 3152 ideo
429 3111 492 3151 non
514 3111 640 3172 possum
664 3092 703 3153 ad
725 3111 763 3153 ea
784 3091 981 3172 respondere.
1017 3091 1050 3152 Si

123 3192 208 3253 papa
229 3175 321 3235 etiam
343 3176 373 3234 in
391 3181 488 3235 morte
505 3182 643 3236 reservat
659 3176 819 3256 impositas
832 3175 1049 3255 poenitentias,

123 3257 225 3338 fateor
256 3277 306 3317 me
334 3277 396 3319 non
426 3257 614 3337 intelligere,
650 3258 806 3338 quomodo
835 3257 928 3334 alias,
958 3276 1050 3336 quam

124 3340 212 3399 iuxta
249 3358 385 3400 oauones
418 3341 620 3420 imponendas
654 3361 785 3402 asseras.
842 3339 1051 3400 &assedente

126 3423 209 3485 enim
233 3422 434 3484 conclusione
463 3423 627 3501 admisisti,
656 3425 810 3486 morituris
843 3423 1049 3504 poenitentias

126 3507 293 3565 canonicas
316 3526 378 3565 non
400 3507 528 3585 imponi,
549 3506 596 3566 his
616 3527 734 3568 rursum
749 3506 837 3566 dicis:
860 3525 973 3586 papam
985 3524 1049 3570 nou

125 3665 335 3676 ——-—-——-

179 3771 207 3832 1)
226 3770 258 3822 ln
277 3769 320 3825 ad.
338 3772 412 3825 len:
433 3770 590 3824 varietates.
