2356 4200
124 271 187 341 272
353 328 366 354 ,
398 209 400 215 ¹
509 274 644 330 riurano

125 444 198 522 nuli,
221 441 368 504 videlicet
385 438 531 503 intortio
552 442 602 504 vel
614 448 732 523 1quarto
752 439 1043 524 greduccnsangul

123 528 228 588 nitatis
250 527 300 587 vel
321 525 477 589 affinitatis
504 526 647 606 impediti
672 525 896 587 matrimonium
925 533 1043 587 contre·-

48 604 53 623 ‘
125 616 247 689 xerunt,
270 609 395 670 absolvi
412 604 779 690 etdispensari‘possunt,
794 610 1043 693 etinccntractc

124 692 319 754 matrimonio
339 711 508 772 remanere,
531 699 562 752 et
581 692 684 753 denuo
703 694 737 752 si·
750 711 827 772 opus
849 693 912 752 luit·
924 694 1044 754 contrltss

125 776 383 855 here-valebunt,
412 775 530 854 prolem
562 781 735 855 susceptam
765 780 796 835 et
814 774 1045 857 eusmpiendepl

126 859 294 940 legitimam
316 859 382 918 fore
403 856 625 918 declarando.·-
644 858 735 938 ltem',
760 857 800 918 de
820 857 964 918 omlrilrus
978 852 1045 917 'nisi

125 941 284 1002 leoblatis
304 942 428 1001 incertis
451 943 586 1003 ctetiam
603 941 694 1002 certis
712 952 771 1021 per
787 940 1046 1023 usurariam'prtil

125 1027 249 1086 vitatem
273 1025 447 1102 quaesitis.
840 1042 842 1047 ·
938 1028 942 1043 ²

208 1107 300 1185 Item,
323 1106 362 1167 de
386 1106 531 1167 omnibus
550 1105 661 1186 legatis
684 1105 723 1167 ad
743 1107 815 1186 pios
836 1125 908 1167 usus
930 1105 1046 1167 relictis

126 1190 312 1269 compositio
335 1197 365 1250 et
389 1188 577 1268 dispensatio
601 1187 666 1248 fieri
688 1194 800 1268 potest.
1025 1196 1039 1221 ·'

137 1304 140 1311 ·
167 1272 443 1351 ‘'l-tem,-··multee
472 1272 557 1331 aliae
584 1272 744 1333 facultates
775 1271 946 1351 habentur,
960 1276 1047 1351 ‘quire

127 1355 399 1417 causabrcvitatis
421 1356 609 1415 omittuntur.
667 1372 669 1377 ·
1016 1360 1019 1367 '

143 1470 146 1475 ·
210 1437 326 1498 idcirco
350 1437 522 1519 perpendat
538 1436 681 1531 populna,
704 1435 785 1516 quod
806 1436 856 1497 hic
876 1437 1047 1511 estltoma,

127 1521 190 1582 leta
221 1518 302 1581 nunc
335 1527 382 1581 est
415 1521 547 1582 ecclesie
575 1521 672 1580 sancti
709 1520 807 1598 Petri,
837 1527 868 1579 et
897 1519 1048 1580 ecclesiae

129 1622 217 1664 nunc>
245 1603 416 1686 visitandae
449 1610 537 1663 erunt
572 1603 643 1663 loco
689 1603 905 1663 ecclesiarum·
931 1602 1049 1662 Romae

129 1687 357 1748 visitandarum.
400 1686 438 1746 Hi
460 1684 655 1746 confessores
677 1686 902 1766 poenitentiarii
924 1692 996 1744 sunt
1018 1690 1050 1745 et

130 1777 260 1850 possunt
281 1771 359 1830 sicut
380 1770 499 1829 summi>
512 1770 728 1848 poenitentarii
746 1770 777 1827 in
799 1768 933 1828 ecclcsia'
949 1768 1048 1828 sancti

130 1853 219 1913 Petri.
262 1854 345 1913 Deus
369 1859 400 1913 et
419 1859 542 1912 sunonis
565 1851 670 1911 Petrus
693 1858 806 1911 vocent
831 1868 896 1914 vos.
941 1851 1049 1931 Dispo-

129 1937 193 1996 nite
216 1955 290 2017 ergo
314 1934 353 1996 ad
376 1942 492 1996 tantem
514 1936 643 2015 gratiam
666 1933 925 2013 consequendam,
947 1939 1048 2013 etpro

130 2020 228 2080 seluto
251 2020 420 2079 annnorum
448 2024 616 2078 vestrarum
646 2025 677 2077 et
703 2017 912 2077 detimctomm
934 2022 1051 2076 uestro·

131 2121 218 2164 rums
260 2101 363 2162 Nolite
396 2121 469 2182 ergo
503 2100 634 2161 tardere.
689 2099 770 2183 Quia
799 2118 859 2178 qua
888 2099 1048 2160 hore'non

134 2185 247 2266 putatis
270 2183 350 2245 lilius
373 2185 506 2244 hominis
528 2184 641 2243 veniet.
750 2214 753 2219 ·
936 2198 940 2207 “
1033 2206 1036 2211 ·

216 2268 308 2345 Item,
343 2277 599 2343 murmuratores,
621 2266 825 2342 detractores,
852 2272 883 2325 et
911 2263 1051 2343 qualiter-

134 2369 255 2430 cunque
283 2357 313 2410 et
344 2350 633 2429 quomodocunque,
662 2349 777 2408 directe
805 2347 853 2408 vel
894 2347 1052 2424 indirecte,

130 2434 257 2515 publice
268 2434 318 2493 vel
332 2434 462 2513 occulte,
479 2432 652 2493 huiusmodi
669 2432 827 2512 negotium
838 2429 1052 2510 impedientes,

133 2520 202 2597 ipsc
229 2517 311 2577 msto
343 2522 413 2575 srrnt
434 2537 452 2576 a
475 2517 668 2576 sanctissimo
692 2515 817 2575 domino
841 2520 946 2574 nostro
969 2512 1054 2593 Papa

134 2601 238 2661 Leone
258 2596 416 2679 praedicto
439 2599 711 2676 excommunicati,
744 2603 875 2676 suntque
902 2597 933 2656 in
955 2595 1054 2676 indig-

133 2685 261 2744 natione
284 2684 503 2762 omnipotentis
516 2683 572 2742 Dei
595 2689 626 2741 et
647 2681 805 2741 bealorum
818 2680 899 2739 Petri
920 2687 951 2739 et
967 2678 1053 2738 Pauli

131 2767 362 2848 apostolorum,
386 2786 404 2825 e
426 2785 487 2845 que
508 2764 827 2825 excommunicatione
848 2762 968 2823 absolvi
991 2778 1054 2822 non

136 2858 295 2931 poterunt,
327 2849 384 2908 nisi
412 2869 431 2907 a
459 2850 526 2909 solo
550 2849 633 2926 Papa
665 2847 714 2906 vel
743 2848 808 2905 eius
832 2845 1053 2924 commissario,

135 2935 206 2996 ideo
228 2939 346 3013 cavete,
369 2951 411 2992 ne
431 2930 552 3013 ponatis
577 2950 612 2990 cs
635 2933 664 2990 in
688 2930 817 2990 coelum.

409 3067 544 3133 Sermo
568 3048 782 3129 Secundus.

212 3183 412 3247 ‘Venerabilis
430 3187 572 3265 Domine,
594 3203 670 3265 rogo
695 3190 727 3243 ut
747 3183 847 3243 velitis
870 3180 985 3262 populo
1004 3199 1057 3241 vo·

137 3269 184 3332 bis
193 3269 329 3330 subiecto
342 3266 492 3344 intimare,
505 3289 544 3327 ne
558 3274 672 3328 tantam
685 3267 824 3347 gratiam,
840 3263 879 3327 sd
892 3263 1067 3326 salvandos.

139 3354 256 3413 animas
291 3366 484 3429 concessum,
517 3346 674 3432 negligere
705 3350 786 3411 velit.
837 3347 936 3424 Sciat,
974 3344 1056 3425 quod

140 3437 269 3498 Sanctus
300 3436 479 3495 Laurentius
512 3453 619 3493 omnes
648 3433 807 3493 thesauros
841 3430 991 3490 ecclesiae
1028 3435 1059 3489 ct

140 3537 250 3598 corpus
274 3538 362 3577 suum
385 3518 510 3579 tradidit
531 3517 568 3577 ad
592 3515 766 3594 assandum,
790 3520 913 3574 sanctus
930 3511 1057 3572 Bartho-

140 3603 279 3662 lomaeus
301 3603 455 3681 propriam
478 3600 590 3680 pellem
607 3599 769 3659 crudeliter
785 3595 960 3674 moriendo,
993 3594 1058 3656 Sic

140 3686 258 3766 pharius
281 3684 442 3765 lapidatus,
466 3696 633 3762 omnesque
645 3690 794 3762 martyres
808 3681 890 3739 caesi
904 3686 934 3738 et
946 3678 1058 3739 mortui

141 3775 212 3828 sunt
231 3787 288 3848 pro
310 3767 409 3829 salute
431 3768 561 3828 animae.
604 3765 644 3825 m
665 3772 696 3826 tu
715 3782 779 3826 non
799 3764 845 3822 vie
858 3765 1059 3843 cognoscere,
