2356 4200
444 297 549 351 Contra
566 295 644 352 obst
663 297 744 351 Eccii.
991 294 1056 362 419

127 457 129 462 ”
218 463 380 547 leteriml)
404 463 434 523 id
457 463 494 524 eb
518 464 655 526 obelisco
678 471 784 529 nostro
805 454 888 545 peto
931 465 963 527 ni
989 465 1054 547 dig.

87 582 113 594 -
134 547 222 606 nitetl
246 549 428 611 osorementi
450 556 602 628 repugnat
621 549 734 608 nullius
755 566 876 628 poenes
897 550 1053 628 remissio,

133 632 281 690 conuenit
301 638 404 692 eutem
425 648 547 710 poenes
567 633 717 707 remissio,
740 632 873 690 maxime
891 648 929 691 eo
950 649 1053 712 oense,
1139 678 1146 690 .

133 713 207 793 quie
228 721 421 773 sacramente
443 733 542 774 novoe
565 714 641 794 legis
663 713 800 774 efficiunt
816 712 898 792 quod
912 713 1054 794 figurant,

133 814 209 876 ergo
232 794 365 876 figurent
380 796 593 857 remissionom
606 815 776 877 poenorum
788 795 947 872 duntaxat,
969 797 1054 876 quod

132 896 196 938 non
219 879 318 938 solum
341 881 371 938 in
396 879 633 957 ecclesiasticos,
656 879 711 939 sed
735 879 827 939 etiem
846 881 876 938 in
895 879 1052 939 scholasti·

132 978 187 1021 ces
209 960 354 1023 doctores
376 963 563 1024 hoereticum
586 970 648 1040 est,
670 981 708 1022 so
730 963 825 1023 semel
847 963 984 1023 omnium
1007 981 1053 1022 se-

131 1052 357 1105 crementorum
389 1045 540 1105 ecclesiae
570 1046 701 1108 eversio.
751 1043 841 1121 Quod
861 1064 965 1104 rursus
988 1063 1051 1106 nou

132 1126 332 1196 Bobemioum
356 1129 437 1187 virus
464 1135 580 1188 tentum
613 1135 664 1198 (ut
696 1127 768 1187 milri
796 1129 963 1207 imponitt‚
997 1127 1052 1187 sed

130 1209 200 1290 plns
223 1229 314 1290 quem
336 1212 472 1270 omnium
495 1211 735 1286 haereticorum,
758 1213 809 1289 qui
832 1228 965 1289 nuquam
989 1211 1051 1270 fue·

130 1300 215 1370 runt,
251 1300 304 1352 out
325 1293 415 1353 lutrrri
444 1302 530 1372 sunt,
560 1294 735 1373 pestilentia
763 1301 819 1352 est.
869 1294 938 1353 Non
968 1295 1050 1353 enirn

129 1368 310 1454 pdensrum,
326 1376 380 1436 sed
392 1376 550 1455 culparum
564 1377 776 1436 remissionem
794 1375 936 1456 figurant.
959 1376 1051 1451 Quod

130 1460 156 1517 si
184 1458 342 1538 culparum
370 1458 503 1539 figurent
530 1460 758 1536 remissionem,
786 1466 817 1518 et
843 1459 990 1519 sacerdos
1019 1459 1051 1519 id

129 1559 192 1601 non
214 1541 287 1602 fecit
308 1541 505 1618 declarando,
527 1560 603 1621 rogo
627 1541 752 1600 Ecoium
777 1560 887 1619 meum,
910 1541 1052 1622 dignetur

128 1623 288 1707 interim)
312 1643 433 1684 mecum
455 1643 524 1684 esse
546 1624 713 1703 discipulus
735 1630 766 1683 et
787 1622 974 1702 disputator,
997 1624 1050 1685 do-

129 1725 188 1766 nec
216 1708 246 1766 in
275 1709 333 1768 hec
363 1727 397 1767 rc
417 1707 509 1768 umbo
531 1708 722 1766 inveniemus
747 1707 923 1787 magistrum
947 1715 979 1766 et
999 1706 1049 1767 de·

128 1789 323 1852 cleretorem.
367 1790 502 1850 Videsne
524 1789 665 1866 tandem,
694 1788 766 1868 quid
789 1790 828 1848 sit
849 1790 982 1850 alienum
1004 1791 1047 1849 in·

129 1873 254 1953 genium
278 1874 345 1933 sine
366 1875 478 1933 timore
500 1880 592 1952 etque
614 1891 682 1931 cum
704 1871 820 1931 invidie
842 1872 997 1939 demeare.

433 2000 483 2062 m.
517 1984 733 2076 obtinens>

209 2117 264 2179 lic.
295 2118 375 2178 Male
408 2119 587 2179 incusantur
619 2118 796 2178 secerdotes
836 2124 867 2178 et
899 2118 1048 2197 episcopi,

125 2203 272 2281 quoniam
301 2203 379 2260 sicut
405 2203 436 2259 in
466 2205 493 2265 6.
525 2202 725 2261 conclusione
750 2201 847 2260 voluit
868 2219 979 2279 papam
1002 2221 1048 2261 re·

126 2285 247 2344 mittere
270 2285 402 2364 culpem,
424 2284 611 2344 declarando
632 2286 791 2344 remissam
815 2303 834 2343 e
856 2284 921 2342 [leo
944 2291 975 2342 et
997 2303 1048 2363 ep-

124 2366 287 2446 probendo
314 2369 469 2446 (quamvis
482 2367 621 2439 frivolum
638 2367 777 2427 videntur
798 2367 973 2426 inferiorem
995 2386 1047 2445 ep-

124 2450 257 2530 probere
279 2449 360 2509 secte
382 2451 577 2528 superioris),
599 2452 642 2509 ita
664 2450 809 2510 sacerdos
831 2447 1046 2528 potestdecle-

123 2551 192 2593 rere
221 2534 366 2592 morituro
391 2552 512 2611 poenes
542 2535 707 2592 canonicas
729 2532 852 2592 divinoe
874 2533 1046 2592 sententiae

124 2615 300 2675 conformes
333 2617 362 2674 in
392 2617 601 2694 purgatorium
633 2617 801 2692 reservari,
835 2635 897 2676 non
922 2615 1045 2693 quidem

125 2699 201 2758 setis
229 2698 367 2778 egendo,
399 2698 454 2757 sed
482 2699 727 2759 satisfaciendo.
773 2698 910 2773 Quodsi
934 2704 1047 2757 norunt

123 2781 283 2860 Episcopi,
305 2800 368 2841 non
390 2780 582 2860 dormitasse,
605 2781 659 2841 sed
682 2781 763 2841 ultre
785 2781 949 2841 Lutherum
972 2781 1045 2860 vigi·

123 2864 207 2924 lesse
230 2863 350 2925 dicendi
374 2871 452 2923 sunt.

208 2947 295 3006 Loth.
312 2947 472 3006 ,Frivolum
489 2953 545 3022 est,
562 2948 668 3025 inquit,
686 2947 860 3006 inferiorern
873 2943 1045 3024 approbare

122 3031 207 3091 fecto
228 3031 402 3109 superioris.
435 3029 477 3088 At
491 3030 520 3087 in
538 3031 639 3108 priore
652 3029 799 3106 obelisco,
812 3029 875 3088 imo
888 3026 1043 3105 besilisco,

124 3131 187 3173 non
200 3112 429 3189 eretdrivolum,
445 3112 498 3171 sed
513 3113 775 3191 religiosissimum
792 3112 893 3183 (itaut
903 3118 934 3170 et
944 3111 1045 3170 Merti-

123 3215 181 3262 nus,
202 3195 350 3256 Lntherus
371 3195 403 3253 id
424 3213 487 3254 non
510 3193 692 3266 attenderet,
714 3196 824 3274 impius
847 3192 991 3253 videlicet
1013 3200 1044 3253 et

122 3277 245 3357 rudis),
275 3291 387 3358 pepem
414 3296 470 3357 per·
496 3296 632 3338 oenones
660 3277 816 3337 declarare
837 3277 1044 3355 poenitentiae

122 3381 143 3422 e
163 3361 231 3422 Deo
255 3362 425 3439 impositos.
468 3359 508 3419 Et
529 3362 559 3419 in
584 3360 644 3421 hoc
666 3359 857 3420 sacerdotem
887 3358 1043 3418 declarare

122 3463 241 3524 poenes
263 3444 385 3504 divinae
407 3443 539 3503 iustitiae
562 3444 736 3504 conformes
758 3443 907 3502 reservari
924 3442 955 3501 in
973 3461 1040 3521 pur-

122 3528 285 3608 gatorium.
327 3526 392 3587 Nisi
414 3527 492 3586 forte
514 3524 787 3605 obeliscogrephus
806 3523 1041 3585 idhebetliber·

122 3676 280 3686 ————--·-‘-
293 3673 392 3680 .......-.—.
398 3672 480 3677 ...0-
488 3671 497 3677 -
505 3671 568 3677 >..---

176 3739 208 3808 1)
222 3737 303 3807 Apud
310 3737 423 3791 Loesch.
435 3741 461 3788 et
470 3735 547 3789 ined.
558 3735 699 3789 Wittenb.:
718 3734 832 3788 interes.

180 3814 211 3879 ')
231 3810 374 3864 Adversus
394 3810 436 3864 to.
457 3814 484 3861 et
504 3809 544 3862 11.
562 3806 693 3862 mucius
709 3804 829 3859 Lutheri.

770 3896 838 3970 27*
