<?xml version="1.0" encoding="UTF-8"?>
<!DOCTYPE html PUBLIC "-//W3C//DTD XHTML 1.0 Transitional//EN"
    "http://www.w3.org/TR/xhtml1/DTD/xhtml1-transitional.dtd">
<html xmlns="http://www.w3.org/1999/xhtml" xml:lang="en" lang="en">
 <head>
  <title>
</title>
<meta http-equiv="Content-Type" content="text/html;charset=utf-8" />
  <meta name='ocr-system' content='tesseract 3.04.00' />
  <meta name='ocr-capabilities' content='ocr_page ocr_carea ocr_par ocr_line ocrx_word'/>
</head>
<body>
  <div class='ocr_page' id='page_1' title='image "./dmartinilutheri01luthgoog_0518.png"; bbox 0 0 2356 4200; ppageno 0'>
   <div class='ocr_carea' id='block_1_1' title="bbox 372 254 1051 392">
    <p class='ocr_par' dir='ltr' id='par_1_1' title="bbox 372 254 1051 392">
     <span class='ocr_line' id='line_1_1' title="bbox 372 254 1051 392; baseline 0.003 -38"><span class='ocrx_word' id='word_1_1' title='bbox 372 298 406 354; x_wconf 70' lang='lat' dir='ltr'><strong>sa</strong></span> <span class='ocrx_word' id='word_1_2' title='bbox 425 299 499 354; x_wconf 74' lang='lat' dir='ltr'><strong>niu.</strong></span> <span class='ocrx_word' id='word_1_3' title='bbox 513 254 547 355; x_wconf 77' lang='lat' dir='ltr'><strong>r.</strong></span> <span class='ocrx_word' id='word_1_4' title='bbox 570 302 637 354; x_wconf 77' lang='lat' dir='ltr'><strong>snv.</strong></span> <span class='ocrx_word' id='word_1_5' title='bbox 657 303 805 392; x_wconf 59' lang='lat' dir='ltr'><strong>samaa.</strong></span> <span class='ocrx_word' id='word_1_6' title='bbox 1011 300 1051 365; x_wconf 73' lang='lat' dir='ltr'><strong>aa</strong></span> 
     </span>
    </p>
   </div>
   <div class='ocr_carea' id='block_1_2' title="bbox 123 469 1131 3618">
    <p class='ocr_par' dir='ltr' id='par_1_2' title="bbox 128 469 1052 700">
     <span class='ocr_line' id='line_1_2' title="bbox 128 469 1050 552; baseline 0.002 -20"><span class='ocrx_word' id='word_1_7' title='bbox 128 469 262 548; x_wconf 76' lang='lat' dir='ltr'><strong>iaciant,</strong></span> <span class='ocrx_word' id='word_1_8' title='bbox 285 469 398 532; x_wconf 87' lang='lat' dir='ltr'><strong>deinde</strong></span> <span class='ocrx_word' id='word_1_9' title='bbox 421 490 492 532; x_wconf 90' lang='lat' dir='ltr'><strong>suas</strong></span> <span class='ocrx_word' id='word_1_10' title='bbox 514 470 673 552; x_wconf 90' lang='lat' dir='ltr'><strong>basilicas,</strong></span> <span class='ocrx_word' id='word_1_11' title='bbox 706 472 873 535; x_wconf 88' lang='lat' dir='ltr'><strong>novissime</strong></span> <span class='ocrx_word' id='word_1_12' title='bbox 893 472 1050 545; x_wconf 85' lang='lat' dir='ltr'><strong>basilicam</strong></span> 
     </span>
     <span class='ocr_line' id='line_1_3' title="bbox 128 551 1052 634; baseline 0.002 -18"><span class='ocrx_word' id='word_1_13' title='bbox 128 551 159 616; x_wconf 82' lang='grc'><strong>8.</strong></span> <span class='ocrx_word' id='word_1_14' title='bbox 182 551 264 615; x_wconf 87' lang='lat' dir='ltr'><strong>Petri</strong></span> <span class='ocrx_word' id='word_1_15' title='bbox 292 555 414 634; x_wconf 82' lang='lat' dir='ltr'><strong>iuvent,</strong></span> <span class='ocrx_word' id='word_1_16' title='bbox 446 556 518 633; x_wconf 92' lang='lat' dir='ltr'><strong>quia</strong></span> <span class='ocrx_word' id='word_1_17' title='bbox 552 563 675 628; x_wconf 85' lang='lat' dir='ltr'><strong>vestrae</strong></span> <span class='ocrx_word' id='word_1_18' title='bbox 704 556 856 618; x_wconf 88' lang='lat' dir='ltr'><strong>ecclesiae</strong></span> <span class='ocrx_word' id='word_1_19' title='bbox 885 574 948 618; x_wconf 92' lang='lat' dir='ltr'><strong>non</strong></span> <span class='ocrx_word' id='word_1_20' title='bbox 982 556 1052 618; x_wconf 87' lang='lat' dir='ltr'><strong>sunt</strong></span> 
     </span>
     <span class='ocr_line' id='line_1_4' title="bbox 129 635 447 700; baseline 0.009 -4"><span class='ocrx_word' id='word_1_21' title='bbox 129 635 220 699; x_wconf 88' lang='lat' dir='ltr'><strong>nobis</strong></span> <span class='ocrx_word' id='word_1_22' title='bbox 242 639 447 700; x_wconf 78' lang='lat' dir='ltr'><strong>necessariae.</strong></span> 
     </span>
    </p>

    <p class='ocr_par' dir='ltr' id='par_1_3' title="bbox 123 719 1053 1298">
     <span class='ocr_line' id='line_1_5' title="bbox 135 719 1053 802; baseline 0 -21"><span class='ocrx_word' id='word_1_23' title='bbox 135 757 138 767; x_wconf 92' lang='lat'>·</span> <span class='ocrx_word' id='word_1_24' title='bbox 202 719 549 802; x_wconf 55' lang='lat' dir='ltr'><strong>*Adrquadragesimam</strong></span> <span class='ocrx_word' id='word_1_25' title='bbox 575 726 717 782; x_wconf 89' lang='lat' dir='ltr'><strong>octavam</strong></span> <span class='ocrx_word' id='word_1_26' title='bbox 737 721 816 781; x_wconf 91' lang='lat' dir='ltr'><strong>adeo</strong></span> <span class='ocrx_word' id='word_1_27' title='bbox 836 721 998 802; x_wconf 73' lang='lat' dir='ltr'>impingis,</span> <span class='ocrx_word' id='word_1_28' title='bbox 1019 727 1053 781; x_wconf 92' lang='lat' dir='ltr'><strong>ut</strong></span> 
     </span>
     <span class='ocr_line' id='line_1_6' title="bbox 129 804 1052 884; baseline 0.001 -21"><span class='ocrx_word' id='word_1_29' title='bbox 129 804 260 865; x_wconf 85' lang='lat' dir='ltr'><strong>veritate</strong></span> <span class='ocrx_word' id='word_1_30' title='bbox 282 804 427 864; x_wconf 88' lang='lat' dir='ltr'><strong>confusus</strong></span> <span class='ocrx_word' id='word_1_31' title='bbox 457 823 519 865; x_wconf 90' lang='lat' dir='ltr'><strong>non</strong></span> <span class='ocrx_word' id='word_1_32' title='bbox 548 806 648 884; x_wconf 90' lang='lat' dir='ltr'><strong>possis</strong></span> <span class='ocrx_word' id='word_1_33' title='bbox 681 806 819 866; x_wconf 87' lang='lat' dir='ltr'><strong>invenire</strong></span> <span class='ocrx_word' id='word_1_34' title='bbox 851 804 923 884; x_wconf 89' lang='lat' dir='ltr'><strong>quid</strong></span> <span class='ocrx_word' id='word_1_35' title='bbox 957 804 1052 876; x_wconf 85' lang='lat' dir='ltr'><strong>dicas.</strong></span> 
     </span>
     <span class='ocr_line' id='line_1_7' title="bbox 127 885 1052 968; baseline 0 -21"><span class='ocrx_word' id='word_1_36' title='bbox 127 885 267 948; x_wconf 80' lang='lat' dir='ltr'><strong>Tandem</strong></span> <span class='ocrx_word' id='word_1_37' title='bbox 290 886 329 946; x_wconf 90' lang='lat' dir='ltr'><strong>ad</strong></span> <span class='ocrx_word' id='word_1_38' title='bbox 359 887 439 947; x_wconf 88' lang='lat' dir='ltr'><strong>hano</strong></span> <span class='ocrx_word' id='word_1_39' title='bbox 467 887 630 947; x_wconf 75' lang='lat' dir='ltr'><strong>descendis</strong></span> <span class='ocrx_word' id='word_1_40' title='bbox 651 889 815 968; x_wconf 77' lang='lat' dir='ltr'><strong>ineptiam,</strong></span> <span class='ocrx_word' id='word_1_41' title='bbox 846 887 967 947; x_wconf 87' lang='lat' dir='ltr'><strong>dicens:</strong></span> <span class='ocrx_word' id='word_1_42' title='bbox 995 886 1052 964; x_wconf 86' lang='lat' dir='ltr'><strong>Tu,</strong></span> 
     </span>
     <span class='ocr_line' id='line_1_8' title="bbox 127 968 1052 1044; baseline -0.001 -14"><span class='ocrx_word' id='word_1_43' title='bbox 127 969 320 1044; x_wconf 73' lang='lat' dir='ltr'><strong>Martinc¹],</strong></span> <span class='ocrx_word' id='word_1_44' title='bbox 356 971 382 1030; x_wconf 93' lang='lat' dir='ltr'><strong>si</strong></span> <span class='ocrx_word' id='word_1_45' title='bbox 411 969 570 1031; x_wconf 84' lang='lat' dir='ltr'><strong>habuisses</strong></span> <span class='ocrx_word' id='word_1_46' title='bbox 598 971 772 1032; x_wconf 89' lang='lat' dir='ltr'><strong>aDomino</strong></span> <span class='ocrx_word' id='word_1_47' title='bbox 802 978 908 1031; x_wconf 91' lang='lat' dir='ltr'><strong>nostro</strong></span> <span class='ocrx_word' id='word_1_48' title='bbox 938 968 1052 1030; x_wconf 91' lang='lat' dir='ltr'><strong>bonum</strong></span> 
     </span>
     <span class='ocr_line' id='line_1_9' title="bbox 127 1053 1053 1134; baseline 0 -20"><span class='ocrx_word' id='word_1_49' title='bbox 127 1053 352 1133; x_wconf 85' lang='lat' dir='ltr'><strong>episcopatum,</strong></span> <span class='ocrx_word' id='word_1_50' title='bbox 375 1071 443 1112; x_wconf 91' lang='lat' dir='ltr'><strong>cum</strong></span> <span class='ocrx_word' id='word_1_51' title='bbox 467 1053 604 1132; x_wconf 89' lang='lat' dir='ltr'><strong>plenaria</strong></span> <span class='ocrx_word' id='word_1_52' title='bbox 627 1053 819 1134; x_wconf 90' lang='lat' dir='ltr'><strong>indulgentia</strong></span> <span class='ocrx_word' id='word_1_53' title='bbox 840 1053 879 1114; x_wconf 88' lang='lat' dir='ltr'><strong>ad</strong></span> <span class='ocrx_word' id='word_1_54' title='bbox 901 1053 1053 1117; x_wconf 83' lang='lat' dir='ltr'><strong>ecclesiae</strong></span> 
     </span>
     <span class='ocr_line' id='line_1_10' title="bbox 123 1135 1052 1214; baseline 0 -18"><span class='ocrx_word' id='word_1_55' title='bbox 123 1141 202 1196; x_wconf 77' lang='lat' dir='ltr'><strong>tuae</strong></span> <span class='ocrx_word' id='word_1_56' title='bbox 228 1136 473 1214; x_wconf 87' lang='lat' dir='ltr'><strong>reparationem,</strong></span> <span class='ocrx_word' id='word_1_57' title='bbox 505 1139 584 1197; x_wconf 88' lang='lat' dir='ltr'><strong>torte</strong></span> <span class='ocrx_word' id='word_1_58' title='bbox 607 1135 794 1197; x_wconf 77' lang='lat' dir='ltr'><strong>dulcioribus</strong></span> <span class='ocrx_word' id='word_1_59' title='bbox 825 1136 926 1198; x_wconf 86' lang='lat' dir='ltr'><strong>verbis</strong></span> <span class='ocrx_word' id='word_1_60' title='bbox 959 1135 1052 1197; x_wconf 89' lang='lat' dir='ltr'><strong>abun·</strong></span> 
     </span>
     <span class='ocr_line' id='line_1_11' title="bbox 128 1217 919 1298; baseline 0 -19"><span class='ocrx_word' id='word_1_61' title='bbox 128 1217 248 1298; x_wconf 83' lang='lat' dir='ltr'><strong>(lassas,</strong></span> <span class='ocrx_word' id='word_1_62' title='bbox 270 1224 303 1278; x_wconf 88' lang='lat' dir='ltr'><strong>et</strong></span> <span class='ocrx_word' id='word_1_63' title='bbox 323 1218 433 1297; x_wconf 89' lang='lat' dir='ltr'><strong>quibus</strong></span> <span class='ocrx_word' id='word_1_64' title='bbox 454 1219 598 1298; x_wconf 84' lang='lat' dir='ltr'><strong>detrahis,</strong></span> <span class='ocrx_word' id='word_1_65' title='bbox 621 1221 727 1279; x_wconf 86' lang='lat' dir='ltr'><strong>venias</strong></span> <span class='ocrx_word' id='word_1_66' title='bbox 746 1221 919 1281; x_wconf 84' lang='lat' dir='ltr'><strong>extulisses.</strong></span> 
     </span>
    </p>

    <p class='ocr_par' dir='ltr' id='par_1_4' title="bbox 126 1301 1131 2128">
     <span class='ocr_line' id='line_1_12' title="bbox 132 1301 1052 1382; baseline 0.004 -23"><span class='ocrx_word' id='word_1_67' title='bbox 132 1332 159 1359; x_wconf 56' lang='grc' dir='ltr'><strong>ιἈ</strong></span> <span class='ocrx_word' id='word_1_68' title='bbox 211 1301 419 1380; x_wconf 78' lang='lat' dir='ltr'><strong>Respondes,</strong></span> <span class='ocrx_word' id='word_1_69' title='bbox 446 1301 525 1363; x_wconf 88' lang='lat' dir='ltr'><strong>forte</strong></span> <span class='ocrx_word' id='word_1_70' title='bbox 546 1311 578 1361; x_wconf 89' lang='lat' dir='ltr'><strong>et</strong></span> <span class='ocrx_word' id='word_1_71' title='bbox 600 1309 631 1362; x_wconf 90' lang='lat' dir='ltr'><strong>tu</strong></span> <span class='ocrx_word' id='word_1_72' title='bbox 654 1311 777 1382; x_wconf 87' lang='lat' dir='ltr'><strong>spectas</strong></span> <span class='ocrx_word' id='word_1_73' title='bbox 806 1322 855 1363; x_wconf 91' lang='lat' dir='ltr'><strong>me</strong></span> <span class='ocrx_word' id='word_1_74' title='bbox 882 1321 922 1362; x_wconf 89' lang='lat' dir='ltr'><strong>ex</strong></span> <span class='ocrx_word' id='word_1_75' title='bbox 949 1302 1052 1363; x_wconf 88' lang='lat' dir='ltr'><strong>animo</strong></span> 
     </span>
     <span class='ocr_line' id='line_1_13' title="bbox 126 1382 1131 1464; baseline -0.001 -18"><span class='ocrx_word' id='word_1_76' title='bbox 126 1391 195 1458; x_wconf 73' lang='lat' dir='ltr'><strong>tuo,</strong></span> <span class='ocrx_word' id='word_1_77' title='bbox 217 1382 299 1463; x_wconf 89' lang='lat' dir='ltr'><strong>quod</strong></span> <span class='ocrx_word' id='word_1_78' title='bbox 322 1385 454 1446; x_wconf 88' lang='lat' dir='ltr'><strong>coniicio</strong></span> <span class='ocrx_word' id='word_1_79' title='bbox 476 1404 516 1444; x_wconf 88' lang='lat' dir='ltr'><strong>ex</strong></span> <span class='ocrx_word' id='word_1_80' title='bbox 538 1403 594 1461; x_wconf 93' lang='lat' dir='ltr'><strong>eo,</strong></span> <span class='ocrx_word' id='word_1_81' title='bbox 625 1384 707 1464; x_wconf 92' lang='lat' dir='ltr'><strong>quod</strong></span> <span class='ocrx_word' id='word_1_82' title='bbox 738 1393 799 1446; x_wconf 90' lang='lat' dir='ltr'><strong>tam</strong></span> <span class='ocrx_word' id='word_1_83' title='bbox 826 1386 959 1446; x_wconf 90' lang='lat' dir='ltr'><strong>molliter</strong></span> <span class='ocrx_word' id='word_1_84' title='bbox 980 1384 1052 1445; x_wconf 89' lang='lat' dir='ltr'><strong>adu·</strong></span> <span class='ocrx_word' id='word_1_85' title='bbox 1130 1453 1131 1456; x_wconf 8' lang='grc' dir='ltr'><strong>Ἴ</strong></span> 
     </span>
     <span class='ocr_line' id='line_1_14' title="bbox 127 1465 1052 1548; baseline -0.002 -19"><span class='ocrx_word' id='word_1_86' title='bbox 127 1467 212 1529; x_wconf 73' lang='lat' dir='ltr'><strong>tuus.</strong></span> <span class='ocrx_word' id='word_1_87' title='bbox 255 1465 287 1528; x_wconf 79' lang='lat' dir='ltr'><strong>si</strong></span> <span class='ocrx_word' id='word_1_88' title='bbox 309 1486 369 1548; x_wconf 91' lang='lat' dir='ltr'><strong>ego</strong></span> <span class='ocrx_word' id='word_1_89' title='bbox 391 1467 431 1527; x_wconf 89' lang='lat' dir='ltr'><strong>ad</strong></span> <span class='ocrx_word' id='word_1_90' title='bbox 453 1468 665 1547; x_wconf 87' lang='lat' dir='ltr'><strong>episcopatum</strong></span> <span class='ocrx_word' id='word_1_91' title='bbox 684 1470 862 1548; x_wconf 84' lang='lat' dir='ltr'><strong>aspirarem,</strong></span> <span class='ocrx_word' id='word_1_92' title='bbox 885 1476 969 1529; x_wconf 86' lang='lat' dir='ltr'><strong>certe</strong></span> <span class='ocrx_word' id='word_1_93' title='bbox 989 1469 1052 1529; x_wconf 89' lang='lat' dir='ltr'><strong>non</strong></span> 
     </span>
     <span class='ocr_line' id='line_1_15' title="bbox 129 1548 1053 1630; baseline 0 -20"><span class='ocrx_word' id='word_1_94' title='bbox 129 1569 169 1611; x_wconf 85' lang='lat' dir='ltr'><strong>aa</strong></span> <span class='ocrx_word' id='word_1_95' title='bbox 197 1549 357 1629; x_wconf 86' lang='lat' dir='ltr'><strong>loquerer,</strong></span> <span class='ocrx_word' id='word_1_96' title='bbox 392 1569 471 1629; x_wconf 85' lang='lat' dir='ltr'><strong>quae</strong></span> <span class='ocrx_word' id='word_1_97' title='bbox 502 1557 535 1610; x_wconf 94' lang='lat' dir='ltr'><strong>tu</strong></span> <span class='ocrx_word' id='word_1_98' title='bbox 561 1551 827 1630; x_wconf 83' lang='lat' dir='ltr'><strong>impatientissime</strong></span> <span class='ocrx_word' id='word_1_99' title='bbox 859 1551 956 1612; x_wconf 89' lang='lat' dir='ltr'><strong>audis.</strong></span> <span class='ocrx_word' id='word_1_100' title='bbox 1004 1548 1053 1611; x_wconf 85' lang='lat' dir='ltr'><strong>An</strong></span> 
     </span>
     <span class='ocr_line' id='line_1_16' title="bbox 128 1634 1085 1716; baseline 0.001 -24"><span class='ocrx_word' id='word_1_101' title='bbox 128 1634 275 1716; x_wconf 84' lang='lat' dir='ltr'><strong>ignorare</strong></span> <span class='ocrx_word' id='word_1_102' title='bbox 293 1651 342 1693; x_wconf 92' lang='lat' dir='ltr'><strong>me</strong></span> <span class='ocrx_word' id='word_1_103' title='bbox 364 1634 479 1710; x_wconf 91' lang='lat' dir='ltr'><strong>credis,</strong></span> <span class='ocrx_word' id='word_1_104' title='bbox 509 1652 570 1712; x_wconf 89' lang='lat' dir='ltr'><strong>qua</strong></span> <span class='ocrx_word' id='word_1_105' title='bbox 598 1635 648 1694; x_wconf 87' lang='lat' dir='ltr'><strong>via</strong></span> <span class='ocrx_word' id='word_1_106' title='bbox 676 1635 873 1713; x_wconf 84' lang='lat' dir='ltr'><strong>episcopatus</strong></span> <span class='ocrx_word' id='word_1_107' title='bbox 904 1639 936 1694; x_wconf 88' lang='lat' dir='ltr'><strong>et</strong></span> <span class='ocrx_word' id='word_1_108' title='bbox 956 1651 1054 1696; x_wconf 87' lang='lat' dir='ltr'><strong>sacer·</strong></span> <span class='ocrx_word' id='word_1_109' title='bbox 1082 1645 1085 1649; x_wconf 85' lang='grc'><strong>’</strong></span> 
     </span>
     <span class='ocr_line' id='line_1_17' title="bbox 129 1715 1054 1797; baseline -0.001 -20"><span class='ocrx_word' id='word_1_110' title='bbox 129 1715 217 1777; x_wconf 87' lang='lat' dir='ltr'><strong>dotia</strong></span> <span class='ocrx_word' id='word_1_111' title='bbox 237 1716 269 1776; x_wconf 93' lang='lat' dir='ltr'><strong>in</strong></span> <span class='ocrx_word' id='word_1_112' title='bbox 291 1715 366 1776; x_wconf 89' lang='lat' dir='ltr'><strong>urbe</strong></span> <span class='ocrx_word' id='word_1_113' title='bbox 389 1716 575 1793; x_wconf 87' lang='lat' dir='ltr'><strong>obtinentur,</strong></span> <span class='ocrx_word' id='word_1_114' title='bbox 597 1716 720 1795; x_wconf 90' lang='lat' dir='ltr'><strong>quando</strong></span> <span class='ocrx_word' id='word_1_115' title='bbox 739 1717 819 1776; x_wconf 91' lang='lat' dir='ltr'><strong>hanc</strong></span> <span class='ocrx_word' id='word_1_116' title='bbox 836 1718 922 1797; x_wconf 85' lang='lat' dir='ltr'><strong>pueri</strong></span> <span class='ocrx_word' id='word_1_117' title='bbox 937 1717 968 1776; x_wconf 92' lang='lat' dir='ltr'><strong>in</strong></span> <span class='ocrx_word' id='word_1_118' title='bbox 991 1735 1054 1778; x_wconf 89' lang='lat' dir='ltr'><strong>orn·</strong></span> 
     </span>
     <span class='ocr_line' id='line_1_18' title="bbox 127 1798 1057 1880; baseline -0.001 -21"><span class='ocrx_word' id='word_1_119' title='bbox 127 1798 220 1860; x_wconf 89' lang='lat' dir='ltr'><strong>nibus</strong></span> <span class='ocrx_word' id='word_1_120' title='bbox 241 1799 353 1879; x_wconf 85' lang='lat' dir='ltr'><strong>plateis</strong></span> <span class='ocrx_word' id='word_1_121' title='bbox 376 1799 458 1859; x_wconf 89' lang='lat' dir='ltr'><strong>orbis</strong></span> <span class='ocrx_word' id='word_1_122' title='bbox 473 1799 618 1860; x_wconf 85' lang='lat' dir='ltr'><strong>cantant?</strong></span> <span class='ocrx_word' id='word_1_123' title='bbox 640 1800 781 1880; x_wconf 91' lang='lat' dir='ltr'><strong>Denique</strong></span> <span class='ocrx_word' id='word_1_124' title='bbox 803 1819 885 1860; x_wconf 90' lang='lat' dir='ltr'><strong>nunc</strong></span> <span class='ocrx_word' id='word_1_125' title='bbox 906 1799 987 1860; x_wconf 86' lang='lat' dir='ltr'><strong>lacta</strong></span> <span class='ocrx_word' id='word_1_126' title='bbox 1009 1802 1057 1860; x_wconf 87' lang='lat' dir='ltr'><strong>est</strong></span> 
     </span>
     <span class='ocr_line' id='line_1_19' title="bbox 129 1880 1057 1962; baseline -0.001 -20"><span class='ocrx_word' id='word_1_127' title='bbox 129 1901 231 1944; x_wconf 88' lang='lat' dir='ltr'><strong>rerum</strong></span> <span class='ocrx_word' id='word_1_128' title='bbox 253 1880 432 1942; x_wconf 83' lang='lat' dir='ltr'><strong>foedissima</strong></span> <span class='ocrx_word' id='word_1_129' title='bbox 453 1883 569 1958; x_wconf 85' lang='lat' dir='ltr'><strong>Roma,</strong></span> <span class='ocrx_word' id='word_1_130' title='bbox 599 1883 707 1944; x_wconf 89' lang='lat' dir='ltr'><strong>omitto</strong></span> <span class='ocrx_word' id='word_1_131' title='bbox 737 1883 869 1961; x_wconf 91' lang='lat' dir='ltr'><strong>reliqua,</strong></span> <span class='ocrx_word' id='word_1_132' title='bbox 897 1900 978 1962; x_wconf 86' lang='lat' dir='ltr'><strong>quae</strong></span> <span class='ocrx_word' id='word_1_133' title='bbox 1005 1881 1057 1941; x_wconf 89' lang='lat' dir='ltr'><strong>hic</strong></span> 
     </span>
     <span class='ocr_line' id='line_1_20' title="bbox 129 1963 1056 2051; baseline -0.002 -25"><span class='ocrx_word' id='word_1_134' title='bbox 129 1965 218 2026; x_wconf 82' lang='lat' dir='ltr'><strong>velut</strong></span> <span class='ocrx_word' id='word_1_135' title='bbox 239 1970 373 2025; x_wconf 76' lang='lat' dir='ltr'><strong>hemena</strong></span> <span class='ocrx_word' id='word_1_136' title='bbox 395 1971 427 2024; x_wconf 87' lang='lat' dir='ltr'><strong>st</strong></span> <span class='ocrx_word' id='word_1_137' title='bbox 447 1984 467 2025; x_wconf 88' lang='lat' dir='ltr'><strong>a</strong></span> <span class='ocrx_word' id='word_1_138' title='bbox 488 1966 617 2051; x_wconf 74' lang='lat' dir='ltr'><strong>vepitbte</strong></span> <span class='ocrx_word' id='word_1_139' title='bbox 639 1964 752 2026; x_wconf 86' lang='lat' dir='ltr'><strong>fractus</strong></span> <span class='ocrx_word' id='word_1_140' title='bbox 770 1963 921 2045; x_wconf 87' lang='lat' dir='ltr'><strong>disperdis</strong></span> <span class='ocrx_word' id='word_1_141' title='bbox 943 1965 1056 2045; x_wconf 94' lang='lat' dir='ltr'><strong>potius,</strong></span> 
     </span>
     <span class='ocr_line' id='line_1_21' title="bbox 130 2046 598 2128; baseline -0.004 -20"><span class='ocrx_word' id='word_1_142' title='bbox 130 2066 223 2128; x_wconf 88' lang='lat' dir='ltr'><strong>quam</strong></span> <span class='ocrx_word' id='word_1_143' title='bbox 247 2046 391 2127; x_wconf 85' lang='lat' dir='ltr'><strong>loqueris.</strong></span> <span class='ocrx_word' id='word_1_144' title='bbox 596 2112 598 2116; x_wconf 59' lang='grc'>,</span> 
     </span>
    </p>

    <p class='ocr_par' dir='ltr' id='par_1_5' title="bbox 130 2128 1071 2875">
     <span class='ocr_line' id='line_1_22' title="bbox 183 2128 1056 2212; baseline -0.002 -21"><span class='ocrx_word' id='word_1_145' title='bbox 183 2135 185 2139; x_wconf 80' lang='grc'>’</span> <span class='ocrx_word' id='word_1_146' title='bbox 214 2128 264 2191; x_wconf 85' lang='lat' dir='ltr'><strong>Ad</strong></span> <span class='ocrx_word' id='word_1_147' title='bbox 286 2129 551 2210; x_wconf 85' lang='lat' dir='ltr'><strong>quadragesimam</strong></span> <span class='ocrx_word' id='word_1_148' title='bbox 573 2149 688 2212; x_wconf 89' lang='lat' dir='ltr'><strong>nonam</strong></span> <span class='ocrx_word' id='word_1_149' title='bbox 711 2130 820 2191; x_wconf 88' lang='lat' dir='ltr'><strong>eadem</strong></span> <span class='ocrx_word' id='word_1_150' title='bbox 836 2131 933 2191; x_wconf 83' lang='lat' dir='ltr'><strong>saliva</strong></span> <span class='ocrx_word' id='word_1_151' title='bbox 949 2128 1056 2191; x_wconf 88' lang='lat' dir='ltr'><strong>venias</strong></span> 
     </span>
     <span class='ocr_line' id='line_1_23' title="bbox 130 2211 1053 2291; baseline -0.002 -17"><span class='ocrx_word' id='word_1_152' title='bbox 130 2213 223 2274; x_wconf 89' lang='lat' dir='ltr'><strong>utiles</strong></span> <span class='ocrx_word' id='word_1_153' title='bbox 256 2214 382 2291; x_wconf 85' lang='lat' dir='ltr'><strong>astruis,</strong></span> <span class='ocrx_word' id='word_1_154' title='bbox 435 2213 490 2273; x_wconf 88' lang='lat' dir='ltr'><strong>sed</strong></span> <span class='ocrx_word' id='word_1_155' title='bbox 538 2213 788 2290; x_wconf 85' lang='lat' dir='ltr'><strong>occasionaliter,</strong></span> <span class='ocrx_word' id='word_1_156' title='bbox 832 2214 950 2274; x_wconf 88' lang='lat' dir='ltr'><strong>scilicet</strong></span> <span class='ocrx_word' id='word_1_157' title='bbox 984 2211 1053 2273; x_wconf 88' lang='lat' dir='ltr'><strong>dum</strong></span> 
     </span>
     <span class='ocr_line' id='line_1_24' title="bbox 131 2294 1071 2378; baseline -0.002 -22"><span class='ocrx_word' id='word_1_158' title='bbox 131 2297 236 2357; x_wconf 89' lang='lat' dir='ltr'><strong>anima</strong></span> <span class='ocrx_word' id='word_1_159' title='bbox 253 2315 294 2356; x_wconf 89' lang='lat' dir='ltr'><strong>ex</strong></span> <span class='ocrx_word' id='word_1_160' title='bbox 314 2296 376 2356; x_wconf 93' lang='lat' dir='ltr'><strong>hoc</strong></span> <span class='ocrx_word' id='word_1_161' title='bbox 396 2296 427 2355; x_wconf 93' lang='lat' dir='ltr'><strong>in</strong></span> <span class='ocrx_word' id='word_1_162' title='bbox 450 2297 615 2376; x_wconf 87' lang='lat' dir='ltr'><strong>gratiarum</strong></span> <span class='ocrx_word' id='word_1_163' title='bbox 638 2298 777 2357; x_wconf 87' lang='lat' dir='ltr'><strong>actiones</strong></span> <span class='ocrx_word' id='word_1_164' title='bbox 791 2298 930 2378; x_wconf 84' lang='lat' dir='ltr'><strong>assurgit.</strong></span> <span class='ocrx_word' id='word_1_165' title='bbox 960 2294 1071 2373; x_wconf 51' lang='lat' dir='ltr'><strong>Quasi¹</strong></span> 
     </span>
     <span class='ocr_line' id='line_1_25' title="bbox 131 2379 1055 2458; baseline -0.003 -18"><span class='ocrx_word' id='word_1_166' title='bbox 131 2398 219 2441; x_wconf 86' lang='lat' dir='ltr'><strong>asses</strong></span> <span class='ocrx_word' id='word_1_167' title='bbox 240 2379 354 2453; x_wconf 90' lang='lat' dir='ltr'><strong>rhetor,</strong></span> <span class='ocrx_word' id='word_1_168' title='bbox 376 2386 438 2438; x_wconf 88' lang='lat' dir='ltr'><strong>tam</strong></span> <span class='ocrx_word' id='word_1_169' title='bbox 457 2380 558 2439; x_wconf 90' lang='lat' dir='ltr'><strong>varios</strong></span> <span class='ocrx_word' id='word_1_170' title='bbox 582 2387 613 2439; x_wconf 90' lang='lat' dir='ltr'><strong>et</strong></span> <span class='ocrx_word' id='word_1_171' title='bbox 635 2381 804 2458; x_wconf 88' lang='lat' dir='ltr'><strong>exquisitos</strong></span> <span class='ocrx_word' id='word_1_172' title='bbox 825 2380 911 2440; x_wconf 91' lang='lat' dir='ltr'><strong>locos</strong></span> <span class='ocrx_word' id='word_1_173' title='bbox 924 2379 1055 2439; x_wconf 89' lang='lat' dir='ltr'><strong>invenis.</strong></span> 
     </span>
     <span class='ocr_line' id='line_1_26' title="bbox 133 2461 1057 2544; baseline -0.003 -21"><span class='ocrx_word' id='word_1_174' title='bbox 133 2462 196 2523; x_wconf 84' lang='lat' dir='ltr'><strong>Gur</strong></span> <span class='ocrx_word' id='word_1_175' title='bbox 223 2481 285 2522; x_wconf 94' lang='lat' dir='ltr'><strong>non</strong></span> <span class='ocrx_word' id='word_1_176' title='bbox 321 2462 413 2522; x_wconf 90' lang='lat' dir='ltr'><strong>etiam</strong></span> <span class='ocrx_word' id='word_1_177' title='bbox 442 2462 482 2522; x_wconf 91' lang='lat' dir='ltr'><strong>ad</strong></span> <span class='ocrx_word' id='word_1_178' title='bbox 510 2461 645 2522; x_wconf 90' lang='lat' dir='ltr'><strong>balatum</strong></span> <span class='ocrx_word' id='word_1_179' title='bbox 682 2464 748 2523; x_wconf 89' lang='lat' dir='ltr'><strong>ovis</strong></span> <span class='ocrx_word' id='word_1_180' title='bbox 784 2461 860 2522; x_wconf 91' lang='lat' dir='ltr'><strong>dicis</strong></span> <span class='ocrx_word' id='word_1_181' title='bbox 895 2478 1057 2544; x_wconf 84' lang='lat' dir='ltr'><strong>assurgere</strong></span> 
     </span>
     <span class='ocr_line' id='line_1_27' title="bbox 132 2544 1058 2624; baseline -0.002 -18"><span class='ocrx_word' id='word_1_182' title='bbox 132 2546 269 2607; x_wconf 83' lang='lat' dir='ltr'><strong>animam</strong></span> <span class='ocrx_word' id='word_1_183' title='bbox 292 2545 528 2605; x_wconf 89' lang='lat' dir='ltr'><strong>occasionaliter</strong></span> <span class='ocrx_word' id='word_1_184' title='bbox 549 2546 588 2604; x_wconf 89' lang='lat' dir='ltr'><strong>ad</strong></span> <span class='ocrx_word' id='word_1_185' title='bbox 611 2546 775 2624; x_wconf 86' lang='lat' dir='ltr'><strong>gratiarum</strong></span> <span class='ocrx_word' id='word_1_186' title='bbox 799 2544 974 2606; x_wconf 79' lang='lat' dir='ltr'><strong>actionem?</strong></span> <span class='ocrx_word' id='word_1_187' title='bbox 994 2544 1058 2604; x_wconf 70' lang='lat' dir='ltr'><strong>&#39;Aut</strong></span> 
     </span>
     <span class='ocr_line' id='line_1_28' title="bbox 133 2626 1057 2708; baseline -0.001 -21"><span class='ocrx_word' id='word_1_188' title='bbox 133 2646 215 2708; x_wconf 85' lang='lat' dir='ltr'><strong>quac</strong></span> <span class='ocrx_word' id='word_1_189' title='bbox 237 2628 303 2687; x_wconf 88' lang='lat' dir='ltr'><strong>laus</strong></span> <span class='ocrx_word' id='word_1_190' title='bbox 324 2628 384 2686; x_wconf 88' lang='lat' dir='ltr'><strong>ista</strong></span> <span class='ocrx_word' id='word_1_191' title='bbox 405 2629 578 2704; x_wconf 89' lang='lat' dir='ltr'><strong>veniarum,</strong></span> <span class='ocrx_word' id='word_1_192' title='bbox 609 2627 731 2706; x_wconf 88' lang='lat' dir='ltr'><strong>quaudo</strong></span> <span class='ocrx_word' id='word_1_193' title='bbox 766 2629 858 2688; x_wconf 90' lang='lat' dir='ltr'><strong>etiam</strong></span> <span class='ocrx_word' id='word_1_194' title='bbox 887 2626 925 2687; x_wconf 89' lang='lat' dir='ltr'><strong>de</strong></span> <span class='ocrx_word' id='word_1_195' title='bbox 947 2628 1057 2708; x_wconf 86' lang='lat' dir='ltr'><strong>poenis</strong></span> 
     </span>
     <span class='ocr_line' id='line_1_29' title="bbox 134 2708 1058 2791; baseline -0.005 -19"><span class='ocrx_word' id='word_1_196' title='bbox 134 2717 168 2772; x_wconf 83' lang='lat' dir='ltr'><strong>ct</strong></span> <span class='ocrx_word' id='word_1_197' title='bbox 199 2710 289 2770; x_wconf 86' lang='lat' dir='ltr'><strong>malis</strong></span> <span class='ocrx_word' id='word_1_198' title='bbox 323 2708 462 2770; x_wconf 88' lang='lat' dir='ltr'><strong>iubemur</strong></span> <span class='ocrx_word' id='word_1_199' title='bbox 494 2710 620 2788; x_wconf 76' lang='lat' dir='ltr'><strong>laudare</strong></span> <span class='ocrx_word' id='word_1_200' title='bbox 649 2711 767 2771; x_wconf 86' lang='lat' dir='ltr'><strong>Deum?</strong></span> <span class='ocrx_word' id='word_1_201' title='bbox 804 2709 864 2772; x_wconf 78' lang='lat' dir='ltr'><strong>Sed</strong></span> <span class='ocrx_word' id='word_1_202' title='bbox 891 2711 976 2791; x_wconf 85' lang='lat' dir='ltr'><strong>piget</strong></span> <span class='ocrx_word' id='word_1_203' title='bbox 1008 2728 1058 2768; x_wconf 89' lang='lat' dir='ltr'><strong>me</strong></span> 
     </span>
     <span class='ocr_line' id='line_1_30' title="bbox 133 2793 786 2875; baseline 0.003 -22"><span class='ocrx_word' id='word_1_204' title='bbox 133 2795 224 2875; x_wconf 87' lang='lat' dir='ltr'><strong>pigra</strong></span> <span class='ocrx_word' id='word_1_205' title='bbox 244 2793 304 2854; x_wconf 90' lang='lat' dir='ltr'><strong>ista</strong></span> <span class='ocrx_word' id='word_1_206' title='bbox 325 2794 430 2854; x_wconf 89' lang='lat' dir='ltr'><strong>inania</strong></span> <span class='ocrx_word' id='word_1_207' title='bbox 452 2799 632 2854; x_wconf 86' lang='lat' dir='ltr'><strong>commenta</strong></span> <span class='ocrx_word' id='word_1_208' title='bbox 653 2812 786 2856; x_wconf 83' lang='lat' dir='ltr'><strong>versare.</strong></span> 
     </span>
    </p>

    <p class='ocr_par' dir='ltr' id='par_1_6' title="bbox 133 2874 1062 3454">
     <span class='ocr_line' id='line_1_31' title="bbox 219 2874 1059 2960; baseline -0.004 -24"><span class='ocrx_word' id='word_1_209' title='bbox 219 2875 299 2937; x_wconf 88' lang='lat' dir='ltr'><strong>Illud</strong></span> <span class='ocrx_word' id='word_1_210' title='bbox 334 2895 408 2936; x_wconf 81' lang='lat' dir='ltr'><strong>vero</strong></span> <span class='ocrx_word' id='word_1_211' title='bbox 444 2894 534 2956; x_wconf 89' lang='lat' dir='ltr'><strong>quam</strong></span> <span class='ocrx_word' id='word_1_212' title='bbox 568 2875 642 2960; x_wconf 84' lang='lat' dir='ltr'><strong>vigil</strong></span> <span class='ocrx_word' id='word_1_213' title='bbox 670 2876 845 2950; x_wconf 83' lang='lat' dir='ltr'><strong>advertisti,</strong></span> <span class='ocrx_word' id='word_1_214' title='bbox 876 2874 958 2954; x_wconf 92' lang='lat' dir='ltr'><strong>quod</strong></span> <span class='ocrx_word' id='word_1_215' title='bbox 985 2874 1059 2934; x_wconf 88' lang='lat' dir='ltr'><strong>mihi</strong></span> 
     </span>
     <span class='ocr_line' id='line_1_32' title="bbox 133 2957 1059 3040; baseline -0.004 -20"><span class='ocrx_word' id='word_1_216' title='bbox 133 2959 195 3040; x_wconf 92' lang='lat' dir='ltr'><strong>ipsi</strong></span> <span class='ocrx_word' id='word_1_217' title='bbox 220 2958 467 3037; x_wconf 84' lang='lat' dir='ltr'><strong>contradixerim,</strong></span> <span class='ocrx_word' id='word_1_218' title='bbox 490 2966 524 3018; x_wconf 93' lang='lat' dir='ltr'><strong>nt</strong></span> <span class='ocrx_word' id='word_1_219' title='bbox 546 2959 596 3036; x_wconf 91' lang='lat' dir='ltr'><strong>qni</strong></span> <span class='ocrx_word' id='word_1_220' title='bbox 611 2960 716 3018; x_wconf 89' lang='lat' dir='ltr'><strong>venias</strong></span> <span class='ocrx_word' id='word_1_221' title='bbox 732 2959 782 3018; x_wconf 94' lang='lat' dir='ltr'><strong>hic</strong></span> <span class='ocrx_word' id='word_1_222' title='bbox 796 2959 897 3032; x_wconf 91' lang='lat' dir='ltr'><strong>utiles,</strong></span> <span class='ocrx_word' id='word_1_223' title='bbox 921 2957 1059 3037; x_wconf 88' lang='lat' dir='ltr'><strong>superius</strong></span> 
     </span>
     <span class='ocr_line' id='line_1_33' title="bbox 136 3040 1060 3121; baseline -0.002 -19"><span class='ocrx_word' id='word_1_224' title='bbox 136 3049 240 3103; x_wconf 90' lang='lat' dir='ltr'><strong>antem</strong></span> <span class='ocrx_word' id='word_1_225' title='bbox 273 3040 362 3102; x_wconf 92' lang='lat' dir='ltr'><strong>aliter</strong></span> <span class='ocrx_word' id='word_1_226' title='bbox 395 3041 501 3101; x_wconf 87' lang='lat' dir='ltr'><strong>videar</strong></span> <span class='ocrx_word' id='word_1_227' title='bbox 532 3060 679 3100; x_wconf 90' lang='lat' dir='ltr'><strong>asserere.</strong></span> <span class='ocrx_word' id='word_1_228' title='bbox 728 3042 804 3100; x_wconf 92' lang='lat' dir='ltr'><strong>Dico</strong></span> <span class='ocrx_word' id='word_1_229' title='bbox 834 3041 924 3102; x_wconf 89' lang='lat' dir='ltr'><strong>utiles</strong></span> <span class='ocrx_word' id='word_1_230' title='bbox 955 3040 1060 3121; x_wconf 89' lang='lat' dir='ltr'><strong>pigris,</strong></span> 
     </span>
     <span class='ocr_line' id='line_1_34' title="bbox 135 3123 1060 3203; baseline -0.005 -17"><span class='ocrx_word' id='word_1_231' title='bbox 135 3126 346 3186; x_wconf 85' lang='lat' dir='ltr'><strong>sicutomnes</strong></span> <span class='ocrx_word' id='word_1_232' title='bbox 369 3124 588 3203; x_wconf 88' lang='lat' dir='ltr'><strong>permissiones</strong></span> <span class='ocrx_word' id='word_1_233' title='bbox 612 3131 682 3183; x_wconf 88' lang='lat' dir='ltr'><strong>sunt</strong></span> <span class='ocrx_word' id='word_1_234' title='bbox 703 3125 803 3199; x_wconf 89' lang='lat' dir='ltr'><strong>utiles,</strong></span> <span class='ocrx_word' id='word_1_235' title='bbox 825 3142 864 3184; x_wconf 92' lang='lat' dir='ltr'><strong>ne</strong></span> <span class='ocrx_word' id='word_1_236' title='bbox 883 3129 1014 3203; x_wconf 90' lang='lat' dir='ltr'><strong>peccent</strong></span> <span class='ocrx_word' id='word_1_237' title='bbox 1034 3123 1060 3182; x_wconf 91' lang='lat' dir='ltr'><strong>si</strong></span> 
     </span>
     <span class='ocr_line' id='line_1_35' title="bbox 136 3205 1061 3288; baseline -0.006 -18"><span class='ocrx_word' id='word_1_238' title='bbox 136 3209 293 3270; x_wconf 88' lang='lat' dir='ltr'><strong>licentiam</strong></span> <span class='ocrx_word' id='word_1_239' title='bbox 316 3226 379 3268; x_wconf 89' lang='lat' dir='ltr'><strong>non</strong></span> <span class='ocrx_word' id='word_1_240' title='bbox 400 3207 558 3268; x_wconf 89' lang='lat' dir='ltr'><strong>baberent.</strong></span> <span class='ocrx_word' id='word_1_241' title='bbox 587 3207 665 3266; x_wconf 91' lang='lat' dir='ltr'><strong>Dico</strong></span> <span class='ocrx_word' id='word_1_242' title='bbox 688 3207 811 3267; x_wconf 88' lang='lat' dir='ltr'><strong>inutiles</strong></span> <span class='ocrx_word' id='word_1_243' title='bbox 829 3205 869 3266; x_wconf 91' lang='lat' dir='ltr'><strong>ad</strong></span> <span class='ocrx_word' id='word_1_244' title='bbox 890 3205 1061 3288; x_wconf 87' lang='lat' dir='ltr'><strong>profectum</strong></span> 
     </span>
     <span class='ocr_line' id='line_1_36' title="bbox 136 3289 1060 3371; baseline -0.004 -19"><span class='ocrx_word' id='word_1_245' title='bbox 136 3291 261 3369; x_wconf 85' lang='lat' dir='ltr'><strong>salutis,</strong></span> <span class='ocrx_word' id='word_1_246' title='bbox 296 3290 379 3370; x_wconf 91' lang='lat' dir='ltr'><strong>quod</strong></span> <span class='ocrx_word' id='word_1_247' title='bbox 412 3310 468 3371; x_wconf 92' lang='lat' dir='ltr'><strong>pro</strong></span> <span class='ocrx_word' id='word_1_248' title='bbox 497 3298 550 3351; x_wconf 92' lang='lat' dir='ltr'><strong>tua</strong></span> <span class='ocrx_word' id='word_1_249' title='bbox 584 3291 741 3369; x_wconf 87' lang='lat' dir='ltr'><strong>vigilantia</strong></span> <span class='ocrx_word' id='word_1_250' title='bbox 771 3289 921 3350; x_wconf 86' lang='lat' dir='ltr'><strong>debueras</strong></span> <span class='ocrx_word' id='word_1_251' title='bbox 956 3307 995 3347; x_wconf 86' lang='lat' dir='ltr'><strong>ex</strong></span> <span class='ocrx_word' id='word_1_252' title='bbox 1022 3306 1060 3348; x_wconf 89' lang='lat' dir='ltr'><strong>eo</strong></span> 
     </span>
     <span class='ocr_line' id='line_1_37' title="bbox 137 3368 1062 3454; baseline -0.004 -20"><span class='ocrx_word' id='word_1_253' title='bbox 137 3373 234 3435; x_wconf 87' lang='lat' dir='ltr'><strong>verbo</strong></span> <span class='ocrx_word' id='word_1_254' title='bbox 256 3373 440 3454; x_wconf 89' lang='lat' dir='ltr'><strong>intelligere,</strong></span> <span class='ocrx_word' id='word_1_255' title='bbox 463 3373 515 3434; x_wconf 93' lang='lat' dir='ltr'><strong>ubi</strong></span> <span class='ocrx_word' id='word_1_256' title='bbox 533 3373 614 3452; x_wconf 86' lang='lat' dir='ltr'><strong>dixi,</strong></span> <span class='ocrx_word' id='word_1_257' title='bbox 633 3375 660 3433; x_wconf 91' lang='lat' dir='ltr'><strong>si</strong></span> <span class='ocrx_word' id='word_1_258' title='bbox 680 3393 743 3434; x_wconf 90' lang='lat' dir='ltr'><strong>non</strong></span> <span class='ocrx_word' id='word_1_259' title='bbox 766 3375 796 3432; x_wconf 93' lang='lat' dir='ltr'><strong>in</strong></span> <span class='ocrx_word' id='word_1_260' title='bbox 820 3391 873 3432; x_wconf 89' lang='lat' dir='ltr'><strong>eas</strong></span> <span class='ocrx_word' id='word_1_261' title='bbox 896 3368 1062 3432; x_wconf 88' lang='lat' dir='ltr'><strong>confidant.</strong></span> 
     </span>
    </p>

    <p class='ocr_par' dir='ltr' id='par_1_7' title="bbox 138 3452 1064 3618">
     <span class='ocr_line' id='line_1_38' title="bbox 222 3452 1063 3538; baseline -0.004 -21"><span class='ocrx_word' id='word_1_262' title='bbox 222 3456 272 3517; x_wconf 86' lang='lat' dir='ltr'><strong>Ad</strong></span> <span class='ocrx_word' id='word_1_263' title='bbox 295 3457 580 3538; x_wconf 84' lang='lat' dir='ltr'><strong>quinquagesimam</strong></span> <span class='ocrx_word' id='word_1_264' title='bbox 604 3459 733 3516; x_wconf 89' lang='lat' dir='ltr'><strong>assumis</strong></span> <span class='ocrx_word' id='word_1_265' title='bbox 755 3474 878 3516; x_wconf 89' lang='lat' dir='ltr'><strong>causam</strong></span> <span class='ocrx_word' id='word_1_266' title='bbox 901 3452 1063 3535; x_wconf 61' lang='lat' dir='ltr'><strong>praedica*</strong></span> 
     </span>
     <span class='ocr_line' id='line_1_39' title="bbox 138 3537 1064 3618; baseline -0.005 -17"><span class='ocrx_word' id='word_1_267' title='bbox 138 3547 240 3602; x_wconf 90' lang='lat' dir='ltr'><strong>torum</strong></span> <span class='ocrx_word' id='word_1_268' title='bbox 259 3540 435 3618; x_wconf 90' lang='lat' dir='ltr'><strong>venialium,</strong></span> <span class='ocrx_word' id='word_1_269' title='bbox 458 3539 513 3600; x_wconf 90' lang='lat' dir='ltr'><strong>sed</strong></span> <span class='ocrx_word' id='word_1_270' title='bbox 535 3546 650 3616; x_wconf 89' lang='lat' dir='ltr'><strong>astute,</strong></span> <span class='ocrx_word' id='word_1_271' title='bbox 690 3541 843 3618; x_wconf 91' lang='lat' dir='ltr'><strong>quianon</strong></span> <span class='ocrx_word' id='word_1_272' title='bbox 868 3537 967 3599; x_wconf 88' lang='lat' dir='ltr'><strong>credis</strong></span> <span class='ocrx_word' id='word_1_273' title='bbox 990 3537 1064 3597; x_wconf 87' lang='lat' dir='ltr'><strong>talia</strong></span> 
     </span>
    </p>
   </div>
   <div class='ocr_carea' id='block_1_3' title="bbox 215 3799 600 3870">
    <p class='ocr_par' dir='ltr' id='par_1_8' title="bbox 215 3799 600 3870">
     <span class='ocr_line' id='line_1_40' title="bbox 215 3799 600 3870; baseline -0.005 -15"><span class='ocrx_word' id='word_1_274' title='bbox 215 3800 247 3870; x_wconf 87' lang='lat'><strong>1)</strong></span> <span class='ocrx_word' id='word_1_275' title='bbox 265 3800 298 3855; x_wconf 89' lang='lat' dir='ltr'><strong>In</strong></span> <span class='ocrx_word' id='word_1_276' title='bbox 317 3799 361 3855; x_wconf 86' lang='lat' dir='ltr'><strong>ed.</strong></span> <span class='ocrx_word' id='word_1_277' title='bbox 379 3800 454 3855; x_wconf 77' lang='lat' dir='ltr'><strong>len:</strong></span> <span class='ocrx_word' id='word_1_278' title='bbox 474 3799 600 3853; x_wconf 87' lang='lat' dir='ltr'><strong>Luthere.</strong></span> 
     </span>
    </p>
   </div>
   <div class='ocr_carea' id='block_1_4' title="bbox 0 0 1195 4200">
    <p class='ocr_par' dir='ltr' id='par_1_9' title="bbox 0 0 1195 4200">
     <span class='ocr_line' id='line_1_41' title="bbox 0 0 1195 4200; baseline 0 0"><span class='ocrx_word' id='word_1_279' title='bbox 0 0 1195 4200; x_wconf 95' lang='lat' dir='ltr'><strong> </strong></span> 
     </span>
    </p>
   </div>
  </div>
 </body>
</html>
