2356 4192
133 250 197 319 512
408 251 490 305 linl'
509 252 627 305 Articuli
644 253 783 307 Haeretici

135 418 224 482 batur
244 422 550 499 exaestuatione,
573 423 645 502 quia
656 422 938 485 determinaverunt
947 431 1049 485 contra

134 502 370 566 constantiense
391 506 572 585 concilium,
593 505 767 567 Romanum
789 505 969 586 pontificem
988 525 1048 569 uon

134 604 204 648 esse
225 588 427 649 universalem
449 590 630 670 episcopum
652 606 745 668 nuper
761 608 871 650 omnes
893 589 1046 667 ecclesias,

134 689 192 731 uec
212 672 378 751 episcopos
399 691 440 733 ex
461 670 536 732 urbe
556 671 698 733 Romana
721 671 964 743 confirmandos.

213 752 262 817 Ill.
287 753 450 816 Orientalis
464 755 596 815 ecclesia
616 754 672 814 suit
692 754 762 834 plus
784 773 877 833 quarn
899 775 957 835 per
971 755 1051 817 mille

132 854 232 897 aunon
253 836 418 899 haeretica.
460 838 567 914 Patet,
601 839 672 918 quia
704 838 781 897 vixit
802 838 972 899 secuudum
994 847 1050 899 sta·

133 928 199 980 tuta
219 919 337 997 Niceni‚
358 930 466 981 eontra
488 920 652 982 concilium
675 920 925 985 Constantiense.

214 1002 267 1064 lv.
292 1003 454 1065 Africanae
474 1003 625 1064 ecciesiae
657 1022 727 1063 curn
750 1002 909 1083 Cypriane
936 1016 1050 1084 matyre

132 1085 253 1147 luerunt
273 1087 457 1151 haereticae.
486 1086 566 1162 Quia
587 1088 729 1147 vixerunt
750 1087 780 1145 in
803 1086 917 1147 eodem
938 1095 1049 1169 puncto

131 1168 299 1230 secandum
321 1169 470 1232 Nicetium
493 1169 667 1231 concilium.

218 1252 255 1312 V.
277 1253 482 1332 Augustinus,
525 1252 724 1330 Ambrosius,
758 1251 788 1312 S.
827 1252 988 1325 Martinus,
1018 1250 1049 1314 8.

133 1334 281 1397 Nicotaus
304 1344 375 1395 sunt
394 1335 550 1398 haeretici.
593 1335 673 1410 Quia
689 1352 758 1415 ¹non
778 1334 902 1395 inerunt
924 1334 1050 1397 ordinati

134 1438 154 1479 a
173 1418 316 1480 Romano
338 1416 485 1498 pontifice
507 1425 615 1479 contra
629 1417 791 1479 concilium
804 1417 1051 1479 constantiense.

215 1501 266 1563 Vl.
290 1499 457 1581 Gregorius
466 1501 689 1579 lt'aciancenua²
701 1499 901 1579 Athanasius,
923 1500 1051 1563 Basilius

133 1584 263 1664 llagnns
285 1584 407 1644 suerunt
427 1584 582 1644 haeretici.
613 1581 693 1659 Quia
714 1581 885 1643 secundum
902 1583 1050 1644 Niceuum

133 1666 303 1728 Concilium
327 1676 434 1728 contra
456 1667 692 1728 constantiense
713 1674 852 1745 egerunt.

215 1748 283 1813 Vll.
304 1749 436 1812 Romani
456 1749 619 1829 pontifices
636 1768 743 1810 ornnes
758 1767 856 1828 nsque
879 1750 911 1809 iu
933 1748 1050 1811 hodier-

133 1852 205 1897 num
229 1831 310 1893 diem
332 1842 405 1895 sunt
419 1834 573 1895 haeretici.
617 1832 696 1907 Quia
717 1831 968 1911 approbaverunt
989 1840 1049 1892 sta·
1088 1836 1093 1846 ’

132 1922 198 1976 tute
209 1915 317 1977 Niceni
335 1915 465 1986 concilii,
489 1925 597 1979 contra
617 1915 854 1977 constantiense
877 1914 1050 1977 concilium.

217 1998 293 2063 Vlll.
317 1999 347 2060 c.
369 1998 537 2079 Gregorius
558 1998 765 2078 Magnus-luit
785 1997 960 2058 haereticus
982 2016 1049 2057 curn

131 2083 194 2141 auis
225 2082 523 2162 praedecessoribus.
579 2080 659 2156 Quia
691 2078 827 2142 oblatum
860 2101 881 2141 a
920 2080 1048 2141 concilio

133 2162 377 2227 chalcedonensi
399 2167 562 2245 primatum
584 2166 779 2239 recusarunt,
802 2165 901 2224 etsie
923 2165 988 2223 iure
1009 2162 1047 2223 di·

135 2248 205 2308 vino
228 2250 412 2329 restiterunt,
435 2258 543 2309 contra
564 2247 727 2311 concilium
750 2246 997 2307 Constantiense.

215 2330 269 2395 lX.
292 2332 370 2391 Tota
392 2331 572 2393 universalis
594 2330 725 2391 ecclesia
751 2336 799 2389 est
818 2329 974 2390 haeretica
997 2348 1048 2408 per

131 2421 227 2475 totum
251 2413 367 2492 orbern,
385 2424 518 2494 excepto
532 2414 626 2475 Eccio
648 2422 679 2474 et
690 2411 852 2476 Fratribus.
877 2412 957 2488 Quia
969 2420 1048 2471 tenet

130 2496 280 2559 Nicenum
301 2498 466 2558 concilium
488 2497 649 2576 evangelio
672 2495 810 2575 aequale.

211 2580 249 2641 X.
272 2580 406 2643 Decreta
444 2581 653 2642 Romanorum
698 2577 878 2658 pontificum
903 2577 1047 2657 'plurima

130 2672 199 2723 sunt
221 2664 383 2725 haeretica.
427 2662 507 2738 Quia
529 2663 746 2737 determinant,
775 2661 925 2721 Nicenum
948 2659 1045 2720 couci·

129 2745 202 2807 liurn
224 2748 392 2826 evangeliis
407 2744 659 2826 comparandum,
681 2754 789 2805 contra
801 2744 1045 2804 Constantiense.

211 2827 261 2888 Xl.
285 2830 370 2909 Papa
391 2829 489 2889 malus
519 2849 580 2891 non
611 2835 657 2888 est
684 2846 774 2908 papa.
819 2826 899 2901 Quia
922 2825 1044 2887 verbum

129 2908 250 2986 christi,
271 2912 316 2970 Tu
341 2932 373 2971 es
387 2913 491 2972 Petrus
509 2920 565 2971 etc.
590 2913 616 2970 ei
639 2912 868 2986 conconvenit,
892 2928 964 2967 cum
986 2927 1045 2969 uon

128 2991 167 3048 sit
189 3001 288 3069 [retra.
322 2996 379 3054 nisi
409 2996 461 3076 qui
483 2995 573 3054 Petro
603 2993 708 3053 similis
737 2995 789 3070 sit,
822 2993 972 3070 quoniam
996 3010 1046 3071 per

127 3072 252 3133 Ecciurn
275 3076 334 3135 isto
358 3078 452 3139 verbo
481 3096 582 3157 papae
611 3077 759 3136 autoritas
787 3074 948 3154 probatur.
992 3073 1045 3133 Hic

127 3163 174 3214 est
196 3157 427 3221 Donatistarum
449 3170 480 3219 et
501 3159 722 3240 Pighardornm
746 3157 901 3218 articulus.

209 3239 272 3302 Xll.
295 3241 381 3321 Papa
401 3261 463 3302 non
489 3243 670 3323 praedicans
697 3241 892 3319 evangelium
915 3248 1046 3303 nonest

126 3342 216 3401 papa.
259 3325 340 3398 Quia
362 3325 486 3387 verbum
506 3326 627 3402 christi,
649 3326 743 3386 Pasce
768 3343 842 3384 oves
866 3343 964 3400 meas,
984 3342 1043 3383 non

125 3414 241 3483 servat,
271 3426 331 3486 quo
353 3408 439 3488 Papa
460 3408 653 3469 constituitur
674 3410 759 3469 iuxta
780 3407 919 3468 Eccium.
951 3405 1043 3484 Idem,

125 3484 157 3546 Si
179 3507 239 3548 non
264 3490 425 3551 confirmat
447 3491 566 3551 Fratres
599 3510 672 3552 snos
694 3492 799 3570 lapsos
822 3497 853 3549 et
875 3489 1043 3563 tribulatos,

124 3572 326 3648 pereundam
349 3574 484 3636 Eccium.

205 3654 283 3717 Xlll.
307 3657 391 3736 Papa
413 3676 473 3717 nou
497 3657 627 3737 diligens
640 3657 793 3718 christum
816 3662 940 3717 non-est
954 3672 1041 3735 papa.

124 3734 204 3816 Quia
242 3739 329 3803 iuxta
356 3739 483 3801 lleciurn
510 3741 616 3803 Petrus
651 3760 733 3821 papa
766 3739 965 3801 constituitur
990 3755 1043 3817 per
