2356 4200
129 252 172 319 94
350 315 367 322 ,Δ
390 298 402 321 .··
415 255 545 326 Epifomu
561 215 765 327 Rmpousiouis

129 425 206 521 luit3
226 425 347 486 aoncilii
369 432 400 487 st
420 446 482 489 uon
505 428 609 508 Papae
630 447 699 489 ossa
721 427 862 505 decidere
884 427 923 490 de
943 428 1005 491 {ide
1025 435 1054 489 et

131 506 315 653 morl{labaim
347 595 372 655 1.
405 593 488 672 quod
523 590 736 673 universaleh)
767 556 931 667 oouoiiium
956 596 1050 667 otiam

128 675 185 735 rite
207 673 407 755 celebratum,
440 676 627 739 intellectum
653 684 759 750 tamen
790 683 823 737 ut
844 676 961 756 aliquid
981 696 1051 747 ooo

129 764 177 819 tra
197 757 377 819 Pontificem
400 757 546 839 divisum,
569 758 741 822 desidendo
765 759 803 825 de
826 759 940 821 fidaei
954 762 1051 835 mori·

52 861 56 871 ·
118 839 309 987 ¹paruoswsprraro
336 847 454 922 potest,
489 850 520 903 et
550 842 697 923 probatur
727 861 846 904 errasse
868 845 993 925 saepius
1015 844 1051 907 de

211 1024 252 1085 ut
272 1027 302 1088 2.
325 1024 409 1104 quod
431 1024 595 1086 eonsilium
619 1027 676 1086 rite
687 988 876 1087 celebratum
891 1032 1049 1106 arreptum

127 1109 173 1168 sio
194 1107 260 1184 uti)
284 1114 488 1188 eaputsuum,
510 1128 670 1169 romanum
687 1105 925 1186 pensitarunt),
948 1127 1048 1170 aeuum

127 1190 313 1270 intelligatur
344 1190 456 1252 habere
494 1194 708 1270 ooniunotum,
750 1194 855 1271 utique
881 1192 1050 1253 desidendo

128 1273 166 1334 de
188 1273 248 1333 fide
271 1282 301 1333 et
324 1274 459 1334 moribus
482 1294 584 1336 errare
605 1276 719 1354 nequit.

84 1458 92 1469 ,
211 1373 252 1433 Et
273 1375 302 1437 3.
324 1372 364 1434 ibi
387 1373 483 1435 multa
504 1375 710 1436 dissolvuntur
739 1380 921 1456 argumenta
949 1375 1049 1458 malig-

126 1474 245 1517 nurum.

205 1556 250 1617 'ot
271 1557 300 1618 4.
329 1556 411 1636 quod
441 1557 466 1616 si
489 1558 518 1617 in
542 1559 671 1619 materia
692 1557 764 1621 fidei
785 1559 863 1619 inter
884 1556 1001 1639 Papam
1023 1563 1049 1618 et

127 1638 293 1701 eonsilium
315 1649 397 1703 esset
419 1640 595 1718 dissidium,
628 1639 776 1720 siquidem
806 1643 867 1702 iam
897 1659 945 1700 res
973 1647 1050 1701 esset

127 1722 231 1783 decisa
258 1742 313 1803 per
341 1722 485 1783 iudicium
527 1723 734 1804 irrefragabile
775 1722 904 1804 Spiritus
944 1722 1048 1801 saneti,

126 1806 212 1866 iuxta
233 1805 314 1866 dieta
337 1808 493 1887 superius,
516 1806 558 1866 illi
580 1805 721 1868 standum
746 1804 843 1878 esset,
866 1807 918 1887 qui
939 1823 997 1887 pro
1018 1824 1049 1866 se

127 1888 239 1948 dietam
257 1888 387 1960 'haberet
410 1889 611 1969 decisionem,
635 1890 706 1969 quia
728 1889 788 1949 alia
809 1908 896 1973 pars,
918 1890 1048 1971 'edumei

126 1981 208 2032 esset
229 1973 325 2054 Papa,
347 1973 492 2032 niteretur
508 1981 616 2033 eontra
632 1972 777 2054 Spiritum
794 1979 947 2052 sanetum,
969 1972 1047 2052 qu'od

126 2063 229 2115 tamen
252 2062 301 2115 est
321 2055 527 2136 impossibile,
550 2057 576 2116 si
598 2058 658 2116 iam
681 2056 804 2116 ferisset
822 2055 903 2135 quod
927 2057 958 2114 in
982 2052 1045 2130 sel)

127 2144 182 2201 est.
226 2136 353 2198 sivero
376 2157 424 2198 res
447 2157 509 2199 nou
532 2138 755 2216 essetdeoisa‚
785 2137 839 2199 sed
870 2136 1048 2215 decidenda,
1073 2174 1078 2193 ,

126 2221 248 2301 quidam
272 2219 376 2281 dicunt
397 2221 539 2282 standum
562 2223 599 2298 ei,
621 2218 672 2302 qui
689 2221 865 2282 melioribus
879 2221 1046 2283 rationibus

126 2312 274 2381 movetur,
296 2303 379 2384 quod
400 2308 497 2365 tenuit
517 2305 751 2367 Panormitanus
773 2306 803 2364 in
826 2323 909 2384 cap:
933 2302 1047 2385 signifi·

126 2388 216 2465 cavit,
239 2386 277 2447 de
299 2387 387 2449 elect.
411 2394 441 2448 et
462 2390 492 2447 in
516 2387 647 2468 quadam
666 2388 882 2468 disputatione,
905 2405 986 2467 quae
1006 2389 1047 2447 iu-

126 2471 214 2551 oipit:
238 2470 422 2551 Episcopus,
435 2471 490 2531 sed
503 2469 801 2551 irrationabiliterffl)
828 2474 860 2530 ut
882 2469 923 2529 ibi
940 2471 1047 2553 proba·

125 2558 190 2632 tur,
214 2560 244 2613 et
266 2571 303 2614 eo
327 2572 400 2613 casu
422 2554 507 2634 Papa
529 2553 654 2614 deberet
676 2573 783 2614 omnes
806 2552 929 2632 audire,
958 2560 1047 2614 etex

125 2643 210 2697 motu
231 2637 278 2696 sui
307 2635 407 2697 cordis
433 2636 574 2716 (quoda
597 2635 702 2721 beon)
727 2636 757 2696 in
782 2635 893 2698 talibus
915 2637 1043 2716 iegitur)

126 2719 250 2780 deberet
270 2719 402 2781 formare
422 2719 578 2799 iudicium⁷
601 2719 683 2780 unde
704 2720 845 2793 standum
869 2727 952 2780 esset
972 2718 1047 2781 Pou-

125 2800 199 2863 tifloi
222 2801 304 2864 buna
326 2801 386 2862 fide
409 2808 438 2862 et
460 2809 578 2863 maturo
603 2798 731 2863 oonsilio
754 2801 949 2883 procedenti,
979 2804 1047 2884 quia

125 2888 191 2946 sine
213 2885 344 2946 coneilio
366 2885 459 2945 habet
480 2884 687 2965 irrefragabile
707 2886 863 2964 iudicium,
885 2892 919 2944 ut
940 2886 1046 2967 proba-

124 2975 187 3028 tum
211 2975 267 3047 est,
289 2987 351 3028 uon
374 2976 475 3029 autem
499 2969 660 3029 concilium
685 2969 750 3029 siue
771 2968 872 3050 Papa3
901 2977 934 3029 ut
956 2970 1045 3031 etiam

123 3051 329 3133 probatumo)
356 3058 411 3112 est.

208 3135 247 3195 Et
268 3138 296 3200 b.
320 3134 402 3214 quod
425 3134 561 3211 partibus
584 3141 637 3196 aut
657 3135 796 3196 Patribus
825 3135 948 3196 concilii
975 3135 1045 3196 invi·

177 3401 210 3467 h)
242 3401 330 3468 Quale
353 3403 404 3455 fuit
430 3403 613 3456 novissimum
641 3402 835 3455 Lateraneuse.
878 3401 904 3468 i)
931 3402 1045 3469 Scilicet,

124 3475 190 3599 puio
208 3474 270 3540 plus
290 3481 331 3526 est
349 3476 377 3527 iu
397 3489 452 3527 uno
472 3476 561 3541 eapite
580 3474 679 3539 Papae,
698 3489 781 3541 quarn
800 3475 828 3526 in
849 3477 908 3525 tota
929 3475 1045 3529 eeclesia

138 3544 235 3597 ‘hristi
272 3545 306 3613 k)
329 3544 422 3597 Satan.
458 3544 480 3608 l)
500 3544 572 3610 Quid
591 3553 633 3596 est
651 3546 678 3596 in
699 3547 750 3598 se?
768 3561 804 3597 ne
822 3543 950 3599 admittat
967 3547 1044 3600 facite

124 3616 289 3679 concilium,
321 3617 357 3669 ob
375 3615 527 3684 perieulum
547 3617 753 3669 reformationis
772 3615 912 3670 eeclesiae.
955 3623 996 3681 m)
1014 3615 1044 3670 Id

124 3693 173 3752 est,
193 3703 248 3740 non
269 3686 473 3741 Silvestraliter.
510 3691 541 3751 u)
562 3688 585 3739 Α
604 3685 664 3740 Deo
686 3687 768 3740 huius
787 3687 896 3755 mundi,
916 3692 964 3758 qui
983 3705 1044 3758 ope

122 3765 200 3815 ratur
217 3762 245 3811 iu
265 3759 326 3813 filiis
347 3759 523 3813 diffidentiae.
561 3760 594 3826 o)
611 3759 760 3812 Probatum
775 3766 824 3813 est.
