2356 4200
476 285 511 340 ds
528 284 717 356 indulgentiis.
988 274 1054 348 Μ

129 472 183 518 sus
215 454 396 536 roligionis⁷
416 459 462 515 et
491 452 658 530 sanitatis,
694 452 877 514 visitationis
912 449 1052 512 liminum

129 538 383 619 apostolieum,
406 543 437 598 st
452 536 556 598 Sanoti
571 536 681 597 iaoobi
699 535 738 596 ad
750 533 963 614 compostella
977 538 1054 595 rota

130 621 285 682 duntaxat
304 620 473 700 exeeptis),
493 620 525 679 in
546 619 608 679 sila
628 619 751 700 pietatis
772 634 868 697 opera
888 616 1053 677 autoritate

129 703 308 784 apostolius
336 703 437 783 possit
462 708 494 762 et
520 702 631 763 valeat.
680 700 808 762 indulsit
828 716 953 778 quoquo
969 697 1052 759 idam

130 786 344 846 sanofissimus
365 785 515 845 Dominus
536 791 643 845 noster
657 784 813 864 praefatos
830 780 1054 857 beuelaotoras,

130 886 301 947 eorumque
320 874 464 948 parentes
486 867 663 945 destinatos,
685 867 736 945 qui
758 882 827 925 oum
845 865 972 925 oaiitsts
992 861 1053 923 dis·

130 957 309 1029 cessarunt,
337 951 368 1010 in
391 949 547 1030 pratibus,
576 948 743 1030 suffragiis,
767 946 988 1026 eleemosynis,
1011 945 1053 1006 is·

129 1034 232 1113 inuiis,
255 1031 456 1110 eustosinus,
479 1034 595 1110 missis,
617 1030 699 1093 boris
727 1030 895 1107 canonisis,
918 1027 1051 1109 disoipli·

129 1117 196 1195 nis,
233 1115 548 1196 peregrinationibus,
586 1113 844 1193 stationibusque,
880 1110 1053 1175 ‹st-uelutis

131 1197 275 1260 omnibus
297 1197 504 1278 spiritualibus
525 1197 631 1270 bonis,
660 1214 740 1275 quae
761 1195 838 1256 flunt
859 1202 891 1255 st
912 1193 977 1254 fissi
997 1204 1054 1273 po·-

131 1287 261 1356 iemnt,·
288 1282 321 1340 iu
355 1286 422 1342 tota
452 1286 650 1341 santonensis
675 1280 809 1341 eculeum
844 1283 877 1338 et
909 1276 1054 1337 omnibus

131 1362 280 1424 membris
302 1362 450 1441 eiusdem,
470 1364 502 1422 in
524 1369 705 1443 perpetuum
728 1361 893 1441 partieipes
914 1357 991 1421 fleri.
1038 1374 1054 1383 ··

213 1445 256 1506 Iit
275 1446 348 1525 quia
365 1442 470 1506 deuoti
487 1444 607 1507 Meokel
629 1445 736 1505 reliota
756 1443 864 1522 Rudis,
886 1442 1000 1503 Pedes-s
1020 1447 1054 1503 et

129 1528 233 1590 Adam
247 1528 341 1605 Rodt,
354 1527 503 1608 adipsum
516 1527 662 1589 fabricam
675 1533 707 1587 st
721 1526 927 1588 neeessariam
937 1526 1052 1586 instau-

103 1685 105 1689 ,
129 1613 285 1672 mtionem
308 1609 501 1690 suprasiiotas
516 1611 668 1672 Basilione
679 1607 1052 1690 Psinoipis'apostolorum
1110 1635 1112 1638 ·

131 1695 220 1754 iuxta
241 1694 426 1754 sanobssimi
448 1694 572 1754 Domini
595 1694 692 1753 nostri
713 1692 819 1772 Papae
839 1692 1052 1768 intentionem,

132 1783 165 1837 et
185 1783 324 1837 nostram
342 1776 578 1854 ordinationem,
600 1775 639 1835 de
654 1770 817 1837 bonis'snis
829 1772 1056 1834 sontibusado-

131 1866 284 1940 segnatos
298 1856 502 1919 exbibuamnt
514 1866 546 1919 et
561 1857 713 1935 liberales,
726 1859 756 1917 in
772 1859 857 1917 ouius
873 1858 917 1917 rei
930 1857 1053 1937 siguum

131 1947 314 2023 praesentes
336 1940 441 2001 literas
462 1959 482 2001 s
503 1940 593 2002 nobis
613 1947 815 2021 aeceperunt:
841 1938 912 2001 ideo
942 1926 1053 1999 Meni

132 2025 318 2084 auotoritsta
339 2024 522 2104 apostoliea,
544 2023 634 2084 uobis
655 2024 832 2101 commissa,
853 2028 885 2082 st
906 2038 967 2100 qua
988 2022 1054 2081 lun·

132 2108 235 2188 &mus
255 2108 287 2166 in
309 2106 368 2167 bau
389 2113 487 2186 parte,
508 2107 646 2186 ipsisque
667 2105 754 2165 diutia
776 2105 881 2185 gratiis
903 2110 935 2164 st
955 2102 1053 2164 indul·

59 2227 62 2231 -
130 2189 245 2270 gentis
267 2190 326 2268 uli,
354 2195 386 2249 st
415 2189 531 2249 eisdem
560 2189 695 2269 gaudens
721 2188 842 2268 possint
861 2193 893 2246 et
920 2187 1053 2266 valeant,

131 2291 188 2352 per
212 2277 391 2351 praesentes
414 2271 611 2332 oonoedimus
639 2279 671 2332 et
693 2271 845 2350 largimur.
888 2270 1001 2329 Datum
1020 2269 1054 2331 in

133 2353 311 2434 Gottingen·
331 2353 387 2414 sub
410 2355 510 2436 sigillo
531 2373 588 2434 per
608 2372 666 2414 nos
689 2352 728 2415 ad
741 2353 819 2413 haeo
831 2353 982 2430 ordinato,
1004 2351 1056 2413 dis

132 2438 234 2518 prima
255 2438 369 2497 mensis
391 2436 473 2516 Juiii,
496 2456 578 2497 anuo
599 2438 723 2498 Domini
745 2435 1001 2498 uccuucxvii.

185 2571 324 2633 Forma
351 2571 615 2634 absolutionis
646 2572 794 2633 totiens
817 2572 1001 2650 quotiens

513 2657 550 2714 in
563 2662 566 2667 ’
579 2656 669 2717 vila.

216 2767 395 2826 Misereatur
432 2769 475 2826 tui
515 2774 573 2827 eto.
627 2767 777 2826 Dominus
818 2772 925 2827 noster
963 2765 1054 2826 Jssus

132 2849 272 2910 Christus
304 2869 360 2929 per
389 2851 529 2909 meritum
559 2869 634 2910 suae
664 2850 817 2929 passionis
845 2856 875 2909 to
902 2847 1053 2926 absoluat,

133 2935 300 2993 autoritate
322 2932 407 2992 ouius
427 2939 460 2992 et
480 2933 652 3012 apostolica
673 2933 746 2992 mibi
758 2934 789 2992 in
801 2932 958 3011 haspanio
972 2949 1054 2991 oons-

132 3017 229 3076 missa
260 3024 292 3075 at
317 3013 373 3099 tibi
394 3033 545 3076 consessa
567 3035 626 3096 ego
649 3023 680 3075 te
700 3015 831 3077 absolvo
853 3013 891 3076 ab
914 3012 1055 3075 omuibus

131 3098 270 3179 pennatis
291 3099 358 3158 tuis.
401 3098 435 3157 ln
458 3099 583 3158 nomina
604 3099 702 3159 Patris
726 3104 757 3160 st
779 3098 846 3158 Filii
868 3104 899 3157 et
925 3097 1055 3177 Spiritus
1134 3131 1140 3161 l

130 3182 162 3243 S.
188 3182 299 3242 Amen.

130 3317 272 3377 Forma
293 3315 560 3377 absolutionis
589 3322 628 3377 et
650 3316 901 3397 plenissimas
923 3316 1053 3377 remis·

152 3400 299 3478 sionis,
322 3399 438 3460 semel
466 3400 503 3459 in
526 3401 608 3460 vita
630 3406 666 3460 et
686 3401 824 3461 mortis
847 3398 1032 3460 artioulo.

214 3512 395 3572 Misereatnr
404 3513 448 3572 tui
462 3518 502 3572 et.
541 3512 691 3573 Dominus
703 3512 903 3572 nosterJosns
916 3507 1071 3572 Christus

130 3614 187 3675 per
207 3597 347 3655 metitum
375 3613 449 3655 suae
478 3596 631 3674 passionis
652 3604 682 3656 te
704 3595 847 3655 absolvat
867 3602 899 3655 et
919 3613 980 3674 ego
1002 3614 1054 3654 au·
1156 3638 1161 3647 .

132 3680 255 3739 toritato
277 3679 374 3758 ipsius
396 3685 428 3738 et
448 3679 621 3758 apostoliea
642 3677 714 3737 mibi
736 3679 767 3737 in
790 3677 847 3738 boo
868 3686 954 3759 parta
972 3696 1054 3738 com·

130 3763 227 3822 missa
257 3768 289 3822 et
314 3760 369 3822 tibi
398 3779 547 3822 oonoessa
574 3769 606 3822 te
633 3760 762 3822 absolvo
784 3763 883 3841 primo
906 3760 945 3828 ab
968 3763 1054 3822 omni
