2356 4200
459 274 564 330 Contra
583 273 660 329 Obel
667 260 761 328 Baeti.
1008 270 1070 335 itt

137 438 269 513 tristia)
283 443 312 520 ¹)
337 442 502 525 disputare,
526 451 558 504 ut
580 440 663 522 quod
684 443 918 522 senseripturis,
941 460 999 502 neo
1020 460 1071 503 an-

145 516 292 605 toritate,
322 546 381 588 nee
402 529 522 587 ratione
543 532 674 606 possunt
695 524 887 603 convellere,
914 525 945 585 id
967 523 1071 584 adula-

150 608 237 670 tione
257 608 421 708 pontilicis
428 611 618 690 impugnent,
644 606 719 667 nihil
732 608 863 684 solliciti,
883 626 976 688 quam
989 612 1070 686 vere,

151 691 206 752 sed
229 708 320 770 quam
335 692 455 772 placite
478 692 600 771 disant,
629 690 725 752 modo
753 691 911 813 triumphi
915 708 997 797 s-pes
1020 655 1073 753 vai

149 775 230 834 falsa
249 774 390 836 arrideat

234 857 271 919 Id
300 866 402 918 tamen
425 848 531 939 spero,
560 858 608 919 val
627 856 835 933 monetans
857 875 931 917 suae
954 856 1071 917 theolo-

149 942 221 1022 giae
248 944 348 1022 gratia
375 941 448 1001 mibi
476 938 627 1001 concedet
653 936 807 1002 fabulator
837 947 910 1000 nost
911 959 959 1018 er,
988 938 1071 1018 quod

149 1022 362 1104 indulgentiae
378 1040 446 1084 non
469 1024 570 1099 sint2)
591 1024 776 1100 meritorias,
799 1040 858 1082 nee
879 1021 918 1082 ad
938 1022 1021 1082 salut
1009 1030 1070 1082 tem

150 1108 355 1168 necessariae
388 1105 480 1183 Quod
502 1108 528 1167 si
549 1108 592 1167 ita
615 1115 669 1184 est,
692 1116 783 1186 spero
806 1106 879 1169 milri
902 1106 995 1166 liuere
1016 1123 1070 1165 eas

150 1190 302 1268 omittere,
325 1208 383 1250 nen
404 1209 454 1250 me
475 1191 610 1270 eogi,²ut
577 1190 787 1250 irtredimam.
820 1189 894 1251 lde'o
918 1207 980 1249 non
1003 1206 1072 1251 esan

150 1273 388 1352 vilipensionem
410 1290 512 1333 earum
536 1276 566 1331 in
591 1290 640 1332 me
660 1272 863 1349 temerariam,
886 1271 942 1331 sed
963 1289 1071 1332 reeor-

150 1356 224 1416 dem
251 1363 287 1417 et·
304 1356 561 1417 contumeliosam
581 1354 667 1415 Ennii
682 1353 850 1432 invidiam,
873 1370 958 1434 onae
979 1355 1072 1415 lieen-

149 1439 224 1498 tiam
249 1446 366 1518 :prot
353 1440 524 1499 temeritate
557 1439 781 1517 interpretetur
832 1438 912 1518 Dies
937 1437 1072 1517 denique

152 1523 291 1599 (etiamsi
312 1528 456 1601 rumpant
457 1542 491 1581 ur
444 1522 564 1582 tilia
586 1521 707 1603 Codro)
732 1520 813 1581 velle
831 1534 890 1599 rne,
913 1528 947 1580 nt
966 1522 1072 1581 nullae

149 1610 274 1665 essent
283 1622 318 1664 us
362 1622 411 1664 am
438 1604 545 1684 indulg
548 1605 649 1664 entiae
675 1610 708 1663 et
726 1609 876 1682 exspeeto
901 1603 1069 1666 deelarato-

150 1705 216 1779 rem
239 1706 303 1748 non
320 1622 544 1764 tdivalem,
503 1706 543 1747 an
566 1689 610 1746 sio
632 1689 690 1747 aim
710 1686 892 1746 haeretions.

199 1768 329 1832 Porro
351 1771 382 1830 id
404 1733 487 1851 quod
509 1772 561 1848 ait,
584 1770 755 1830 eeclesiast
735 1777 813 1830 treas
835 1771 888 1829 vix
908 1768 1031 1831 defendi
1052 1788 1073 1829 a

149 1852 260 1935 gladiis
282 1853 439 1929 laluorum,
462 1855 520 1913 iste
543 1859 589 1913 est
610 1853 831 1930 alternemus,
854 1858 885 1913 et
900 1853 1072 1917 communis

149 1937 237 1996 loeus
264 1937 400 1996 omniurn
431 1942 685 2016 argumentorum·
709 1935 971 1997 scholastieorum.
1014 1935 1071 1994 Ee

151 2018 342 2080 elesiastisos
358 2018 481 2099 quidem
498 2019 621 2079 delendi
635 2018 813 2078 fanillimmn
831 2025 893 2078 est:
933 2017 1071 2079 (liniatus

149 2103 233 2161 enim
255 2102 310 2162 eis
321 2121 468 2183 praesens
475 2110 547 2162 est
591 2101 801 2162 scholasticos
822 2107 925 2161 autem
952 2099 1071 2180 periali·

149 2185 206 2245 tari
227 2185 304 2245 nihil
327 2186 435 2244 mirum
464 2189 527 2261 est,
558 2184 681 2263 quando
711 2185 778 2244 selo
802 2183 970 2244 Aristotele
992 2182 1071 2244 duee

148 2269 205 2326 tuti
227 2276 306 2329 sunt
350 2268 469 2328 Deinde
491 2268 565 2328 nihil
588 2267 671 2327 aliud
694 2268 876 2346 moliuntur,
907 2284 997 2345 quam
1026 2272 1072 2348 ty

147 2349 325 2430 rannidem,
353 2350 474 2429 idtest,
513 2359 545 2410 ut
574 2350 791 2430 theologiam
812 2369 895 2411 nova
917 2349 1070 2410 voeabula
1102 2397 1111 2411 .

148 2431 246 2494 effusa
269 2453 287 2494 a
309 2433 425 2515 populo
449 2453 512 2494 non
534 2433 737 2513 intelligatur:
769 2432 881 2497 deinde
909 2452 991 2513 nego
993 2435 1067 2492 tium

147 2511 405 2598 indulgentiarum
428 2519 472 2577 ita
493 2517 781 2614 abnuendatur,ut
803 2536 861 2576 neo
879 2517 939 2596 ipsi
961 2515 1070 2576 intelli-

147 2607 233 2683 gant,
257 2599 332 2679 quid
353 2600 488 2678 valeant,
512 2601 585 2659 satis
597 2598 711 2660 habent
699 2608 756 2678 tea,
779 2600 861 2678 quod
875 2600 992 2679 populo
1006 2616 1069 2659 non

148 2683 222 2742 linet
240 2683 320 2744 haee
343 2701 446 2760 nosse,
468 2702 527 2743 nea
549 2703 606 2744 nos
625 2702 844 2762 quaerere,·ne
862 2683 1070 2755 forteluorum

146 2767 310 2826 minuatur.
353 2766 447 2826 Cuius
469 2765 499 2825 id
524 2765 718 2826 estensem
741 2773 963 2845 argumentum,
984 2764 1069 2844 qnod

148 2851 180 2909 in
202 2868 236 2909 re
254 2868 316 2910 non
340 2852 513 2909 necessaria
536 2848 771 2929 neoxmeritoria
793 2857 909 2910 tantum
922 2848 1071 2929 impendi

150 2937 200 2992 tur
216 2931 306 2992 studii
325 2940 356 2992 et
375 2932 498 3011 laboris,
518 2934 549 2992 in
561 2933 737 2993 necessaria
751 2952 825 2993 vero
840 2933 916 2994 nihil
932 2933 1070 2993 omniunt

430 3033 539 3097 XXIX.
562 3031 732 3095 Obelisous.
738 3037 773 3111 ³¹)

175 3133 287 3195 Ee.
310 3112 541 3214 Respondere'
534 3155 564 3193 111
587 3133 644 3197 has
665 3137 861 3232 quaestiones
883 3133 1070 3217 facillimum,
1165 3143 1175 3153 ’

150 3234 258 3291 verum
280 3217 359 3277 haee
381 3219 479 3279 brevit
467 3225 513 3278 tas
535 3218 698 3280 subitarias
721 3218 895 3299 scriptionis
915 3238 978 3280 non
993 3221 1071 3300 pati

148 3308 210 3361 tur:
229 3308 331 3360 tamen
343 3308 473 3382 possunt
484 3321 590 3364 omnes
603 3305 800 3384 quaestiones
812 3301 871 3363 hae
884 3301 1037 3363 sufficient
1025 3310 1071 3363 ter

148 3392 180 3449 et
193 3402 267 3447 vere
279 3385 417 3446 solvit
370 3405 403 3446 ra
405 3387 499 3465 tione,
510 3406 572 3447 non
583 3387 650 3449 sola
662 3394 826 3467 potestate,
836 3384 933 3457 atille
945 3384 1070 3447 divinat.

233 3466 320 3528 Lut.h
342 3469 476 3529 Possunt
498 3469 647 3530 solvit
601 3472 735 3549 ratione,
766 3470 826 3531 Cur
849 3488 923 3550 ergo
946 3468 1071 3531 solvunt

148 3552 352 3635 commissarii
379 3551 446 3611 sola
478 3558 646 3632 pottestae,
681 3551 723 3611 nil
751 3552 847 3628 niei³)
883 3553 1011 3613 fulmina
1039 3559 1070 3612 et

203 3734 232 3797 l)
252 3732 283 3782 ln
303 3731 345 3784 ed
365 3732 495 3785 Wittenb
523 3736 551 3784 et
566 3729 651 3854 tapud
671 3729 796 3784 loeson:
827 3746 884 3783 non
909 3730 970 3784 dieo
990 3730 1068 3783 seho-

146 3804 245 3858 lastici
281 3804 313 3867 2)
335 3803 419 3856 Ibid:
437 3819 495 3856 non
513 3807 585 3857 sunt.
623 3801 654 3869 3)
676 3800 805 3857 Loeseha
824 3804 937 3861 nisinil

202 3875 235 3943 )
256 3875 358 3929 Contra
375 3874 417 3931 82
438 3874 562 3929 conclus.
582 3873 702 3931 Lutheri.
