2356 4200
266 332 382 404 Repltca
398 332 428 387 Ρ.
449 331 515 388 silv.
534 333 620 389 Prior.
641 332 676 388 ad
695 333 729 389 D.
748 332 783 389 li.
819 333 898 390 Loth.
1003 328 1046 400 69

123 522 175 566 me
197 501 321 580 dedisti,
345 508 444 563 tolum
467 504 680 582 contulissem,
714 522 795 584 quae
822 504 853 564 in
880 522 930 565 ma
957 504 1044 566 etin
1155 554 1158 561 ,

124 605 195 649 mea
216 584 298 647 dicta
330 586 391 647 tela
423 585 580 668 adegeris,
611 593 641 649 et
670 593 785 667 quanta
810 585 940 648 latenter
970 593 1045 666 arte,

123 675 241 733 tantum
265 689 332 730 sum
355 669 501 749 miratus,
522 677 556 731 ut
583 671 614 730 in
644 689 692 730 ms
721 669 838 751 expleri
866 669 1045 732 miraculum

123 757 275 833 nequeat,
311 751 390 814 adeo
426 758 474 831 ut,
512 772 580 814 cunr
599 752 698 814 'omni
728 753 770 813 sis
801 759 867 814 arte
889 759 920 814 et
942 752 1046 814 colore

122 836 253 898 rhetoris
275 855 369 911 usus,
389 837 489 916 ipsam
513 855 636 917 quoquc
657 842 753 908 artem
776 835 835 897 hac
856 841 921 896 arte
943 835 1047 898 calare

123 919 268 999 volueris,
292 929 325 979 ut
347 925 377 978 te
401 926 552 981 astrueres
574 919 657 982 nolle
678 921 708 980 in
724 917 880 998 loquendo
903 919 979 991 meis
1001 937 1046 980 ar·

121 1002 203 1064 tibus
226 1003 285 1081 uti,
310 1021 378 1062 cum
402 1020 527 1082 posses,
559 1004 622 1064 imo
644 1001 810 1082 aliquando
832 1021 882 1062 me
903 999 1047 1063 adduxisti

123 1087 238 1166 inepte,
261 1105 301 1145 ne
318 1084 469 1164 perfectus
494 1084 583 1148 lictor
604 1085 709 1147 haberi
731 1103 849 1165 posses.

187 1167 248 1230 Sed
264 1167 359 1229 missa
372 1168 433 1229 sint
444 1168 603 1248 eiusmodi,
618 1168 753 1231 dicamus
766 1187 851 1247 vero,
868 1166 961 1248 quod,
976 1185 1046 1229 cum

125 1250 209 1312 dicta
230 1269 300 1312 mea
320 1257 475 1331 utcunque
506 1251 707 1314 momorderis
737 1257 769 1312 et
798 1251 984 1332 pupugeris,
1014 1250 1046 1312 in

123 1354 174 1396 me
197 1341 302 1396 tamen
325 1335 429 1395 omnia
449 1331 530 1415 pena
552 1342 605 1396 tua
625 1335 689 1396 tela
711 1335 889 1413 coniurant,
917 1352 967 1394 me
994 1352 1047 1415 pe

123 1423 201 1497 tunt,
229 1415 404 1496 etquidem
432 1423 656 1499 contorquente
682 1435 746 1479 non
776 1416 951 1498 theologia,
984 1434 1047 1478 non

123 1499 339 1582 philosophia,
367 1499 422 1561 sed
448 1501 623 1582 praepolita
644 1507 676 1562 et
696 1500 815 1562 astutiis
837 1505 962 1561 assueta
981 1498 1047 1562 rhe-

123 1584 233 1663 torica,
255 1600 334 1662 quae
355 1583 451 1644 verba
473 1583 619 1665 multum,
640 1585 801 1645 veritatem
822 1601 930 1664 parum
952 1587 1048 1660 curat,

124 1665 220 1729 modo
242 1666 409 1747 populares
431 1684 521 1730 aures
543 1667 689 1730 inflectat.
731 1666 779 1727 Ea
804 1672 944 1748 propter,
977 1683 1048 1728 cum

123 1750 220 1831 louge
248 1749 338 1830 plura
366 1750 399 1811 iu
430 1769 499 1829 me,
531 1770 623 1831 quam
651 1752 684 1811 in
714 1769 785 1810 mea
815 1748 898 1810 dicta
930 1747 1074 1830 spicula·

124 1833 251 1909 iaoeris,
273 1851 357 1894 nunc
379 1851 434 1909 ea,
458 1851 536 1912 quae
556 1835 588 1895 in
609 1853 676 1914 me,
702 1831 883 1914 propediem
904 1849 979 1893 vero
1000 1849 1048 1910 aa,

126 1935 207 1996 quae
237 1915 269 1975 in
298 1934 367 1976 mea
398 1914 480 1976 dicta
511 1916 613 1977 iacula
645 1915 769 1978 vibrasti
801 1920 834 1976 et
860 1914 1048 1993 contorsisti,

125 1999 264 2060 veritatis
294 1999 462 2059 munimine
492 2017 549 2060 ceu
578 2005 665 2061 scuto
697 2004 796 2060 tectus
822 1998 975 2077 reiiciam,
992 1998 1047 2059 'eo

124 2082 175 2142 val
199 2081 343 2160 maxime,
367 2082 449 2160 quod
471 2082 670 2144 vehementer
691 2088 837 2161 exoptem
859 2079 1049 2162 speculative
1161 2122 1163 2126 ψ

124 2163 278 2224 duntaxat
298 2171 399 2224 tecum
421 2184 523 2246 agere.
567 2164 658 2240 Quod
681 2164 824 2245 equidem
846 2182 920 2225 mox
942 2180 983 2245 ag
1020 2181 1049 2224 e-

125 2246 205 2326 diar,
239 2265 331 2326 quam
359 2248 490 2327 primum
520 2249 638 2308 scilicet
666 2267 706 2308 ex
727 2246 987 2308 commentariisi
1014 2246 1048 2326 ἐ,

122 2331 154 2391 in
178 2328 286 2410 quibus
309 2349 359 2390 me
380 2329 581 2410 submersisti,
606 2341 774 2394 emersero.

206 2412 253 2473 lta
274 2430 347 2473 varo
376 2415 508 2493 optarim
539 2414 617 2475 haec
649 2433 719 2474 mea
748 2411 832 2474 diota
863 2412 983 2493 capias,
1016 2418 1064 2472 ut*

124 2516 186 2559 non
214 2496 246 2555 iu
268 2497 374 2576 spiritu
400 2495 578 2576 superbiae,
606 2497 657 2558 vel
684 2495 879 2574 iracundiae,
911 2494 967 2557 sed
997 2513 1050 2556 ex·

124 2578 291 2650 cusationis
321 2579 425 2659 potius
454 2579 549 2660 edita,
591 2587 622 2640 at
650 2580 831 2661 plerumque
866 2578 957 2639 etiam
987 2577 1049 2640 ioci

126 2663 246 2744 gratia,
269 2661 357 2722 salva
375 2681 501 2742 semper
522 2665 677 2724 eminente
699 2659 847 2723 scientiae
868 2660 979 2723 Christi
1001 2679 1051 2722 ca·

124 2747 224 2822 ritate,
246 2763 326 2824 quae
347 2746 414 2804 visa
435 2753 487 2805 tua
508 2745 548 2806 ad
570 2745 749 2827 pontificem
771 2744 953 2822 humililate,
974 2745 1048 2817 ilem

124 2834 155 2889 et
178 2826 377 2889 observantia
400 2825 513 2908 (ruodo
535 2827 727 2909 nonflngas)
754 2847 852 2908 nuper
873 2828 905 2887 in
927 2831 1050 2888 tamea

123 2931 161 2973 ex
195 2918 298 2971 mente
326 2910 519 2991 pullulavit*
547 2912 624 2975 (lum
657 2913 737 2972 euim
768 2928 870 2971 meum
898 2910 979 2971 velle
1010 2909 1050 2969 sit

122 2992 278 3075 pontilicis
303 2996 354 3071 (ut
374 3013 430 3074 par
451 3000 535 3072 est),
564 2996 589 3054 si
611 2993 750 3074 pontifici
773 2994 931 3055 consentis
954 2999 1048 3073 atqua

124 3077 348 3154 communicas,
387 3075 492 3137 itidem
527 3085 628 3138 tecum
665 3077 794 3155 faciam,
829 3092 959 3136 necesse
992 3078 1049 3147 est,

124 3177 309 3240 quamquam
331 3160 467 3221 theorice
496 3159 610 3221 bellum
642 3161 753 3241 ingens
785 3158 891 3235 salva,
922 3163 955 3218 ut
976 3157 1050 3235 dixi,

124 3243 252 3303 caritate
284 3242 356 3302 mihi
386 3250 488 3303 tecum
530 3245 578 3304 sit.
630 3243 725 3325 Igitur
762 3247 795 3302 ut
826 3241 1049 3322 praetermissis

125 3324 262 3388 exordiis
284 3345 318 3386 re
340 3326 409 3405 ipsa
431 3325 584 3389 exordiar.

205 3408 241 3469 In
262 3409 369 3488 primis
390 3428 440 3469 me
464 3410 608 3489 laxabas,
633 3409 716 3488 quod
738 3414 844 3470 noster
865 3406 903 3467 ad
926 3413 957 3467 te
981 3405 1044 3466 dia-

124 3492 214 3573 logus
237 3491 456 3571 superciliosus
479 3494 532 3572 sit,
556 3499 587 3553 et
608 3498 738 3553 tractatu
762 3498 816 3552 luo
840 3489 963 3572 prolixo
990 3490 1049 3568 (ne

123 3575 183 3634 tuis
206 3573 306 3634 verbis
322 3594 395 3634 usus
409 3575 519 3656 dicam,
541 3575 779 3648 verbosissime)
804 3593 887 3656 pene
902 3573 1051 3635 continue

122 3658 153 3716 in
176 3676 227 3716 me
247 3657 402 3738 impingis,
425 3658 508 3737 quod
530 3659 583 3720 bili
605 3666 636 3720 et
657 3653 806 3719 effrenata
821 3656 949 3719 cholera
959 3654 1052 3717 affec·

123 3746 171 3801 tus
194 3739 422 3805 excanduerim.
466 3741 557 3818 Quod
579 3761 671 3823 quam
692 3743 775 3803 iuste
805 3746 836 3802 et
871 3740 982 3802 merito
1019 3737 1052 3800 id

124 3841 217 3906 agas,
245 3841 286 3885 ex
306 3823 356 3906 his
374 3826 623 3914 paucisacoipe.
666 3824 735 3910 Ego
758 3824 843 3888 enim
865 3840 1065 3909 quamquam
