2356 4200
341 308 345 314 ·
369 286 404 342 su
424 290 494 343 niti.
514 289 542 341 r.
562 289 630 341 snt.
650 290 799 344 retatus.
1009 286 1051 353 15

131 457 213 518 unde
234 456 439 538 gaudeamus,
467 458 498 516 in
522 457 627 534 nobis,
654 455 736 516 unde
765 456 933 536 lugeamus.
976 457 1049 519 Ideo

132 536 170 600 sit
189 540 336 621 gaudium
358 540 509 619 inductu,
540 546 571 599 et
591 540 696 601 luctus
714 541 745 599 in
767 538 945 618 gaudio*),
976 559 1050 621 gau·

131 622 266 683 dium-in
289 623 488 700 abscondito,
518 623 615 682 luctus
642 625 673 681 in
706 623 842 702 cognito.
886 619 948 683 fied
974 623 1052 684 haec

132 725 193 767 non
217 713 289 766 sunt
310 706 512 782 scholastica,
541 705 611 765 ideo
635 703 742 765 differo
764 706 793 763 in
817 703 900 764 atiud
920 711 1051 786 tempus.

212 787 304 864 Quod
336 808 410 850 vero
439 788 527 847 diois:
573 787 632 848 Vel
663 789 695 847 in
729 805 840 847 somno
868 789 1051 849 intercidere

131 873 309 931 necessario
347 879 433 931 actus
460 871 686 950 poenitentiae,
723 889 860 950 agnosco
894 872 1051 952 egregium

130 954 329 1014 Aristotelem
359 957 389 1014 in
419 963 449 1013 te
472 975 511 1013 ex
533 953 649 1013 Ethicis
676 954 741 1012 suis
766 951 970 1032 fabulantem,
1000 953 1052 1014 ubi

130 1037 222 1108 dicit,
252 1037 336 1116 quod
357 1038 450 1096 miser
471 1045 502 1096 et
523 1036 597 1096 felix
619 1035 744 1097 dimidie
767 1037 848 1095 vitae
871 1037 946 1096 nihil
968 1035 1051 1096 diffe·

125 1125 217 1198 runt,
248 1129 375 1199 uterque
407 1121 486 1179 enim
511 1119 666 1179 dormiunt
686 1126 795 1200 nocte,
823 1118 854 1179 id
882 1127 947 1196 eet,
975 1119 1051 1179 nihil

129 1210 227 1283 egunt
250 1203 300 1262 vel
322 1203 485 1279 felicitatis,
509 1203 559 1262 vei
580 1201 778 1261 infelicitatis.
810 1200 974 1275 Quomodo
996 1221 1050 1282 po·

129 1291 191 1345 test
211 1285 267 1345 tibi
289 1305 363 1345 vera
384 1286 543 1364 theologia
566 1284 703 1363 placere,
729 1286 778 1343 cui
800 1285 902 1363 placet
923 1292 985 1345 tarn
1006 1287 1050 1345 in·

129 1369 246 1447 sipiens
275 1368 498 1447 philosophus?
540 1366 620 1427 Audi
650 1366 824 1446 apostolum
856 1367 984 1428 Paulum
1011 1367 1050 1428 ad

128 1450 238 1511 Roma
262 1452 316 1513 14:
360 1451 418 1526 Qui
441 1450 619 1528 manducat,
641 1450 776 1511 Domino
798 1449 977 1529 manducat,
1000 1453 1050 1531 qni

128 1550 192 1593 non
214 1533 395 1611 manducat,
422 1535 556 1593 Domino
579 1551 642 1592 non
664 1531 843 1604 manducat,
873 1535 1049 1597 etiterum:

128 1614 188 1690 Qui
211 1617 295 1693 vivit,
317 1617 451 1676 Domino
473 1617 558 1690 vivit,
584 1617 634 1693 qui
656 1615 792 1693 moritur,
813 1616 947 1677 Domino
960 1619 1050 1678 mori·

129 1705 185 1759 tur.
239 1698 290 1758 Sic
318 1707 350 1758 et
369 1699 407 1758 ad
431 1697 686 1776 Oorintliios**):
736 1697 807 1757 Non
839 1700 913 1759 estis
947 1702 1050 1780 vestri,

129 1782 205 1841 emti
229 1783 309 1843 enim
335 1783 408 1842 estis
429 1783 528 1862 pretio
551 1799 675 1861 msgno.
718 1781 821 1858 Hunc,
842 1801 937 1862 rogo,
960 1783 1052 1844 liceat

130 1865 242 1924 imitari
266 1872 296 1923 et
318 1864 435 1925 dicere:
459 1864 518 1938 Qui
542 1863 668 1943 dormit,
690 1864 824 1924 Domino
848 1863 1050 1945 dormit,·qui

129 1947 254 2026 vigilat,
267 1978 270 1984 ·
285 1948 419 2008 Domino
441 1947 558 2027 vigilat.
580 1946 642 2006 -Et
662 1947 762 2007 alibi:‹
785 1946 856 2006 Sive
878 1948 1050 2026 comeditis,
1138 1988 1141 1993 .

129 2031 196 2089 sive
227 2029 345 2107 bibitis,
379 2032 484 2090 omnia
510 2031 542 2089 in
571 2031 697 2089 nomine
721 2029 842 2089 Domini
863 2032 960 2090 nostri
982 2033 1049 2092 issu

129 2111 242 2172 Christi
264 2113 364 2175 facite.
407 2114 540 2173 Domino
565 2119 665 2171 autem
689 2111 833 2188 dormire,
855 2112 964 2189 credo,
986 2133 1048 2174 non

128 2195 257 2275 negabis
282 2215 349 2256 esse
371 2197 428 2255 Dei
449 2195 600 2255 voluntati
624 2213 747 2274 parere,
775 2195 926 2255 voluntati
947 2204 1048 2258 autern

129 2272 187 2337 Dei
209 2298 319 2357 parere
341 2281 457 2358 optima
479 2287 561 2338 certe
583 2279 775 2357 poenitentia
798 2287 829 2337 et
850 2280 965 2340 avitiis
981 2300 1048 2360 pur-

130 2362 215 2441 gatio
244 2370 299 2425 est.
349 2362 426 2421 Puto
458 2363 566 2438 etiem,
598 2361 681 2438 quod
706 2360 861 2421 dormiens
893 2365 991 2442 vivat,
1023 2365 1048 2423 si

130 2444 214 2522 vivit,
238 2452 320 2504 certe
342 2445 475 2504 Domino
498 2445 582 2518 vivit,
604 2452 638 2503 ut
658 2444 709 2503 hic
731 2443 803 2503 dicit
824 2447 994 2524 apostolus.

211 2527 286 2586 item
309 2527 465 2605 quomodo
488 2527 583 2585 audes
605 2527 724 2605 dicere,
753 2525 956 2589 dormientem
977 2528 1049 2588 iide-

130 2608 192 2668 lem
213 2627 283 2669 esse
304 2629 435 2669 vacuum
462 2609 580 2669 actibus
611 2609 716 2687 boniS,
744 2611 795 2688 qui
823 2617 887 2670 tum
916 2615 1049 2673 maxime

127 2690 217 2752 bonis
242 2692 361 2752 actibus
383 2694 491 2772 plenus
515 2703 571 2769 est,
594 2692 718 2770 quando
731 2692 829 2752 Deum
847 2695 877 2753 in
894 2714 928 2754 se
945 2697 1048 2774 quieto

126 2793 220 2853 agere
241 2777 392 2854 patiatur,
414 2783 447 2834 et
467 2775 629 2835 sabbatum
651 2776 779 2835 Domini
802 2777 956 2838 celebrat?
987 2778 1049 2839 Sed

126 2858 219 2934 siste,
255 2860 360 2918 nescio
395 2860 478 2918 enim
505 2879 544 2917 an
574 2859 752 2918 themistica
785 2858 943 2940 theologia
969 2861 1049 2921 hanc

126 2938 318 3020 theologiam
341 2960 474 3020 unquam
498 2942 637 3018 senserit,
659 2941 789 3000 Paulina
809 2944 962 3022 estenim,
984 2964 1047 3005 non
1140 2956 1143 2962 '

126 3023 339 3102 peripatetica.

211 3105 359 3180 Quartam
384 3108 548 3166 falsitatem
572 3125 671 3166 meam
693 3105 817 3167 tandem
845 3108 925 3170 hano
945 3113 1046 3190 ponis,

125 3188 209 3267 quod
232 3180 423 3267 poenitentia
445 3192 571 3250 interior
593 3190 677 3250 nulla
699 3198 761 3269 est,
795 3191 853 3250 nisi
880 3192 953 3255 ioris
975 3213 1048 3274 ops·

125 3279 210 3331 retur
233 3274 333 3332 varias
357 3274 458 3335 camis
480 3271 745 3334 mortificationes.
789 3273 840 3334 Sic
873 3277 953 3335 enirn
988 3297 1047 3358 ego
1103 3343 1104 3347 ,

124 3355 226 3433 posui.
273 3359 353 3434 tmo,
384 3358 502 3435 inquis,
525 3357 662 3416 exterior
684 3357 875 3436 poenitentia
896 3359 980 3418 nulla
1002 3367 1050 3420 est

124 3438 192 3496 aine
215 3439 376 3517 interiore,
406 3441 532 3508 interior
555 3445 657 3498 autem
680 3440 747 3500 sola
768 3448 872 3519 potest
892 3441 1048 3504 hominem

123 3520 254 3579 salvare.
300 3521 360 3582 Sed
383 3523 463 3582 hanc
486 3523 650 3582 falsitatem
680 3542 780 3582 meam
808 3533 839 3583 tu
868 3525 935 3604 ipse
965 3526 1066 3587 tollis

123 3611 155 3663 et
177 3603 272 3683 dicis,
299 3612 403 3683 potest
424 3614 534 3666 tamen
551 3604 611 3664 hoo
633 3604 747 3665 dictum
770 3613 852 3666 tuum
875 3628 995 3690 verum,
1019 3618 1049 3671 et

123 3726 332 3736 ...η-...ᾔ-

193 3783 222 3848 ⁸)
241 3781 341 3836 Luctus
359 3785 389 3836 in
410 3785 522 3854 gaudio.
560 3785 610 3859 ⁸⁸)
641 3789 653 3843 1
676 3787 740 3843 Gor.
754 3762 784 3844 b.
