<?xml version="1.0" encoding="UTF-8"?>
<!DOCTYPE html PUBLIC "-//W3C//DTD XHTML 1.0 Transitional//EN"
    "http://www.w3.org/TR/xhtml1/DTD/xhtml1-transitional.dtd">
<html xmlns="http://www.w3.org/1999/xhtml" xml:lang="en" lang="en">
 <head>
  <title>
</title>
<meta http-equiv="Content-Type" content="text/html;charset=utf-8" />
  <meta name='ocr-system' content='tesseract 3.04.00' />
  <meta name='ocr-capabilities' content='ocr_page ocr_carea ocr_par ocr_line ocrx_word'/>
</head>
<body>
  <div class='ocr_page' id='page_1' title='image "./dmartinilutheri01luthgoog_0839.png"; bbox 0 0 2356 4200; ppageno 0'>
   <div class='ocr_carea' id='block_1_1' title="bbox 120 289 869 383">
    <p class='ocr_par' dir='ltr' id='par_1_1' title="bbox 120 289 869 383">
     <span class='ocr_line' id='line_1_1' title="bbox 120 289 869 383; baseline -0.02 -23"><span class='ocrx_word' id='word_1_1' title='bbox 120 289 185 359; x_wconf 73' lang='lat' dir='ltr'>tro</span> <span class='ocrx_word' id='word_1_2' title='bbox 310 295 381 347; x_wconf 73' lang='lat' dir='ltr'>sen</span> <span class='ocrx_word' id='word_1_3' title='bbox 397 292 431 346; x_wconf 91' lang='lat' dir='ltr'>u.</span> <span class='ocrx_word' id='word_1_4' title='bbox 451 291 560 347; x_wconf 71' lang='lat' dir='ltr'>nurui</span> <span class='ocrx_word' id='word_1_5' title='bbox 580 290 690 383; x_wconf 71' lang='lat' dir='ltr'>tunm</span> <span class='ocrx_word' id='word_1_6' title='bbox 709 294 869 361; x_wconf 64' lang='grc' dir='ltr'>ιηιιιιο..</span> 
     </span>
    </p>
   </div>
   <div class='ocr_carea' id='block_1_2' title="bbox 69 462 1072 3697">
    <p class='ocr_par' dir='ltr' id='par_1_2' title="bbox 69 462 1072 3523">
     <span class='ocr_line' id='line_1_2' title="bbox 124 462 1047 542; baseline -0.003 -16"><span class='ocrx_word' id='word_1_7' title='bbox 124 483 192 527; x_wconf 88' lang='lat' dir='ltr'>oum</span> <span class='ocrx_word' id='word_1_8' title='bbox 214 469 319 525; x_wconf 79' lang='lat' dir='ltr'>tamen</span> <span class='ocrx_word' id='word_1_9' title='bbox 340 482 404 525; x_wconf 92' lang='lat' dir='ltr'>non</span> <span class='ocrx_word' id='word_1_10' title='bbox 425 468 655 542; x_wconf 80' lang='lat' dir='ltr'>ooussquuntur</span> <span class='ocrx_word' id='word_1_11' title='bbox 681 464 739 525; x_wconf 79' lang='lat' dir='ltr'>sisi</span> <span class='ocrx_word' id='word_1_12' title='bbox 760 464 969 526; x_wconf 83' lang='lat' dir='ltr'>ministerium</span> <span class='ocrx_word' id='word_1_13' title='bbox 988 462 1047 524; x_wconf 80' lang='lat' dir='ltr'>olo·</span> 
     </span>
     <span class='ocr_line' id='line_1_3' title="bbox 124 546 1046 628; baseline 0 -21"><span class='ocrx_word' id='word_1_14' title='bbox 124 548 223 624; x_wconf 80' lang='lat' dir='ltr'>rium,</span> <span class='ocrx_word' id='word_1_15' title='bbox 252 565 314 626; x_wconf 90' lang='lat' dir='ltr'>quo</span> <span class='ocrx_word' id='word_1_16' title='bbox 337 547 514 625; x_wconf 82' lang='lat' dir='ltr'>solvuntur,</span> <span class='ocrx_word' id='word_1_17' title='bbox 546 567 587 608; x_wconf 92' lang='lat' dir='ltr'>ne</span> <span class='ocrx_word' id='word_1_18' title='bbox 608 547 877 628; x_wconf 78' lang='lat' dir='ltr'>satisieoisntpro</span> <span class='ocrx_word' id='word_1_19' title='bbox 899 546 1046 628; x_wconf 77' lang='lat' dir='ltr'>pensatis,</span> 
     </span>
     <span class='ocr_line' id='line_1_4' title="bbox 124 629 1046 710; baseline -0.002 -19"><span class='ocrx_word' id='word_1_20' title='bbox 124 648 163 691; x_wconf 85' lang='lat' dir='ltr'>ao</span> <span class='ocrx_word' id='word_1_21' title='bbox 184 630 229 690; x_wconf 89' lang='lat' dir='ltr'>sio</span> <span class='ocrx_word' id='word_1_22' title='bbox 249 630 433 709; x_wconf 83' lang='lat' dir='ltr'>privativum</span> <span class='ocrx_word' id='word_1_23' title='bbox 461 629 576 691; x_wconf 90' lang='lat' dir='ltr'>bouum</span> <span class='ocrx_word' id='word_1_24' title='bbox 610 630 772 710; x_wconf 81' lang='lat' dir='ltr'>aooipiunt·</span> <span class='ocrx_word' id='word_1_25' title='bbox 792 637 826 692; x_wconf 92' lang='lat' dir='ltr'>et</span> <span class='ocrx_word' id='word_1_26' title='bbox 845 630 1046 710; x_wconf 87' lang='lat' dir='ltr'>improprium</span> 
     </span>
     <span class='ocr_line' id='line_1_5' title="bbox 126 711 1048 799; baseline -0.001 -26"><span class='ocrx_word' id='word_1_27' title='bbox 126 713 312 776; x_wconf 79' lang='lat' dir='ltr'>thesaurum.</span> <span class='ocrx_word' id='word_1_28' title='bbox 343 712 384 773; x_wconf 80' lang='lat' dir='ltr'>m</span> <span class='ocrx_word' id='word_1_29' title='bbox 403 712 457 773; x_wconf 90' lang='lat' dir='ltr'>ille</span> <span class='ocrx_word' id='word_1_30' title='bbox 480 712 739 799; x_wconf 69' lang='lat' dir='ltr'>estinexhaustns</span> <span class='ocrx_word' id='word_1_31' title='bbox 753 720 785 774; x_wconf 87' lang='lat' dir='ltr'>at</span> <span class='ocrx_word' id='word_1_32' title='bbox 799 713 955 790; x_wconf 78' lang='lat' dir='ltr'>infinitus,</span> <span class='ocrx_word' id='word_1_33' title='bbox 976 711 1048 791; x_wconf 77' lang='lat' dir='ltr'>quis</span> 
     </span>
     <span class='ocr_line' id='line_1_6' title="bbox 126 795 1048 876; baseline -0.003 -19"><span class='ocrx_word' id='word_1_34' title='bbox 126 797 221 857; x_wconf 84' lang='lat' dir='ltr'>virtus</span> <span class='ocrx_word' id='word_1_35' title='bbox 244 795 377 857; x_wconf 86' lang='lat' dir='ltr'>olavium</span> <span class='ocrx_word' id='word_1_36' title='bbox 398 802 448 856; x_wconf 85' lang='lat' dir='ltr'>est</span> <span class='ocrx_word' id='word_1_37' title='bbox 458 796 650 873; x_wconf 80' lang='lat' dir='ltr'>inexhausta,</span> <span class='ocrx_word' id='word_1_38' title='bbox 673 814 752 876; x_wconf 80' lang='lat' dir='ltr'>quoe</span> <span class='ocrx_word' id='word_1_39' title='bbox 766 798 924 858; x_wconf 84' lang='lat' dir='ltr'>inmerito</span> <span class='ocrx_word' id='word_1_40' title='bbox 937 795 1048 855; x_wconf 85' lang='lat' dir='ltr'>Christi</span> 
     </span>
     <span class='ocr_line' id='line_1_7' title="bbox 125 877 1048 959; baseline -0.003 -18"><span class='ocrx_word' id='word_1_41' title='bbox 125 877 303 941; x_wconf 73' lang='lat' dir='ltr'>immediate</span> <span class='ocrx_word' id='word_1_42' title='bbox 326 879 448 958; x_wconf 88' lang='lat' dir='ltr'>nititur,</span> <span class='ocrx_word' id='word_1_43' title='bbox 476 877 687 959; x_wconf 80' lang='lat' dir='ltr'>indulgentiae</span> <span class='ocrx_word' id='word_1_44' title='bbox 715 892 790 940; x_wconf 83' lang='lat' dir='ltr'>vero</span> <span class='ocrx_word' id='word_1_45' title='bbox 811 879 959 940; x_wconf 83' lang='lat' dir='ltr'>mediate.</span> <span class='ocrx_word' id='word_1_46' title='bbox 1003 877 1048 938; x_wconf 75' lang='lat' dir='ltr'>Ao</span> 
     </span>
     <span class='ocr_line' id='line_1_8' title="bbox 126 961 1048 1041; baseline 0 -19"><span class='ocrx_word' id='word_1_47' title='bbox 126 961 198 1022; x_wconf 87' lang='lat' dir='ltr'>ideo</span> <span class='ocrx_word' id='word_1_48' title='bbox 220 967 325 1041; x_wconf 87' lang='lat' dir='ltr'>potest</span> <span class='ocrx_word' id='word_1_49' title='bbox 346 962 438 1022; x_wconf 88' lang='lat' dir='ltr'>etiam</span> <span class='ocrx_word' id='word_1_50' title='bbox 461 961 535 1041; x_wconf 86' lang='lat' dir='ltr'>dioi,</span> <span class='ocrx_word' id='word_1_51' title='bbox 565 964 673 1022; x_wconf 88' lang='lat' dir='ltr'>merita</span> <span class='ocrx_word' id='word_1_52' title='bbox 694 961 804 1023; x_wconf 82' lang='lat' dir='ltr'>Christi</span> <span class='ocrx_word' id='word_1_53' title='bbox 832 982 906 1024; x_wconf 86' lang='lat' dir='ltr'>esse</span> <span class='ocrx_word' id='word_1_54' title='bbox 928 962 1048 1024; x_wconf 76' lang='lat' dir='ltr'>thessm</span> 
     </span>
     <span class='ocr_line' id='line_1_9' title="bbox 126 1043 1033 1125; baseline -0.001 -18"><span class='ocrx_word' id='word_1_55' title='bbox 126 1064 194 1107; x_wconf 85' lang='lat' dir='ltr'>rum</span> <span class='ocrx_word' id='word_1_56' title='bbox 215 1043 475 1125; x_wconf 68' lang='lat' dir='ltr'>indulgentiarum</span> <span class='ocrx_word' id='word_1_57' title='bbox 497 1043 640 1109; x_wconf 82' lang='lat' dir='ltr'>mediate.</span> <span class='ocrx_word' id='word_1_58' title='bbox 897 1068 912 1121; x_wconf 63' lang='grc' dir='ltr'>ι</span> <span class='ocrx_word' id='word_1_59' title='bbox 1029 1044 1033 1051; x_wconf 87' lang='grc'><strong>’</strong></span> 
     </span>
     <span class='ocr_line' id='line_1_10' title="bbox 138 1126 1048 1206; baseline -0.004 -15"><span class='ocrx_word' id='word_1_60' title='bbox 138 1168 141 1173; x_wconf 94' lang='grc'>-</span> <span class='ocrx_word' id='word_1_61' title='bbox 164 1168 169 1175; x_wconf 89' lang='grc'><strong>-</strong></span> <span class='ocrx_word' id='word_1_62' title='bbox 210 1126 317 1206; x_wconf 76' lang='lat' dir='ltr'>Sexto,</span> <span class='ocrx_word' id='word_1_63' title='bbox 340 1127 479 1188; x_wconf 86' lang='lat' dir='ltr'>similiter</span> <span class='ocrx_word' id='word_1_64' title='bbox 497 1127 690 1188; x_wconf 74' lang='lat' dir='ltr'>admitterem</span> <span class='ocrx_word' id='word_1_65' title='bbox 707 1129 809 1200; x_wconf 72' lang='lat' dir='ltr'>etiam,</span> <span class='ocrx_word' id='word_1_66' title='bbox 832 1130 946 1189; x_wconf 83' lang='lat' dir='ltr'>merita</span> <span class='ocrx_word' id='word_1_67' title='bbox 957 1127 1048 1191; x_wconf 78' lang='lat' dir='ltr'>flauo</span> 
     </span>
     <span class='ocr_line' id='line_1_11' title="bbox 127 1209 1048 1292; baseline -0.003 -19"><span class='ocrx_word' id='word_1_68' title='bbox 127 1216 227 1273; x_wconf 87' lang='lat' dir='ltr'>torum</span> <span class='ocrx_word' id='word_1_69' title='bbox 249 1229 320 1273; x_wconf 86' lang='lat' dir='ltr'>esse</span> <span class='ocrx_word' id='word_1_70' title='bbox 340 1210 422 1271; x_wconf 86' lang='lat' dir='ltr'>huno</span> <span class='ocrx_word' id='word_1_71' title='bbox 443 1210 635 1289; x_wconf 75' lang='lat' dir='ltr'>thesaurum,</span> <span class='ocrx_word' id='word_1_72' title='bbox 669 1210 787 1272; x_wconf 84' lang='lat' dir='ltr'>soilioet</span> <span class='ocrx_word' id='word_1_73' title='bbox 807 1212 999 1292; x_wconf 82' lang='lat' dir='ltr'>improprie,</span> <span class='ocrx_word' id='word_1_74' title='bbox 1018 1209 1048 1271; x_wconf 93' lang='lat' dir='ltr'>id</span> 
     </span>
     <span class='ocr_line' id='line_1_12' title="bbox 128 1292 1049 1373; baseline 0.001 -18"><span class='ocrx_word' id='word_1_75' title='bbox 128 1299 196 1373; x_wconf 84' lang='lat' dir='ltr'>est,</span> <span class='ocrx_word' id='word_1_76' title='bbox 218 1292 301 1373; x_wconf 91' lang='lat' dir='ltr'>quod</span> <span class='ocrx_word' id='word_1_77' title='bbox 322 1294 431 1354; x_wconf 85' lang='lat' dir='ltr'>merita</span> <span class='ocrx_word' id='word_1_78' title='bbox 452 1292 634 1354; x_wconf 78' lang='lat' dir='ltr'>Senatorum</span> <span class='ocrx_word' id='word_1_79' title='bbox 663 1312 720 1373; x_wconf 90' lang='lat' dir='ltr'>per</span> <span class='ocrx_word' id='word_1_80' title='bbox 746 1292 840 1355; x_wconf 85' lang='lat' dir='ltr'>iidem</span> <span class='ocrx_word' id='word_1_81' title='bbox 861 1294 979 1356; x_wconf 81' lang='lat' dir='ltr'>Ghristi</span> <span class='ocrx_word' id='word_1_82' title='bbox 1007 1295 1049 1355; x_wconf 90' lang='grc' dir='ltr'>ιιι-</span> 
     </span>
     <span class='ocr_line' id='line_1_13' title="bbox 129 1377 1049 1463; baseline 0 -26"><span class='ocrx_word' id='word_1_83' title='bbox 129 1384 294 1463; x_wconf 53' lang='lat' dir='ltr'>eorporQa</span> <span class='ocrx_word' id='word_1_84' title='bbox 315 1383 346 1436; x_wconf 89' lang='lat' dir='ltr'>et</span> <span class='ocrx_word' id='word_1_85' title='bbox 367 1395 459 1436; x_wconf 92' lang='lat' dir='ltr'>unum</span> <span class='ocrx_word' id='word_1_86' title='bbox 483 1396 550 1437; x_wconf 87' lang='lat' dir='ltr'>oum</span> <span class='ocrx_word' id='word_1_87' title='bbox 576 1378 620 1437; x_wconf 90' lang='lat' dir='ltr'>eis</span> <span class='ocrx_word' id='word_1_88' title='bbox 642 1377 724 1437; x_wconf 85' lang='lat' dir='ltr'>faeta</span> <span class='ocrx_word' id='word_1_89' title='bbox 745 1378 805 1438; x_wconf 85' lang='lat' dir='ltr'>iam</span> <span class='ocrx_word' id='word_1_90' title='bbox 829 1377 915 1438; x_wconf 89' lang='lat' dir='ltr'>idem</span> <span class='ocrx_word' id='word_1_91' title='bbox 935 1378 1001 1439; x_wconf 83' lang='lat' dir='ltr'>sint</span> <span class='ocrx_word' id='word_1_92' title='bbox 1019 1382 1049 1439; x_wconf 84' lang='lat' dir='ltr'>et</span> 
     </span>
     <span class='ocr_line' id='line_1_14' title="bbox 128 1458 1049 1541; baseline 0.002 -22"><span class='ocrx_word' id='word_1_93' title='bbox 128 1460 243 1521; x_wconf 82' lang='lat' dir='ltr'>fsoiaut</span> <span class='ocrx_word' id='word_1_94' title='bbox 265 1458 478 1538; x_wconf 84' lang='lat' dir='ltr'>quod-merita</span> <span class='ocrx_word' id='word_1_95' title='bbox 500 1459 628 1538; x_wconf 76' lang='lat' dir='ltr'>(ihr-isti,</span> <span class='ocrx_word' id='word_1_96' title='bbox 658 1461 745 1540; x_wconf 79' lang='lat' dir='ltr'>iuxta</span> <span class='ocrx_word' id='word_1_97' title='bbox 764 1460 857 1539; x_wconf 75' lang='lat' dir='ltr'>iilud,</span> <span class='ocrx_word' id='word_1_98' title='bbox 879 1459 967 1541; x_wconf 89' lang='lat' dir='ltr'>quod</span> <span class='ocrx_word' id='word_1_99' title='bbox 989 1460 1049 1521; x_wconf 76' lang='lat' dir='ltr'>rita</span> 
     </span>
     <span class='ocr_line' id='line_1_15' title="bbox 69 1542 1048 1622; baseline 0.002 -19"><span class='ocrx_word' id='word_1_100' title='bbox 69 1588 77 1595; x_wconf 89' lang='lat'>.</span> <span class='ocrx_word' id='word_1_101' title='bbox 127 1542 199 1603; x_wconf 82' lang='lat' dir='ltr'>iusti</span> <span class='ocrx_word' id='word_1_102' title='bbox 227 1559 290 1603; x_wconf 93' lang='lat' dir='ltr'>uon</span> <span class='ocrx_word' id='word_1_103' title='bbox 323 1547 371 1602; x_wconf 79' lang='lat' dir='ltr'>est</span> <span class='ocrx_word' id='word_1_104' title='bbox 397 1543 510 1622; x_wconf 83' lang='lat' dir='ltr'>ipsius,</span> <span class='ocrx_word' id='word_1_105' title='bbox 541 1542 597 1603; x_wconf 87' lang='lat' dir='ltr'>sed</span> <span class='ocrx_word' id='word_1_106' title='bbox 624 1542 735 1603; x_wconf 80' lang='lat' dir='ltr'>curisti</span> <span class='ocrx_word' id='word_1_107' title='bbox 769 1544 801 1602; x_wconf 94' lang='lat' dir='ltr'>in</span> <span class='ocrx_word' id='word_1_108' title='bbox 834 1563 873 1605; x_wconf 90' lang='lat' dir='ltr'>eo</span> <span class='ocrx_word' id='word_1_109' title='bbox 907 1544 1048 1621; x_wconf 74' lang='lat' dir='ltr'>viventis,</span> 
     </span>
     <span class='ocr_line' id='line_1_16' title="bbox 128 1624 1049 1707; baseline 0.001 -21"><span class='ocrx_word' id='word_1_110' title='bbox 128 1624 217 1687; x_wconf 80' lang='lat' dir='ltr'>Gala.</span> <span class='ocrx_word' id='word_1_111' title='bbox 239 1626 274 1688; x_wconf 85' lang='lat'>2:</span> <span class='ocrx_word' id='word_1_112' title='bbox 297 1624 377 1686; x_wconf 83' lang='lat' dir='ltr'>Vivo</span> <span class='ocrx_word' id='word_1_113' title='bbox 400 1643 470 1705; x_wconf 83' lang='lat' dir='ltr'>ego,</span> <span class='ocrx_word' id='word_1_114' title='bbox 492 1643 557 1685; x_wconf 91' lang='lat' dir='ltr'>nou</span> <span class='ocrx_word' id='word_1_115' title='bbox 578 1644 648 1707; x_wconf 75' lang='lat' dir='ltr'>ego,</span> <span class='ocrx_word' id='word_1_116' title='bbox 671 1627 746 1686; x_wconf 88' lang='lat' dir='ltr'>vivit</span> <span class='ocrx_word' id='word_1_117' title='bbox 765 1628 891 1687; x_wconf 86' lang='lat' dir='ltr'>veroin</span> <span class='ocrx_word' id='word_1_118' title='bbox 904 1646 956 1687; x_wconf 84' lang='lat' dir='ltr'>ms</span> <span class='ocrx_word' id='word_1_119' title='bbox 969 1626 1049 1691; x_wconf 83' lang='lat' dir='ltr'>Olur’·</span> 
     </span>
     <span class='ocr_line' id='line_1_17' title="bbox 129 1707 1049 1788; baseline 0.002 -19"><span class='ocrx_word' id='word_1_120' title='bbox 129 1714 205 1771; x_wconf 86' lang='lat' dir='ltr'>stus.</span> <span class='ocrx_word' id='word_1_121' title='bbox 247 1707 325 1768; x_wconf 86' lang='lat' dir='ltr'>Nem</span> <span class='ocrx_word' id='word_1_122' title='bbox 347 1709 456 1769; x_wconf 85' lang='lat' dir='ltr'>merite</span> <span class='ocrx_word' id='word_1_123' title='bbox 477 1708 676 1785; x_wconf 79' lang='lat' dir='ltr'>Sanotorum,</span> <span class='ocrx_word' id='word_1_124' title='bbox 697 1714 732 1768; x_wconf 90' lang='lat' dir='ltr'>ut</span> <span class='ocrx_word' id='word_1_125' title='bbox 752 1709 956 1788; x_wconf 59' lang='lat' dir='ltr'>Senatorum</span> <span class='ocrx_word' id='word_1_126' title='bbox 977 1708 1049 1771; x_wconf 80' lang='lat' dir='ltr'>nihil</span> 
     </span>
     <span class='ocr_line' id='line_1_18' title="bbox 131 1789 1049 1874; baseline 0 -21"><span class='ocrx_word' id='word_1_127' title='bbox 131 1796 237 1853; x_wconf 77' lang='lat' dir='ltr'>essent</span> <span class='ocrx_word' id='word_1_128' title='bbox 257 1797 289 1851; x_wconf 83' lang='lat' dir='ltr'>et</span> <span class='ocrx_word' id='word_1_129' title='bbox 309 1789 505 1869; x_wconf 75' lang='lat' dir='ltr'>damnabilia,</span> <span class='ocrx_word' id='word_1_130' title='bbox 528 1798 562 1851; x_wconf 93' lang='lat' dir='ltr'>ut</span> <span class='ocrx_word' id='word_1_131' title='bbox 583 1791 775 1871; x_wconf 86' lang='lat' dir='ltr'>supradixi,</span> <span class='ocrx_word' id='word_1_132' title='bbox 797 1799 832 1853; x_wconf 90' lang='lat' dir='ltr'>ut</span> <span class='ocrx_word' id='word_1_133' title='bbox 853 1792 889 1853; x_wconf 87' lang='grc' dir='ltr'>Β.</span> <span class='ocrx_word' id='word_1_134' title='bbox 908 1793 1049 1874; x_wconf 80' lang='lat' dir='ltr'>Augusti·</span> 
     </span>
     <span class='ocr_line' id='line_1_19' title="bbox 130 1873 1057 1956; baseline 0.002 -21"><span class='ocrx_word' id='word_1_135' title='bbox 130 1892 204 1935; x_wconf 81' lang='lat' dir='ltr'>uus:</span> <span class='ocrx_word' id='word_1_136' title='bbox 237 1873 298 1935; x_wconf 93' lang='lat' dir='ltr'>Ubi</span> <span class='ocrx_word' id='word_1_137' title='bbox 319 1892 382 1935; x_wconf 91' lang='lat' dir='ltr'>uon</span> <span class='ocrx_word' id='word_1_138' title='bbox 395 1892 481 1954; x_wconf 82' lang='lat' dir='ltr'>ego,</span> <span class='ocrx_word' id='word_1_139' title='bbox 502 1873 544 1934; x_wconf 88' lang='lat' dir='ltr'>ibi</span> <span class='ocrx_word' id='word_1_140' title='bbox 565 1874 782 1956; x_wconf 75' lang='lat' dir='ltr'>felicius-ego,</span> <span class='ocrx_word' id='word_1_141' title='bbox 817 1876 890 1954; x_wconf 86' lang='lat' dir='ltr'>quia</span> <span class='ocrx_word' id='word_1_142' title='bbox 913 1876 1057 1938; x_wconf 80' lang='lat' dir='ltr'>Christos·</span> 
     </span>
     <span class='ocr_line' id='line_1_20' title="bbox 124 1956 747 2035; baseline 0.002 -18"><span class='ocrx_word' id='word_1_143' title='bbox 124 1961 164 2035; x_wconf 82' lang='lat' dir='ltr'>¹et</span> <span class='ocrx_word' id='word_1_144' title='bbox 183 1956 316 2017; x_wconf 80' lang='lat' dir='ltr'>ecelesia</span> <span class='ocrx_word' id='word_1_145' title='bbox 335 1963 407 2017; x_wconf 88' lang='lat' dir='ltr'>sunt</span> <span class='ocrx_word' id='word_1_146' title='bbox 427 1956 489 2018; x_wconf 88' lang='lat' dir='ltr'>duo</span> <span class='ocrx_word' id='word_1_147' title='bbox 510 1958 541 2017; x_wconf 92' lang='lat' dir='ltr'>iu</span> <span class='ocrx_word' id='word_1_148' title='bbox 564 1976 656 2018; x_wconf 86' lang='lat' dir='ltr'>oorne</span> <span class='ocrx_word' id='word_1_149' title='bbox 677 1977 747 2018; x_wconf 86' lang='lat' dir='ltr'>una.</span> 
     </span>
     <span class='ocr_line' id='line_1_21' title="bbox 131 2038 1049 2120; baseline 0.003 -18"><span class='ocrx_word' id='word_1_150' title='bbox 131 2076 134 2081; x_wconf 95' lang='lat'>·</span> <span class='ocrx_word' id='word_1_151' title='bbox 209 2038 363 2120; x_wconf 71' lang='lat' dir='ltr'>Septimo,</span> <span class='ocrx_word' id='word_1_152' title='bbox 384 2040 575 2101; x_wconf 86' lang='lat' dir='ltr'>verissimum</span> <span class='ocrx_word' id='word_1_153' title='bbox 598 2047 701 2101; x_wconf 87' lang='lat' dir='ltr'>tamen</span> <span class='ocrx_word' id='word_1_154' title='bbox 723 2047 785 2120; x_wconf 83' lang='lat' dir='ltr'>est,</span> <span class='ocrx_word' id='word_1_155' title='bbox 806 2042 919 2101; x_wconf 79' lang='lat' dir='ltr'>merita</span> <span class='ocrx_word' id='word_1_156' title='bbox 933 2041 1049 2105; x_wconf 81' lang='lat' dir='ltr'>-Glrristi</span> 
     </span>
     <span class='ocr_line' id='line_1_22' title="bbox 132 2122 1049 2206; baseline 0.003 -21"><span class='ocrx_word' id='word_1_157' title='bbox 132 2140 194 2185; x_wconf 90' lang='lat' dir='ltr'>uon</span> <span class='ocrx_word' id='word_1_158' title='bbox 218 2141 287 2183; x_wconf 85' lang='lat' dir='ltr'>esse</span> <span class='ocrx_word' id='word_1_159' title='bbox 308 2122 483 2183; x_wconf 86' lang='lat' dir='ltr'>thesaurum</span> <span class='ocrx_word' id='word_1_160' title='bbox 510 2123 768 2204; x_wconf 83' lang='lat' dir='ltr'>indulgentiarum</span> <span class='ocrx_word' id='word_1_161' title='bbox 801 2124 955 2203; x_wconf 80' lang='lat' dir='ltr'>positive,</span> <span class='ocrx_word' id='word_1_162' title='bbox 985 2144 1049 2206; x_wconf 84' lang='lat' dir='ltr'>pro</span> 
     </span>
     <span class='ocr_line' id='line_1_23' title="bbox 132 2204 1049 2285; baseline 0.004 -20"><span class='ocrx_word' id='word_1_163' title='bbox 132 2206 198 2284; x_wconf 80' lang='lat' dir='ltr'>prio</span> <span class='ocrx_word' id='word_1_164' title='bbox 219 2211 251 2267; x_wconf 88' lang='lat' dir='ltr'>et</span> <span class='ocrx_word' id='word_1_165' title='bbox 270 2204 456 2284; x_wconf 76' lang='lat' dir='ltr'>immediate,</span> <span class='ocrx_word' id='word_1_166' title='bbox 479 2213 513 2266; x_wconf 91' lang='lat' dir='ltr'>ut</span> <span class='ocrx_word' id='word_1_167' title='bbox 533 2206 648 2285; x_wconf 83' lang='lat' dir='ltr'>aliquid</span> <span class='ocrx_word' id='word_1_168' title='bbox 672 2207 841 2285; x_wconf 68' lang='lat' dir='ltr'>uenierunt,</span> <span class='ocrx_word' id='word_1_169' title='bbox 862 2209 945 2268; x_wconf 84' lang='lat' dir='ltr'>siout</span> <span class='ocrx_word' id='word_1_170' title='bbox 966 2208 1049 2271; x_wconf 85' lang='lat' dir='ltr'>intel·</span> 
     </span>
     <span class='ocr_line' id='line_1_24' title="bbox 70 2284 1050 2374; baseline 0.009 -29"><span class='ocrx_word' id='word_1_171' title='bbox 70 2338 73 2345; x_wconf 91' lang='lat'>.</span> <span class='ocrx_word' id='word_1_172' title='bbox 132 2287 230 2365; x_wconf 85' lang='lat' dir='ltr'>ligunt</span> <span class='ocrx_word' id='word_1_173' title='bbox 250 2287 399 2367; x_wconf 86' lang='lat' dir='ltr'>rudiores,</span> <span class='ocrx_word' id='word_1_174' title='bbox 420 2284 508 2368; x_wconf 88' lang='lat' dir='ltr'>quia,</span> <span class='ocrx_word' id='word_1_175' title='bbox 531 2289 655 2368; x_wconf 86' lang='lat' dir='ltr'>quando</span> <span class='ocrx_word' id='word_1_176' title='bbox 678 2290 838 2350; x_wconf 83' lang='lat' dir='ltr'>oonlemnt</span> <span class='ocrx_word' id='word_1_177' title='bbox 859 2289 980 2352; x_wconf 89' lang='lat' dir='ltr'>donum</span> <span class='ocrx_word' id='word_1_178' title='bbox 1002 2311 1050 2374; x_wconf 86' lang='lat' dir='ltr'>po</span> 
     </span>
     <span class='ocr_line' id='line_1_25' title="bbox 133 2371 1050 2454; baseline 0.007 -23"><span class='ocrx_word' id='word_1_179' title='bbox 133 2371 270 2450; x_wconf 86' lang='lat' dir='ltr'>sitivum,</span> <span class='ocrx_word' id='word_1_180' title='bbox 291 2372 407 2433; x_wconf 84' lang='lat' dir='ltr'>faoiuut</span> <span class='ocrx_word' id='word_1_181' title='bbox 428 2372 475 2450; x_wconf 76' lang='lat' dir='ltr'>id,</span> <span class='ocrx_word' id='word_1_182' title='bbox 506 2391 569 2434; x_wconf 94' lang='lat' dir='ltr'>non</span> <span class='ocrx_word' id='word_1_183' title='bbox 593 2381 627 2433; x_wconf 92' lang='lat' dir='ltr'>ut</span> <span class='ocrx_word' id='word_1_184' title='bbox 646 2373 857 2454; x_wconf 81' lang='lat' dir='ltr'>indulgentiae</span> <span class='ocrx_word' id='word_1_185' title='bbox 880 2374 1050 2453; x_wconf 82' lang='lat' dir='ltr'>thesaurus,</span> 
     </span>
     <span class='ocr_line' id='line_1_26' title="bbox 133 2453 1050 2535; baseline 0.004 -20"><span class='ocrx_word' id='word_1_186' title='bbox 133 2453 188 2515; x_wconf 88' lang='lat' dir='ltr'>sed</span> <span class='ocrx_word' id='word_1_187' title='bbox 209 2462 243 2514; x_wconf 91' lang='lat' dir='ltr'>ut</span> <span class='ocrx_word' id='word_1_188' title='bbox 263 2456 380 2535; x_wconf 83' lang='lat' dir='ltr'>gratiae</span> <span class='ocrx_word' id='word_1_189' title='bbox 403 2456 502 2516; x_wconf 89' lang='lat' dir='ltr'>vitalis</span> <span class='ocrx_word' id='word_1_190' title='bbox 536 2457 713 2534; x_wconf 86' lang='lat' dir='ltr'>thesaurus,</span> <span class='ocrx_word' id='word_1_191' title='bbox 743 2462 816 2516; x_wconf 86' lang='lat' dir='ltr'>tuno</span> <span class='ocrx_word' id='word_1_192' title='bbox 837 2457 920 2516; x_wconf 91' lang='lat' dir='ltr'>enim</span> <span class='ocrx_word' id='word_1_193' title='bbox 943 2459 1050 2521; x_wconf 77' lang='lat' dir='ltr'>forms·</span> 
     </span>
     <span class='ocr_line' id='line_1_27' title="bbox 133 2537 1051 2620; baseline 0.005 -21"><span class='ocrx_word' id='word_1_194' title='bbox 133 2537 203 2599; x_wconf 87' lang='lat' dir='ltr'>liter</span> <span class='ocrx_word' id='word_1_195' title='bbox 223 2539 347 2618; x_wconf 86' lang='lat' dir='ltr'>proprie</span> <span class='ocrx_word' id='word_1_196' title='bbox 369 2544 400 2597; x_wconf 89' lang='lat' dir='ltr'>et</span> <span class='ocrx_word' id='word_1_197' title='bbox 411 2538 442 2616; x_wconf 83' lang='lat'>1)</span> <span class='ocrx_word' id='word_1_198' title='bbox 466 2538 644 2600; x_wconf 87' lang='lat' dir='ltr'>immediate</span> <span class='ocrx_word' id='word_1_199' title='bbox 658 2539 892 2601; x_wconf 88' lang='lat' dir='ltr'>donantursine</span> <span class='ocrx_word' id='word_1_200' title='bbox 905 2541 1051 2620; x_wconf 78' lang='lat' dir='ltr'>oleribus,</span> 
     </span>
     <span class='ocr_line' id='line_1_28' title="bbox 133 2619 1049 2702; baseline 0.005 -21"><span class='ocrx_word' id='word_1_201' title='bbox 133 2623 201 2681; x_wconf 89' lang='lat' dir='ltr'>sine</span> <span class='ocrx_word' id='word_1_202' title='bbox 220 2619 419 2700; x_wconf 83' lang='lat' dir='ltr'>indulgentiis</span> <span class='ocrx_word' id='word_1_203' title='bbox 441 2640 461 2682; x_wconf 84' lang='lat' dir='ltr'>a</span> <span class='ocrx_word' id='word_1_204' title='bbox 481 2622 550 2683; x_wconf 89' lang='lat' dir='ltr'>solo</span> <span class='ocrx_word' id='word_1_205' title='bbox 574 2624 680 2702; x_wconf 87' lang='lat' dir='ltr'>spiritu</span> <span class='ocrx_word' id='word_1_206' title='bbox 704 2628 830 2701; x_wconf 86' lang='lat' dir='ltr'>saneto,</span> <span class='ocrx_word' id='word_1_207' title='bbox 859 2642 924 2684; x_wconf 91' lang='lat' dir='ltr'>non</span> <span class='ocrx_word' id='word_1_208' title='bbox 951 2632 1049 2686; x_wconf 85' lang='lat' dir='ltr'>entem</span> 
     </span>
     <span class='ocr_line' id='line_1_29' title="bbox 135 2705 1051 2784; baseline 0.005 -20"><span class='ocrx_word' id='word_1_209' title='bbox 135 2723 269 2783; x_wconf 87' lang='lat' dir='ltr'>unquam</span> <span class='ocrx_word' id='word_1_210' title='bbox 291 2723 311 2764; x_wconf 89' lang='lat' dir='ltr'>a</span> <span class='ocrx_word' id='word_1_211' title='bbox 332 2723 429 2784; x_wconf 85' lang='lat' dir='ltr'>pape,</span> <span class='ocrx_word' id='word_1_212' title='bbox 450 2705 523 2783; x_wconf 88' lang='lat' dir='ltr'>quia</span> <span class='ocrx_word' id='word_1_213' title='bbox 544 2707 777 2784; x_wconf 78' lang='lat' dir='ltr'>perennitatem</span> <span class='ocrx_word' id='word_1_214' title='bbox 799 2705 895 2766; x_wconf 92' lang='lat' dir='ltr'>homo</span> <span class='ocrx_word' id='word_1_215' title='bbox 919 2706 958 2768; x_wconf 88' lang='lat' dir='ltr'>flt</span> <span class='ocrx_word' id='word_1_216' title='bbox 979 2728 1051 2769; x_wconf 87' lang='lat' dir='ltr'>unus</span> 
     </span>
     <span class='ocr_line' id='line_1_30' title="bbox 133 2787 1051 2868; baseline 0.002 -21"><span class='ocrx_word' id='word_1_217' title='bbox 133 2788 258 2866; x_wconf 82' lang='lat' dir='ltr'>spiritus</span> <span class='ocrx_word' id='word_1_218' title='bbox 280 2806 349 2847; x_wconf 89' lang='lat' dir='ltr'>oum</span> <span class='ocrx_word' id='word_1_219' title='bbox 373 2787 504 2866; x_wconf 74' lang='lat' dir='ltr'>Christo,</span> <span class='ocrx_word' id='word_1_220' title='bbox 526 2788 596 2849; x_wconf 86' lang='lat' dir='ltr'>ideo</span> <span class='ocrx_word' id='word_1_221' title='bbox 618 2789 780 2868; x_wconf 80' lang='lat' dir='ltr'>partieipat</span> <span class='ocrx_word' id='word_1_222' title='bbox 798 2789 944 2850; x_wconf 87' lang='lat' dir='ltr'>omuibus</span> <span class='ocrx_word' id='word_1_223' title='bbox 968 2791 1051 2853; x_wconf 90' lang='lat' dir='ltr'>bonis</span> 
     </span>
     <span class='ocr_line' id='line_1_31' title="bbox 135 2862 1051 2949; baseline 0.005 -21"><span class='ocrx_word' id='word_1_224' title='bbox 135 2870 210 2931; x_wconf 90' lang='lat' dir='ltr'>eius.</span> <span class='ocrx_word' id='word_1_225' title='bbox 251 2869 292 2929; x_wconf 88' lang='lat' dir='ltr'>Et</span> <span class='ocrx_word' id='word_1_226' title='bbox 318 2868 380 2930; x_wconf 89' lang='lat' dir='ltr'>hoo</span> <span class='ocrx_word' id='word_1_227' title='bbox 401 2862 481 2947; x_wconf 85' lang='lat' dir='ltr'>est‚&#39;</span> <span class='ocrx_word' id='word_1_228' title='bbox 496 2871 578 2949; x_wconf 91' lang='lat' dir='ltr'>quod</span> <span class='ocrx_word' id='word_1_229' title='bbox 612 2891 682 2932; x_wconf 86' lang='lat' dir='ltr'>mea</span> <span class='ocrx_word' id='word_1_230' title='bbox 708 2872 867 2931; x_wconf 86' lang='lat' dir='ltr'>oonolusio</span> <span class='ocrx_word' id='word_1_231' title='bbox 889 2875 942 2937; x_wconf 81' lang='lat'>58.</span> <span class='ocrx_word' id='word_1_232' title='bbox 967 2874 1051 2935; x_wconf 86' lang='lat' dir='ltr'>dioit:</span> 
     </span>
     <span class='ocr_line' id='line_1_32' title="bbox 134 2951 1052 3038; baseline 0.008 -27"><span class='ocrx_word' id='word_1_233' title='bbox 134 2951 200 3012; x_wconf 85' lang='lat' dir='ltr'>Neo</span> <span class='ocrx_word' id='word_1_234' title='bbox 221 2958 292 3011; x_wconf 87' lang='lat' dir='ltr'>suut</span> <span class='ocrx_word' id='word_1_235' title='bbox 313 2953 421 3013; x_wconf 83' lang='lat' dir='ltr'>merita</span> <span class='ocrx_word' id='word_1_236' title='bbox 444 2952 568 3031; x_wconf 75' lang='lat' dir='ltr'>onusti,</span> <span class='ocrx_word' id='word_1_237' title='bbox 597 2955 669 3033; x_wconf 89' lang='lat' dir='ltr'>quia</span> <span class='ocrx_word' id='word_1_238' title='bbox 689 2953 767 3014; x_wconf 82' lang='lat' dir='ltr'>haee</span> <span class='ocrx_word' id='word_1_239' title='bbox 787 2955 853 3014; x_wconf 88' lang='lat' dir='ltr'>sine</span> <span class='ocrx_word' id='word_1_240' title='bbox 876 2973 964 3036; x_wconf 81' lang='lat' dir='ltr'>pepe</span> <span class='ocrx_word' id='word_1_241' title='bbox 985 2976 1052 3038; x_wconf 84' lang='lat' dir='ltr'>ope·</span> 
     </span>
     <span class='ocr_line' id='line_1_33' title="bbox 134 3035 727 3114; baseline 0.005 -21"><span class='ocrx_word' id='word_1_242' title='bbox 134 3040 239 3097; x_wconf 83' lang='lat' dir='ltr'>rantur</span> <span class='ocrx_word' id='word_1_243' title='bbox 260 3036 388 3114; x_wconf 81' lang='lat' dir='ltr'>gratiam</span> <span class='ocrx_word' id='word_1_244' title='bbox 410 3035 543 3097; x_wconf 91' lang='lat' dir='ltr'>hominis</span> <span class='ocrx_word' id='word_1_245' title='bbox 564 3038 727 3097; x_wconf 87' lang='lat' dir='ltr'>interioris.</span> 
     </span>
     <span class='ocr_line' id='line_1_34' title="bbox 145 3117 1052 3199; baseline 0.004 -22"><span class='ocrx_word' id='word_1_246' title='bbox 145 3160 148 3167; x_wconf 83' lang='lat'>-</span> <span class='ocrx_word' id='word_1_247' title='bbox 218 3117 356 3178; x_wconf 86' lang='lat' dir='ltr'>Breviter</span> <span class='ocrx_word' id='word_1_248' title='bbox 365 3119 469 3197; x_wconf 85' lang='lat' dir='ltr'>itaque</span> <span class='ocrx_word' id='word_1_249' title='bbox 480 3123 575 3199; x_wconf 78' lang='lat' dir='ltr'>patet,</span> <span class='ocrx_word' id='word_1_250' title='bbox 586 3120 669 3199; x_wconf 88' lang='lat' dir='ltr'>quod</span> <span class='ocrx_word' id='word_1_251' title='bbox 682 3121 788 3179; x_wconf 87' lang='lat' dir='ltr'>merite</span> <span class='ocrx_word' id='word_1_252' title='bbox 800 3119 914 3180; x_wconf 80' lang='lat' dir='ltr'>Christi</span> <span class='ocrx_word' id='word_1_253' title='bbox 927 3140 1052 3183; x_wconf 83' lang='lat' dir='ltr'>neeesse</span> 
     </span>
     <span class='ocr_line' id='line_1_35' title="bbox 136 3184 1072 3284; baseline 0.004 -24"><span class='ocrx_word' id='word_1_254' title='bbox 136 3206 183 3260; x_wconf 90' lang='lat' dir='ltr'>est</span> <span class='ocrx_word' id='word_1_255' title='bbox 204 3199 366 3279; x_wconf 80' lang='lat' dir='ltr'>dupliciter</span> <span class='ocrx_word' id='word_1_256' title='bbox 377 3203 487 3281; x_wconf 83' lang='lat' dir='ltr'>aoeipi,</span> <span class='ocrx_word' id='word_1_257' title='bbox 510 3204 535 3262; x_wconf 91' lang='lat' dir='ltr'>si</span> <span class='ocrx_word' id='word_1_258' title='bbox 550 3202 638 3262; x_wconf 85' lang='lat' dir='ltr'>salva</span> <span class='ocrx_word' id='word_1_259' title='bbox 652 3184 1072 3284; x_wconf 73' lang='lat' dir='ltr'>debstExtravegansoon·¹</span> 
     </span>
     <span class='ocr_line' id='line_1_36' title="bbox 135 3283 1052 3366; baseline 0.005 -24"><span class='ocrx_word' id='word_1_260' title='bbox 135 3284 252 3346; x_wconf 85' lang='lat' dir='ltr'>sistere.</span> <span class='ocrx_word' id='word_1_261' title='bbox 275 3283 345 3344; x_wconf 92' lang='lat' dir='ltr'>Uno</span> <span class='ocrx_word' id='word_1_262' title='bbox 368 3283 461 3345; x_wconf 92' lang='lat' dir='ltr'>modo</span> <span class='ocrx_word' id='word_1_263' title='bbox 483 3287 607 3366; x_wconf 89' lang='lat' dir='ltr'>proprie</span> <span class='ocrx_word' id='word_1_264' title='bbox 629 3293 660 3345; x_wconf 91' lang='lat' dir='ltr'>et</span> <span class='ocrx_word' id='word_1_265' title='bbox 672 3285 849 3366; x_wconf 78' lang='lat' dir='ltr'>formaliter,</span> <span class='ocrx_word' id='word_1_266' title='bbox 872 3295 906 3346; x_wconf 89' lang='lat' dir='ltr'>et</span> <span class='ocrx_word' id='word_1_267' title='bbox 920 3289 968 3348; x_wconf 85' lang='lat' dir='ltr'>sio</span> <span class='ocrx_word' id='word_1_268' title='bbox 988 3296 1052 3349; x_wconf 85' lang='lat' dir='ltr'>sunl</span> 
     </span>
     <span class='ocr_line' id='line_1_37' title="bbox 135 3365 1051 3452; baseline 0.008 -27"><span class='ocrx_word' id='word_1_269' title='bbox 135 3365 296 3427; x_wconf 81' lang='lat' dir='ltr'>thesaurus</span> <span class='ocrx_word' id='word_1_270' title='bbox 319 3367 401 3427; x_wconf 84' lang='lat' dir='ltr'>vitae</span> <span class='ocrx_word' id='word_1_271' title='bbox 422 3368 555 3447; x_wconf 79' lang='lat' dir='ltr'>spiritus,</span> <span class='ocrx_word' id='word_1_272' title='bbox 579 3375 610 3429; x_wconf 92' lang='lat' dir='ltr'>et</span> <span class='ocrx_word' id='word_1_273' title='bbox 630 3369 840 3448; x_wconf 88' lang='lat' dir='ltr'>propriissime</span> <span class='ocrx_word' id='word_1_274' title='bbox 863 3389 882 3429; x_wconf 87' lang='lat' dir='ltr'>a</span> <span class='ocrx_word' id='word_1_275' title='bbox 904 3371 977 3432; x_wconf 86' lang='lat' dir='ltr'>solo</span> <span class='ocrx_word' id='word_1_276' title='bbox 999 3371 1051 3452; x_wconf 87' lang='lat' dir='ltr'>spi·</span> 
     </span>
     <span class='ocr_line' id='line_1_38' title="bbox 134 3448 772 3523; baseline 0.003 -15"><span class='ocrx_word' id='word_1_277' title='bbox 134 3450 194 3509; x_wconf 90' lang='lat' dir='ltr'>ritu</span> <span class='ocrx_word' id='word_1_278' title='bbox 217 3451 325 3509; x_wconf 85' lang='lat' dir='ltr'>annoto</span> <span class='ocrx_word' id='word_1_279' title='bbox 348 3448 536 3523; x_wconf 77' lang='lat' dir='ltr'>distributus,</span> <span class='ocrx_word' id='word_1_280' title='bbox 560 3453 608 3511; x_wconf 87' lang='lat' dir='ltr'>oui</span> <span class='ocrx_word' id='word_1_281' title='bbox 631 3451 772 3512; x_wconf 87' lang='lat' dir='ltr'>voluerit.</span> 
     </span>
    </p>

    <p class='ocr_par' dir='ltr' id='par_1_3' title="bbox 135 3531 1052 3697">
     <span class='ocr_line' id='line_1_39' title="bbox 218 3531 1052 3614; baseline 0.004 -23"><span class='ocrx_word' id='word_1_282' title='bbox 218 3531 289 3592; x_wconf 84' lang='lat' dir='ltr'>Alio</span> <span class='ocrx_word' id='word_1_283' title='bbox 310 3531 404 3593; x_wconf 94' lang='lat' dir='ltr'>modo</span> <span class='ocrx_word' id='word_1_284' title='bbox 427 3535 593 3614; x_wconf 90' lang='lat' dir='ltr'>improprie</span> <span class='ocrx_word' id='word_1_285' title='bbox 629 3542 661 3596; x_wconf 93' lang='lat' dir='ltr'>et</span> <span class='ocrx_word' id='word_1_286' title='bbox 681 3534 821 3595; x_wconf 73' lang='lat' dir='ltr'>effective</span> <span class='ocrx_word' id='word_1_287' title='bbox 845 3541 878 3595; x_wconf 90' lang='lat' dir='ltr'>et</span> <span class='ocrx_word' id='word_1_288' title='bbox 898 3534 1052 3597; x_wconf 86' lang='lat' dir='ltr'>literaliter</span> 
     </span>
     <span class='ocr_line' id='line_1_40' title="bbox 135 3614 1051 3697; baseline 0.001 -22"><span class='ocrx_word' id='word_1_289' title='bbox 135 3633 191 3695; x_wconf 85' lang='lat' dir='ltr'>pro</span> <span class='ocrx_word' id='word_1_290' title='bbox 214 3633 253 3677; x_wconf 89' lang='lat' dir='ltr'>eo</span> <span class='ocrx_word' id='word_1_291' title='bbox 276 3614 358 3693; x_wconf 90' lang='lat' dir='ltr'>quod</span> <span class='ocrx_word' id='word_1_292' title='bbox 381 3618 496 3677; x_wconf 89' lang='lat' dir='ltr'>meritis</span> <span class='ocrx_word' id='word_1_293' title='bbox 521 3617 633 3679; x_wconf 80' lang='lat' dir='ltr'>Christi</span> <span class='ocrx_word' id='word_1_294' title='bbox 662 3617 804 3679; x_wconf 77' lang='lat' dir='ltr'>effectum</span> <span class='ocrx_word' id='word_1_295' title='bbox 828 3625 894 3697; x_wconf 82' lang='lat' dir='ltr'>est,</span> <span class='ocrx_word' id='word_1_296' title='bbox 928 3626 962 3680; x_wconf 89' lang='lat' dir='ltr'>et</span> <span class='ocrx_word' id='word_1_297' title='bbox 981 3621 1051 3679; x_wconf 82' lang='lat' dir='ltr'>siml</span> 
     </span>
    </p>
   </div>
   <div class='ocr_carea' id='block_1_3' title="bbox 208 3794 789 3875">
    <p class='ocr_par' dir='ltr' id='par_1_4' title="bbox 208 3794 789 3875">
     <span class='ocr_line' id='line_1_41' title="bbox 208 3794 789 3875; baseline -0.005 -17"><span class='ocrx_word' id='word_1_298' title='bbox 208 3799 239 3875; x_wconf 79' lang='lat' dir='ltr'>i]</span> <span class='ocrx_word' id='word_1_299' title='bbox 257 3799 291 3858; x_wconf 89' lang='lat' dir='ltr'>ln</span> <span class='ocrx_word' id='word_1_300' title='bbox 310 3798 354 3858; x_wconf 83' lang='lat' dir='ltr'>ed.</span> <span class='ocrx_word' id='word_1_301' title='bbox 373 3800 444 3873; x_wconf 67' lang='lat' dir='ltr'>orig.</span> <span class='ocrx_word' id='word_1_302' title='bbox 462 3794 620 3870; x_wconf 57' lang='lat' dir='ltr'>tW&#39;itteubJ</span> <span class='ocrx_word' id='word_1_303' title='bbox 642 3800 732 3855; x_wconf 85' lang='lat' dir='ltr'>deest:</span> <span class='ocrx_word' id='word_1_304' title='bbox 754 3806 789 3855; x_wconf 87' lang='lat' dir='ltr'>et.</span> 
     </span>
    </p>
   </div>
   <div class='ocr_carea' id='block_1_4' title="bbox 0 0 1194 4200">
    <p class='ocr_par' dir='ltr' id='par_1_5' title="bbox 0 0 1194 4200">
     <span class='ocr_line' id='line_1_42' title="bbox 0 0 1194 4200; baseline 0 0"><span class='ocrx_word' id='word_1_305' title='bbox 0 0 1194 4200; x_wconf 95' lang='lat' dir='ltr'> </span> 
     </span>
    </p>
   </div>
  </div>
 </body>
</html>
