2356 4200
114 270 158 337 66
187 258 190 266 ¹
368 274 577 345 ResponsioD.
596 275 675 329 Mart.
695 275 806 330 luthsel

112 444 184 506 dem
212 447 473 526 potestatetemt
460 443 514 505 tibi
531 464 664 540 arrogas
693 442 870 525 baptizandi
894 443 990 522 mei,
1005 447 1038 504 ιιι

115 529 260 590 volueris.
299 527 374 606 -Ago
396 535 504 588 tamen
525 531 650 608 gratias,
672 527 755 608 quod
779 545 882 587 rerum
905 543 982 587 esee
997 525 1039 587 ὥ

115 613 168 707 cis,
191 611 266 673 nihil
286 612 398 671 remitti
418 613 504 692 iis¹),
528 612 579 690 qui
595 612 736 692 perfecte
757 629 814 670 sun
816 610 979 681 ιιιιιιιιιιιι.Ι
985 607 1038 670 Et

113 697 179 756 scio
202 713 264 755 non
289 712 399 754 omnes
420 713 489 753 esse
519 695 613 768 tales,
646 694 701 755 sed
735 712 797 754 nun
825 692 904 754 ideo
924 693 1038 757 intrati

2 806 4 811 ·
113 779 333 858 purgatorium,
355 778 428 856 quia
450 796 568 860 poenas
591 778 713 857 debent,
735 787 812 856 ques
834 795 917 856 pape
937 775 1037 856 pessit

111 862 242 931 solvere,
264 868 297 919 ut
317 860 517 939 probabiliter
538 863 620 920 tenui
644 868 673 921 et
696 868 797 921 teneo.
898 909 925 915 ..
1004 883 1018 916 r-

143 944 243 1005 Ad
267 943 427 1024 septimam
452 943 537 1009 dicis
559 943 643 1022 quud
666 943 727 1004 duo
744 942 826 1003 bona
838 940 1034 1017 adderentur,

112 1047 248 1104 uuum,
246 1025 347 1122 quod·
374 1045 502 1086 necesse
532 1034 613 1087 esset
643 1025 749 1087 fideles
778 1026 869 1091 toties
896 1032 1035 1105 repetere

112 1129 257 1185 cansam,
270 1110 370 1189 gratia
392 1112 477 1169 cuius
501 1109 611 1170 dantur
634 1112 753 1186 veniae,
776 1102 851 1188 puta
866 1107 1034 1203 eleemoap·

12 1192 14 1208 ¹
113 1212 185 1254 nam
208 1201 267 1253 etc
309 1191 449 1270 Scimus,
473 1193 511 1252 mi
534 1199 638 1272 pater,
660 1192 742 1272 quod
765 1210 821 1252 vos
843 1191 974 1251 libenter
995 1191 1034 1251 ιι-

113 1277 234 1371 derebus,
256 1294 382 1335 causam
402 1276 491 1334 istam
515 1295 577 1335 uua
598 1276 682 1337 hora
697 1275 805 1335 millies
827 1275 935 1370 repeti.
967 1271 1033 1335 Huc

110 1359 203 1419 fere
196 1378 229 1417 ιιι
250 1359 396 1418 auaritiae
418 1359 533 1419 bonum
563 1359 666 1419 cedit.
693 1358 758 1418 Nos
791 1359 967 1437 quaerimus
997 1355 1032 1417 tle

110 1440 193 1502 bono
217 1441 326 1518 dantis,
350 1441 432 1519 quod
455 1443 479 1501 si
503 1448 549 1502 est
572 1442 655 1502 datio
677 1441 911 1521 eleemosynae,.
925 1440 1032 1501 melias

108 1523 140 1584 id
153 1524 287 1584 lit-sine
309 1526 421 1601 veniis,
452 1534 482 1584 et
510 1527 621 1604 gratis,
650 1543 741 1604 quam
770 1533 896 1604 propter
918 1524 1032 1602 venias,

110 1614 257 1686 utsupra
279 1605 351 1666 dixi.
380 1607 426 1667 Tu
448 1614 550 1667 autem
574 1627 695 1687 semper
717 1608 906 1688 imaginaris,
927 1607 1031 1668 uenies

110 1709 178 1750 esse
200 1690 326 1770 aliquod
349 1690 473 1750 bonum.
517 1690 660 1751 Alterum*
678 1692 809 1770 bonum,
842 1691 962 1770 inquis,
982 1696 1030 1750 ‘rc-

109 1774 276 1834 mitteretur
298 1791 397 1833 novus
420 1780 521 1833 reatus
544 1792 730 1853 poenarum,
752 1775 779 1835 si
801 1773 879 1853 quis
890 1779 964 1854 post
983 1790 1030 1833 ιι

109 1857 205 1917 niam
213 1856 380 1918 incidisset

192 1939 406 2036 Respondeo,
427 1939 510 2018 quod
546 1940 604 2000 iste
637 1945 740 2001 reatus
777 1938 885 2000 melius
917 1939 1030 2001 tollitur

108 2016 176 2082 sine
207 2025 321 2099 veniis,
356 2022 428 2114 quia
463 2025 572 2084 veniae
604 2042 667 2091 uon
700 2029 774 2083 sunt
802 2041 858 2103 pro
895 2021 1028 2102 peccatis

108 2105 278 2166 venialibus
301 2107 503 2168 necessariae.
548 2105 580 2166 Si
608 2115 710 2167 autem
740 2106 778 2167 de
800 2106 924 2166 mortali
945 2111 1028 2166 reatu

106 2189 295 2286 intelligis,
287 2208 348 2249 ram
371 2188 486 2249 nullum
509 2196 555 2249 est
576 2187 659 2252 istud
680 2188 812 2267 bonum,
834 2189 893 2248 uisi
915 2190 1028 2251 centies

108 2273 175 2351 quis
208 2275 244 2332 iu
269 2272 317 2332 die
352 2278 460 2352 peccet
497 2274 679 2350 mortaliter,
715 2272 797 2352 quod
827 2271 929 2332 nullus
958 2271 1028 2332 facit

107 2373 180 2414 vere
187 2353 219 2433 ²)
244 2356 416 2435 poenitens.

190 2437 240 2496 Ad
254 2447 406 2513 octavam,
427 2437 511 2518 quod
533 2457 615 2519 papa
636 2438 796 2519 suspendit
806 2457 912 2499 remes
925 2438 1027 2500 etlita

106 2538 166 2599 ras,
188 2521 280 2597 dicis
302 2519 334 2581 id
356 2520 421 2581 lieri
443 2539 499 2600 pro
522 2530 673 2582 structura
695 2525 829 2582 omnium
850 2522 1027 2601 praeclaris

107 2606 192 2667 sima.
240 2602 282 2664 Ει
302 2604 379 2664 haec
402 2604 454 2664 tibi
485 2604 603 2665 videtur
625 2625 694 2666 esse
716 2608 794 2666 iusta
817 2605 1026 2686 suspensionis

107 2705 209 2747 causa.
260 2687 325 2747 Nec
354 2688 477 2764 mirum,
513 2707 575 2749 non
605 2690 686 2749 enim
712 2689 773 2749 nisi
802 2688 1027 2767 quae-Romae

106 2779 185 2847 sunt,
209 2789 307 2833 curas.
350 2771 419 2849 Ego
443 2777 545 2830 autem
565 2772 645 2850 dico,
668 2774 706 2832 sit
727 2772 780 2832 illa
802 2780 955 2832 structura
976 2772 1025 2832 ho-

106 2853 272 2919 norabilior
307 2855 466 2932 omnibus,
502 2863 583 2914 csrte
619 2862 744 2915 nostrae
780 2854 932 2915 ecclesiae
959 2860 1026 2915 sunt

106 2940 204 3034 magis
225 2938 426 2999 necessariae.
471 2936 520 2997 Ad
542 2957 687 3018 pompam
717 2938 822 2998 mundi
838 2938 955 3005 (solum
983 2955 1026 2997 re·

105 3022 214 3104 spicis⁷
237 3040 257 3100 q
316 3023 417 3080 tunc
439 3021 571 3081 ecclesia
592 3024 630 3081 sit
653 3021 810 3101 praeclare
831 3023 976 3101 provisa,
1001 3019 1025 3078 ιι

104 3103 289 3184 ligna³)et
256 3104 431 3182 capides
457 3105 488 3163 in
523 3124 668 3184 magnum
700 3105 833 3164 erexerit
860 3104 1024 3166 cumulum.

105 3185 196 3264 Cum,
229 3189 253 3246 ιι
286 3186 423 3283 velletis,
451 3188 576 3266 possitis
604 3189 662 3267 ipsi
690 3187 822 3249 Romani
849 3187 1024 3268 pontificem

105 3271 366 3350 opulentissime
358 3289 472 3332 iuvare
516 3269 576 3330 Sed
608 3272 737 3332 aliorum
760 3273 798 3330 sit
820 3270 966 3332 iudicium
989 3269 1024 3329 de

104 3356 162 3414 tuis
185 3353 399 3430 solutionibus,
422 3371 481 3432 ego
503 3353 610 3436 fateor,
634 3374 683 3415 me
705 3354 778 3413 nihil
796 3373 836 3413 ex
852 3355 888 3413 ιιι
902 3354 1023 3429 habere,

104 3436 198 3515 quud
210 3438 297 3497 laicis
319 3435 456 3515 ιειιιιιιιι,
478 3438 543 3495 nisi
558 3439 690 3499 maiores
713 3439 922 3533 quaestiones.

187 3520 299 3581 Ultimo
327 3519 431 3579 tribuis
454 3520 590 3599 pontifici
613 3521 737 3599 iterum,
775 3529 809 3581 ιιι
829 3521 869 3581 ιιι
890 3518 1022 3582 virtualis

108 3660 334 3668 ...ΜΗ-..-ψ-
335 3661 388 3668 --0-
440 3661 489 3669 -——-

113 3789 124 3841 i
173 3715 483 3781 t)1ned.Jen:his
520 3714 551 3783 2)
575 3713 640 3769 lbid.
661 3714 752 3768 deest:
773 3729 847 3768 vere.
886 3712 919 3781 3)
942 3709 1021 3768 lbid.:

98 3800 229 3860 sgna.
357 3810 360 3819 ν
