2356 4200
445 271 479 325 de
497 271 686 342 indulgentiis.
961 269 1025 338 m

101 457 219 503 nomen
246 440 407 520 exceperis
428 440 526 518 illins,
549 441 599 502 oui
630 460 781 505 muccoso
811 441 1024 520 estffprorsus
1125 454 1128 459 ·

103 522 249 602 congruit
281 521 356 583 illud
393 525 558 604 genuinum
591 523 848 604 indulgentiarum
879 523 1025 604 diplom»,

104 604 192 685 quod
214 604 407 667 Hermannns
434 625 496 669 von
525 606 579 667 der
600 606 698 667 Hardt
730 607 762 666 iu
792 606 927 666 Historia
960 606 1025 667 lite·
1054 622 1056 628 ’

103 688 188 749 rarle
206 687 461 767 Reformetionis,
493 689 634 751 Francos.
662 696 694 750 et
714 688 794 768 Lips.
819 691 908 751 1717.
929 689 960 749 Ρ.
981 688 1039 749 Ν·

102 790 134 851 p.
158 771 189 849 4,
210 770 242 829 in
264 770 397 831 medium
410 771 537 850 protulit
553 779 585 832 et
603 771 686 850 quod
701 770 850 851 Gottinga
862 770 912 832 die
926 772 1026 850 prima

104 853 222 914 mensis
242 852 315 913 dulii
336 872 363 914 a.
388 857 468 918 1517
491 854 596 915 datum
618 873 732 935 rengno
756 853 858 934 sigillo
883 860 1025 915 ornatum

103 942 182 1014 erat,
205 934 289 1014 quod
300 935 383 996 Petri
405 937 541 1018 apostoli
560 943 734 1017 protomen,
757 936 813 999 sub
835 954 1027 1015 quecorone

103 1019 273 1096 clavesque
293 1019 421 1098 papales
443 1019 604 1099 suberant,
625 1040 700 1100 prae
722 1039 756 1081 se
776 1019 895 1082 ferebat
915 1018 1027 1081 ct-hee

102 1100 328 1182 insigniebatur
355 1103 571 1183 inscriptione:
614 1102 645 1165 S.
675 1103 839 1166 Fabrice
867 1101 899 1165 8.·
916 1100 1026 1163 Petri

103 1184 151 1244 de
174 1182 284 1245 Urbe.
298 1183 334 1259 ¹⁸⁸)
368 1184 464 1246 Huius
487 1185 638 1265 epistolae
659 1192 873 1266 argumentum
890 1185 1025 1247 hcceste

188 1265 396 1345 Albertus,
430 1269 488 1328 Dei
522 1275 553 1329 ot
590 1269 781 1348 apostolicae
807 1267 891 1329 sedis
925 1268 1024 1349 gretie

102 1348 287 1411 Sancmrnm
320 1349 593 1430 Magdeburgensis
631 1369 668 1411 ac
705 1352 904 1431 Moguntinae
944 1350 1025 1412 cedis

103 1432 377 1512 Archiepiscopus,
399 1433 525 1512 Primae,
548 1440 579 1494 et
600 1435 678 1495 sacri
699 1435 832 1495 Romani
851 1435 972 1515 imperii
993 1435 1026 1494 iu

103 1515 274 1577 Germania
303 1515 617 1596 Archicanoellarius‚
652 1517 798 1597 Princeps
830 1517 956 1577 Elector
987 1524 1025 1577 ed

102 1597 344 1659 Administrotor
369 1597 674 1661 Helberstadensium
703 1600 917 1678 ecelesiarum,
948 1600 1025 1661 Mor·

102 1681 176 1742 chio
208 1680 536 1762 Brcndenburgensie,
578 1682 777 1761 Stetinensis,
813 1683 1025 1759 Pomeraniee,

103 1762 321 1839 Oassubnrnm,
339 1763 579 1844 sclavorumque
591 1765 672 1844 Dux,
690 1767 895 1847 Berggreviue
908 1765 1026 1827 Noren-

102 1846 275 1926 bergensie,
295 1846 476 1926 Rugiaeque
497 1847 653 1929 Princeps.
877 1913 887 1932 ⁸

187 1929 228 1989 Et
241 1928 433 1991 Guardicnus
452 1930 577 1991 fratrum
599 1930 715 1993 ordinis
736 1932 888 1994 minorum
911 1928 950 1990 de
966 1928 1025 1990 ob·

103 2012 262 2073 servantia
289 2019 460 2073 conventus
489 2013 681 2094 Mogontini,
714 2034 769 2094 per
802 2013 1028 2074 sanctissimum

102 2096 272 2156 Dominum
294 2101 433 2157 nostrum
455 2095 606 2173 Leonem,
638 2116 751 2176 papam
774 2096 941 2173 decimum,
973 2114 1029 2174 per

102 2178 280 2257 provincias
302 2176 595 2258 Magdeburgenses,
619 2179 882 2259 Moguntinensee,
904 2196 942 2238 ac
961 2176 1027 2237 ille·

102 2280 180 2338 rum,
205 2266 236 2320 et
256 2259 539 2322 Halberstadensee
558 2262 708 2338 civitates,
731 2268 762 2322 et
776 2262 947 2339 dioeceses,
970 2278 1029 2325 nce

104 2363 169 2403 non
191 2349 290 2403 terras
311 2352 343 2404 et
363 2343 442 2424 loca!
455 2344 725 2406 illustrissimorum
749 2345 937 2424 Principum,
964 2343 1028 2403 Do·

104 2426 259 2485 minorum
277 2425 489 2487 Marchionum
508 2425 848 2507 Brendenburgensinm
866 2424 1029 2506 temporali

103 2509 251 2569 Dominio
275 2508 408 2569 mediate
430 2510 480 2569 vel
495 2509 677 2570 immediate
700 2509 847 2588 subiecta,
865 2509 975 2569 Nuncii
997 2513 1029 2568 et

104 2591 306 2656 commissarii
327 2592 365 2651 cd
386 2591 594 2672 infrascripta
615 2594 789 2673 specialiter
811 2593 947 2672 deputati
965 2591 1029 2651 uni·

160 2831 190 2892 ¹⁵)
210 2847 236 2884 v.
256 2829 281 2881 d.
301 2828 389 2880 Herdt
408 2829 473 2881 dicit
492 2829 525 2882 de
544 2829 596 2881 hac
609 2845 664 2896 ep:
686 2829 857 2882 Exhibemus
875 2829 1027 2895 genuinum

103 2901 258 2969 diploma
275 2900 584 2969 indulgentiarum7
605 2901 639 2953 ob
659 2902 726 2968 ipsis
737 2900 940 2952 commissoriis
954 2898 1027 2952 veris

104 2972 223 3025 Alberto
244 2972 370 3025 Electore
390 2979 417 3023 et
436 2970 594 3025 Guardiano
614 2972 775 3041 Moguntino
795 2973 964 3038 profectum,
989 2962 1028 3021 id-

104 3060 159 3112 que
184 3047 324 3112 integrum
353 3050 380 3095 et
406 3060 502 3095 verum
526 3058 587 3094 cnm
612 3059 662 3095 sno
687 3043 818 3095 hacteuus
843 3043 891 3092 vix
916 3043 1027 3110 cognito

104 3114 211 3184 sigillo,
232 3116 306 3182 quod
326 3114 408 3166 huius
432 3114 639 3167 nundinationis
660 3122 707 3166 ant
726 3115 891 3167 artificiosae
909 3115 1029 3166 exactiis·
1128 3110 1131 3117 '

103 3189 147 3239 nis
167 3188 305 3254 originem
325 3186 368 3238 vel
388 3201 502 3253 scopum
527 3193 574 3237 aut
597 3192 771 3254 praetextum
794 3191 943 3249 monstret,
972 3185 1027 3238 Fe·

103 3259 240 3312 bricam
260 3257 444 3310 Ecclesiae
464 3258 492 3309 S.
512 3258 602 3309 Petri
624 3259 662 3310 de
683 3259 780 3322 Urbe,
800 3262 944 3324 praesente
964 3258 1026 3324 ipso

103 3331 185 3383 Petro
215 3345 276 3381 cum
309 3329 433 3381 clavibus
460 3331 599 3396 armisque
619 3331 755 3382 Pontificio
781 3330 902 3381 maximi.
946 3327 1027 3395 Quod

103 3417 199 3453 rarum
220 3400 263 3452 hie
285 3403 364 3452 annis
383 3400 515 3465 historice
534 3400 728 3454 documentum
750 3407 813 3453 ante
825 3400 927 3453 multos
939 3416 1027 3455 annos

103 3489 140 3525 ex
160 3471 244 3526 Curia
269 3470 522 3540 Gottingensiper
544 3472 685 3524 Pastorem
716 3472 845 3524 Colernm
871 3488 964 3525 senem
992 3470 1027 3523 ad

104 3560 150 3596 me
168 3547 301 3611 pervenit.
338 3542 380 3594 Ita
397 3546 452 3594 iam
474 3551 612 3610 comparet
631 3542 757 3612 Sigillum
772 3542 902 3596 Fabricae
916 3542 945 3601 S„
954 3544 1027 3598 Petri

104 3616 139 3668 sle
165 3615 256 3679 Urbe,
293 3629 348 3681 quo
368 3621 423 3666 tam
445 3617 594 3667 enormiter
613 3617 716 3668 ebusus
746 3622 788 3666 est
811 3614 966 3680 Tetselius,
997 3620 1027 3668 nt

104 3688 197 3739 claves
217 3701 305 3754 prope
323 3701 388 3738 erres
414 3702 479 3753 prae
498 3686 689 3755 indignatione
709 3687 855 3739 abiecisset
872 3688 977 3752 Petrus,
996 3692 1026 3740 ut

103 3760 195 3812 lloses
214 3757 332 3810 tabulas.
424 3804 426 3809 ,
