2356 4200
375 299 414 367 de
432 303 532 358 virtute
548 292 792 391 indulgentiarum]
984 263 1047 368 24d)
1135 326 1137 332 ·

122 470 252 549 hauriat,
274 467 346 529 dum
369 471 453 532 audit
474 420 543 534 esse
565 477 627 533 tam
649 471 825 533 horribilem
846 489 910 532 rem
929 488 1047 553 poenas
1143 550 1144 555 ἵ

125 552 274 634 quasdam
297 556 474 635 eanonioas,
496 562 613 616 utnon
636 555 693 615 nisi
716 561 802 616 tanto
826 553 938 632 studio,
959 558 1046 616 tento

123 635 292 718 impendio,
315 641 400 698 tanta
420 657 544 718 pompa,
567 639 658 698 tantis
680 638 861 698 ceremoniis
881 636 1049 698 dooaentnr

124 721 227 800 vitari5
246 721 367 799 quantis
389 738 447 780 neo
469 721 663 802 evangelium
686 719 815 782 donetur
836 721 942 780 amari.

481 914 694 980 Obiioitur':
774 928 776 940 '
810 909 814 916 ‘

113 1086 117 1094 .
209 1040 290 1117 Quid
323 1062 397 1104 ero
425 1044 501 1106 diois
531 1045 571 1106 de
608 1044 875 1128 peregrinantibus
906 1043 1047 1121 Romam,
1160 1098 1166 1110 r

124 1125 314 1205 Jerusalem,
351 1064 381 1188 ἕ.
409 1127 570 1207 lembum,
605 1129 852 1210 Aquisgranum‚
880 1126 1047 1204 Theseum,

126 1208 299 1288 multasque
321 1208 397 1269 alias
419 1213 563 1292 regiones
592 1218 624 1273 et
649 1212 737 1291 losa,
766 1228 860 1271 eausa
889 1208 1049 1290 indulgen»

126 1293 247 1369 tiarurn,
267 1293 342 1352 item
363 1293 394 1352 in
416 1292 663 1355 dedicationibus
684 1292 910 1355 ecelesiarum?

461 1492 716 1574 Respondes:

209 1618 476 1699 Peregrinationes
498 1619 577 1682 istae
598 1619 674 1681 liunt
695 1619 797 1681 multis
819 1621 934 1696 nausis,
963 1618 1050 1681 raris

126 1702 206 1762 sime
236 1701 334 1768 iustis.
384 1701 485 1763 Prima
516 1710 576 1764 -est
613 1703 750 1765 omnium
788 1701 1049 1778 communissima,

129 1784 295 1845 euriositas
318 1785 436 1845 scilieet
468 1784 630 1859 videndi1)
662 1793 693 1847 et
720 1782 864 1845 audiendi
891 1784 994 1844 aliena
1021 1789 1052 1844 et

127 1868 248 1948 ignoto,
271 1886 350 1945 quae
374 1866 483 1928 levites
505 1870 590 1930 venit
612 1867 651 1929 de
671 1868 794 1930 fastidio
818 1874 850 1928 et
870 1865 970 1927 aeidia
991 1866 1051 1926 eul-

127 1956 177 2009 tus
200 1949 272 2030 Dei,
300 1950 331 2009 in
355 1950 488 2011 ecelesia
507 1952 633 2032 proprie
653 1950 798 2033 negleoti.
827 1948 988 2029 „Alioquin
1008 1949 1052 2009 in-

129 2032 381 2111 somperabiliter
392 2033 535 2095 meliores
557 2034 764 2115 indulgentias
786 2032 870 2094 domi
891 2031 1052 2109 inveniret,

128 2133 221 2195 qnam
250 2115 281 2174 in
310 2114 450 2176 omnibns
479 2117 539 2177 iam
570 2117 660 2179 dietis
687 2117 765 2177 loeis
795 2114 885 2177 simul
914 2114 1051 2194 sumptis,

129 2197 268 2257 similiter
290 2205 321 2257 et
343 2196 497 2261 Christum
522 2206 553 2260 et
574 2205 699 2261 sanctos
711 2199 903 2279 praesentius
915 2195 1052 2274 haberet,

132 2281 159 2347 si
180 2298 244 2340 non
266 2286 328 2340 tarn
351 2281 460 2341 stultus
483 2289 579 2360 esset,
616 2291 649 2343 ut
669 2281 755 2362 ligna
775 2291 807 2342 et
827 2278 946 2360 lapides
966 2297 1053 2360 prae·

133 2364 227 2423 ferret
248 2363 432 2443 pauperibus
455 2370 487 2424 et
507 2366 657 2444 proximis
679 2367 758 2441 suis,
796 2362 904 2444 quibus
925 2364 957 2423 in
980 2362 1054 2424 eari-

133 2451 196 2506 tate
218 2447 359 2524 serviret,
380 2452 432 2506 aut
454 2447 546 2507 etiam
569 2467 643 2509 suae
664 2447 799 2509 familiae
819 2445 1004 2527 provideret
1081 2489 1085 2493 -

216 2527 323 2588 Altera
344 2535 391 2589 est
412 2529 591 2609 tolerabilis,
612 2531 729 2591 ooihoet
748 2549 841 2590 eausa
855 2527 1055 2609 indulgentia·
1143 2551 1148 2566 ·

131 2630 228 2672 rums
252 2610 331 2670 Nam
354 2630 423 2671 eum
444 2611 655 2693 indulgentiae
676 2614 737 2674 siut
749 2612 875 2690 liberae,
894 2607 957 2672 uon
969 2628 1055 2691 prae·

133 2699 254 2773 eeptee,
276 2712 313 2753 ae
334 2713 390 2773 per
411 2694 472 2755 hoe
493 2696 605 2756 nullius
628 2696 736 2772 meriti,
758 2695 833 2755 nihil
855 2712 979 2775 prorsus
995 2711 1056 2753 me-

132 2784 233 2854 retur,
262 2777 314 2856 qui
341 2779 480 2855 praecise
508 2787 635 2859 propter
655 2779 861 2859 indulgentias
882 2775 1055 2857 peregrina

133 2859 236 2936 ιη’)
286 2858 374 2920 Juste
401 2868 503 2920 autem
531 2861 575 2922 illi
607 2863 651 2922 sie
677 2859 857 2937 illuduntur,
885 2860 937 2939 qui
972 2856 1056 2919 domi

134 2943 288 3003 Christum
317 2949 349 3001 et
369 2944 542 3021 proximum
565 2944 741 3024 negligunt,
775 2949 808 3004 ut
829 2942 902 3003 foris
924 2939 1055 3021 deouplo

135 3025 206 3105 plus
241 3033 422 3085 eonsumant
460 3027 526 3087 sine
561 3027 659 3087 fructu
689 3034 722 3086 et
745 3026 865 3086 merito.
907 3023 981 3086 Ideo
1004 3023 1056 3104 qui

134 3107 221 3169 domi
242 3115 380 3168 maneret
401 3116 433 3168 et
453 3108 527 3168 illud
550 3107 772 3190 cogitaret*):
817 3107 934 3168 Caritas
954 3105 1058 3186 operit

134 3188 359 3250 multitudinem
372 3198 581 3270 peecatorum,
598 3198 629 3252 et
650 3190 725 3252 illud
738 3190 814 3266 **):
845 3188 937 3265 Quod
954 3207 1064 3268 super·-

135 3278 193 3350 est,
216 3271 287 3332 dete
309 3271 549 3355 eleemosynam,
572 3282 604 3336 et
626 3292 699 3335 eoee
714 3273 818 3335 omnia
833 3270 1056 3354 mundavobis,

136 3357 231 3435 longe
253 3355 372 3434 melius,
393 3357 456 3417 imo
479 3357 579 3417 solum
602 3358 652 3419 hie
673 3356 752 3418 bene
773 3361 895 3437 ageret,
918 3372 1008 3434 quam
1030 3354 1077 3424 si,

138 3549 559 3562 ffl———o--w—-n

194 3651 224 3718 l)
245 3650 314 3704 lbid.
333 3651 448 3720 legitur:
470 3649 589 3703 vivendi.
619 3649 651 3713 2)
680 3647 711 3701 In
740 3647 783 3702 ed.
801 3648 903 3717 ptine:
940 3647 1059 3716 peregri·

136 3729 270 3863 ''⁸⁰33‘'r.
288 3793 360 3850 ren.
379 3791 405 3849 4.
444 3755 497 3881 ‘fl'
512 3791 583 3864 me,
595 3790 639 3845 11.
890 3756 892 3763 ’
