2356 4200
403 281 438 336 D.
456 283 535 340 liert.
554 282 665 340 tortori
681 283 796 339 Contio.
908 362 915 377 ι
998 278 1061 350 329

218 450 410 530 Undeeimo,
442 452 534 530 Quod
565 455 590 513 si
613 455 830 535 poenitentioe
845 472 905 535 psr
922 473 1060 519 mannes

137 535 316 615 antiquatos
337 537 493 597 iniunctae
513 536 615 597 adhue
635 544 742 598 essent
761 536 921 618 effloeoes,
949 545 983 599 ut
1002 556 1059 621 pro
1160 542 1163 549 '

137 617 280 715 quolibet
292 625 427 700 peeoato
435 620 557 681 mortali
572 627 690 700 septem
707 636 857 681 annorum
868 623 1061 702 poenitentis,

135 702 328 783 exigeretur,
362 709 521 784 oporteret
548 703 588 764 eb
615 703 766 764 eiusmodi
790 704 1060 766 eonstitutionibus

135 782 397 848 (llrristieuitatem
420 785 596 865 abscedere,
619 805 721 865 neque
740 786 897 881 amplius'
889 806 1060 886 imponere,

135 887 227 948 qoam
254 869 414 949 quiequam
437 870 517 931 terre
539 869 708 946 suldoeret,
740 868 857 950 qusinto
886 870 986 935 mitius
1008 890 1060 951 pn
1075 862 1088 884 ⁴

135 951 264 1012 tendum
287 959 352 1029 est,¹
366 952 426 1013 illis
434 951 565 1033 pridem
589 951 844 1033 obliteratisplos
858 955 916 1073 piis
928 954 1060 1085 obtrudi,

135 1052 228 1115 quem
251 1054 312 1116 pro
330 1035 445 1096 viribus
468 1035 621 1116 expediet
1132 1060 1135 1065 ·

127 1166 131 1175 .
218 1117 424 1193 Duodeeimo,
445 1119 564 1181 Diuitur
585 1137 699 1200 magno
721 1120 895 1198 consensu,
917 1127 1059 1201 peeoeto-

134 1220 200 1261 rem
222 1221 293 1262 eum
311 1202 430 1281 reliqna
446 1221 550 1283 poena
565 1209 637 1281 post
658 1204 873 1263 contritionem
891 1212 924 1263 et
939 1202 1059 1264 absolu-

135 1284 253 1347 tionem
275 1284 381 1346 debite
400 1283 615 1346 remittendum
638 1287 719 1347 aut
711 1306 740 1345 ιιι
765 1287 992 1367 purgatorium,
1008 1293 1062 1347 aut
1098 1327 1106 1347 .

134 1367 188 1428 ud.
196 1367 438 1448 indulgentias,
451 1387 555 1429 verum
578 1368 676 1431 multe
697 1369 788 1428 etium
810 1369 872 1428 alia
893 1376 1009 1431 temere
1030 1376 1062 1430 st

136 1470 232 1569 sppre
251 1451 318 1511 veri
335 1450 434 1512 fldem
459 1458 643 1512 asseruntur

186 1534 348 1595 Daui-nm
370 1535 472 1608 tertio,
494 1535 616 1596 Foedus
636 1541 685 1595 est
697 1552 792 1610 error,
807 1492 893 1614 quod
909 1534 1059 1632 quispiam

134 1616 370 1698 deponentium
387 1625 473 1698 putet
488 1619 626 1679 satisiset
614 1625 722 1695 turum,
736 1637 823 1698 ques.
827 1638 866 1678 ex
887 1619 1061 1679 inaestima-

134 1699 193 1761 ltili
210 1700 376 1761 elementia
395 1701 481 1761 Deus
503 1707 534 1761 et
556 1720 691 1798 semper
700 1709 732 1761 et
754 1692 862 1782 gretie
868 1703 998 1762 remittit
1019 1708 1061 1762 at-

134 1788 207 1863 quie
219 1783 386 1862 oondonnt,
408 1783 483 1843 nihil
499 1784 762 1845 anobisiuvioem
779 1785 945 1863 requirens,
970 1803 1061 1864 quam

134 1868 199 1927 nt·
190 1887 223 1926 rn
245 1868 407 1946 postenim
425 1866 506 1929 bene
527 1869 672 1927 vivemus.
723 1867 953 1944 christianitas,
982 1865 1063 1928 bene

135 1968 244 2010 verum
265 1957 332 2028 sat,
365 1949 469 2028 eliqua
496 1952 663 2030 exposcit,¹
686 1969 766 2030 quae
793 1957 898 2031 potest
919 1957 951 2010 et
972 1949 1065 2010 debet

134 2033 308 2111 remittere,
336 2040 368 2093 st
399 2033 475 2092 nihil
495 2035 649 2114 imperare
667 2032 844 2111 terendum,
883 2032 965 2112 quod
993 2032 1062 2093 ferri

135 2117 253 2195 nequit,
275 2135 377 2195 nequo
399 2116 564 2195 quiequam·
583 2117 753 2177 molestius.

149 2234 173 2251 .-
221 2199 350 2259 Decimo
368 2207 487 2278 quarto,
511 2200 724 2280 Indulgentiae
739 2198 948 2275 admittuntur,
971 2214 1061 2279 prop·

124 2288 183 2365 ,ter
205 2282 320 2342 inertes
338 2288 369 2342 et
381 2283 487 2362 pigros
500 2282 700 2361 Christianos,
718 2283 894 2362 qui'nolunt
912 2283 1062 2359 animose,

138 2383 242 2444 neque
266 2364 349 2426 bone
370 2365 482 2443 lasere,
504 2384 605 2446 neque
627 2367 709 2426 mole
730 2367 898 2442 sustinere,
927 2384 998 2426 nam
1020 2365 1063 2424 in-

136 2447 318 2528 dulgentiae
339 2448 415 2508 nihil
436 2449 827 2526 promoventinmslius,
861 2447 915 2509 sed
942 2448 1064 2508 illorum

134 2531 401 2610 imperfeotionem
414 2531 564 2592 duntaxat
581 2532 724 2609 tolerant,
746 2532 840 2592 veluti
856 2530 1063 2607 ιοιιιιιιιιιιιο,

133 2613 270 2694 ideoque
292 2613 332 2674 nb
354 2614 551 2695 indulgentiis
585 2614 741 2676 dehortari
770 2634 830 2675 non
859 2615 946 2692 linet,
979 2615 1063 2694 etqui

134 2715 238 2776 neque
259 2696 377 2758 licitum
402 2710 449 2757 est
471 2697 511 2758 sd
532 2717 586 2757 eos
608 2698 773 2760 adhortari.

122 2806 135 2827 ···
155 2818 160 2829 ·
218 2779 270 2842 De
282 2782 363 2840 simo
384 2781 502 2859 quinto,
521 2782 684 2842 Tutius-et
704 2781 807 2841 utilius
821 2789 877 2858 est,
899 2781 1063 2860 derepere

123 2870 261 2943 propter
281 2863 379 2924 Deum
393 2863 432 2924 ed
453 2863 598 2924 fabricem
621 2864 652 2925 s.
664 2865 755 2942 Petri,
776 2872 830 2924 aut
850 2862 962 2947 eliel),
984 2881 1063 2942 quae

133 2947 334 3007 nominentur
355 2948 384 3006 in
410 2946 620 3027 indulgentiis,
642 2965 733 3026 quam
756 2966 821 3027 pro·
836 2967 963 3007 munere
976 2947 1063 3006 vieis·

134 3030 193 3091 sim
222 3030 364 3151 sopipere
393 3029 615 3111 indulgentias,
648 3049 720 3091 nem
748 3029 918 3117 perieulum
939 3036 1000 3106 est,
1022 3048 1062 3089 ne

135 3111 268 3173 ιιιιιιιιι2
277 3128 284 3180 ι
307 3120 435 3192 propter
455 3112 727 3194 indulgentiaeet
747 3132 810 3174 non
823 3120 950 3193 propter
961 3113 1060 3172 Deum

136 3194 307 3274 impendet.

218 3278 347 3338 Decimo
371 3285 472 3354 sexto,
494 3277 596 3338 Multis
620 3228 804 3339 nominibus
819 3285 867 3339 est
888 3276 1062 3339 oondueibi·

136 3360 206 3433 lius,
227 3361 345 3441 largum
377 3370 408 3422 et
430 3360 606 3421 munificum
628 3362 763 3422 anirnum
787 3361 961 3423 ostendisse
989 3381 1061 3441 pau-

136 3445 201 3522 peri
214 3451 257 3504 -et
279 3463 410 3524 egeno,
425 3463 517 3523 quam
541 3445 586 3504 sio
607 3445 646 3504 od
669 3451 851 3506 strnntnrnm
873 3444 1062 3526 profundere

192 3727 222 3790 1)
252 3728 281 3780 ln
309 3728 351 3781 ed.
384 3728 462 3781 den:
494 3727 529 3780 sd
548 3728 611 3780 alia.
649 3728 678 3788 2)
699 3729 729 3780 ln
749 3727 790 3782 ed.
813 3727 904 3793 land,
930 3742 1013 3795 quam
1032 3729 1060 3780 in

136 3798 244 3853 edendo
264 3799 316 3853 hoc
336 3816 467 3854 sermone
488 3801 574 3853 secuti
593 3815 699 3881 sumus,
717 3800 832 3870 legitur:
848 3797 962 3853 miuus:
1018 3876 1021 3881 .
