2356 4200
122 269 167 338 88
415 271 546 343 Epitoms
563 273 765 343 &sponsionis

128 446 217 515 dicit,
247 444 409 505 ecclesiam
431 463 590 506 romanam
612 462 699 504 snam
723 442 916 524 primitatem
928 446 961 502 et
982 458 1050 502 con·

128 533 291 609 sequenter
304 528 497 589 autoritatem
512 546 573 588 non
592 548 609 588 a
626 527 694 588 Deo
708 546 838 608 semper,
861 525 915 586 sed
929 523 1051 586 alinnds

128 634 147 675 a
170 617 418 692 quatercentum
442 612 530 670 annis
552 609 704 670 hahuisse

206 694 247 754 Et
267 691 309 753 ibi
332 696 359 756 1.
391 693 473 772 quod
502 711 604 773 aquo
626 692 745 753 romani
767 691 948 772 pontifices,
982 695 1051 772 post

125 778 157 838 B
193 776 331 855 Petrum
370 781 456 838 sham
496 778 691 837 autoritatem
732 775 926 857 acceperint,
967 773 1049 834 multi

123 862 361 942 ignoraruntu):
397 866 428 920 at
448 858 489 919 ihi
512 859 625 919 multae
647 857 845 919 secluduntur
878 857 1048 938 opiniones

205 943 295 1005 nto.
323 941 406 1021 quod
434 943 553 1003 romani
584 941 736 1002 Praesulis
766 946 905 1022 potestas
936 961 957 1002 a
985 939 1049 1001 Deo

124 1025 245 1088 Ohrislo
261 1025 436 1085 immediate
453 1033 507 1087 est.
550 1025 600 1084 Ex
623 1043 684 1104 qno
704 1024 839 1101 infertur,
863 1022 947 1104 quod
970 1029 1049 1084 totns

124 1108 255 1169 mundus
268 1108 357 1168 simul
368 1107 644 1168 romaniPraesulis
666 1108 870 1185 autoritatem,
884 1126 924 1167 ne
935 1101 1048 1188 cunr)

125 1191 263 1270 aufferre,
285 1209 391 1251 verum
414 1210 472 1251 nec
495 1191 623 1252 limitare
647 1189 769 1270 quidem
792 1197 846 1251 ant
868 1189 1049 1271 restringere

151 1276 236 1337 oesit.

128 1296 148 1356 p
208 1357 246 1416 nt
268 1357 297 1420 3.
320 1355 402 1436 qnod
416 1357 564 1417 autoritas
587 1356 709 1416 concilii
720 1360 764 1430 w)
788 1374 851 1417 non
874 1361 923 1416 est
943 1355 1048 1433 allec,

126 1441 184 1502 nisi
205 1441 235 1500 in
258 1457 332 1500 casu
353 1439 509 1513 haeresis,
543 1438 591 1499 vel
614 1439 803 1517 schismatis,
835 1457 899 1500 non
929 1437 1048 1519 quidem

128 1523 229 1594 omni,
257 1521 311 1581 sed
333 1522 485 1601 quodam,
513 1521 638 1601 qnando
667 1521 810 1583 videlicet
838 1521 878 1582 de
900 1522 985 1583 nullo
1007 1524 1049 1582 est

127 1613 241 1667 certum
265 1610 318 1664 aut
338 1604 544 1684 purificahile,
577 1603 661 1684 quod
690 1605 728 1664 sit
749 1604 874 1665 Praesul
895 1622 1048 1678 romanus,

126 1688 181 1750 sed
202 1689 301 1748 omnis
319 1688 466 1748 autoritas
483 1687 608 1747 Patrnm
626 1685 765 1762 Concilii‚
787 1688 853 1748 siva
875 1692 908 1747 nt
930 1685 1048 1768 singuli,

126 1773 191 1832 siva
212 1777 244 1830 nt
266 1770 430 1850 collegium
453 1769 507 1830 vel.
524 1769 698 1845 concilium,
721 1776 767 1830 est
789 1790 808 1829 a
826 1789 959 1831 romano
976 1769 1048 1832 Pon·

126 1853 216 1915 tilica.
259 1853 318 1914 Ubi
346 1854 437 1913 etiam
467 1853 580 1913 multae
609 1853 647 1912 da
675 1852 735 1913 hoc
763 1852 858 1914 falsae
886 1854 1045 1934 opiniones

130 1937 247 1998 elidunt
234 1944 292 1998 tur.
663 1954 674 1974 ²

211 2020 248 2080 m
265 2020 311 2081 4.
345 2018 427 2097 quod
461 2019 539 2078 inter
570 2016 709 2078 homines
743 2018 873 2097 solnsx)
905 2035 1046 2080 romanus

129 2103 271 2165 Pontifex
294 2099 386 2161 habet
408 2120 494 2161 suam
518 2101 712 2161 autoritatem
735 2121 754 2160 a
776 2101 844 2162 Deo
865 2093 1046 2162 immediata

210 2185 251 2246 la
267 2183 309 2244 ihi
332 2182 428 2244 multa
450 2185 604 2244 contraria
626 2183 842 2262 dissolvuntur,
860 2191 894 2244 et
916 2186 1046 2245 maxime

128 2268 212 2350 qnod
240 2267 319 2328 solet
340 2266 452 2327 adduci
475 2285 515 2326 ex
538 2266 662 2327 decreto
685 2267 806 2328 aoncilii
838 2267 1048 2328 constantien-

128 2353 186 2428 sis,
209 2350 292 2431 qnod
314 2368 499 2429 quamquam
523 2347 628 2428 veria)
665 2349 786 2410 concilii
809 2349 967 2410 decretum
990 2367 1046 2411 non

127 2431 230 2511 fucrit,
263 2439 295 2494 nt
315 2432 458 2512 probavit
479 2432 629 2492 Dominus
649 2432 787 2494 loannes
809 2431 848 2493 de
868 2433 967 2494 Turre
984 2433 1049 2495 Cre·

127 2516 264 2600 mata³tt
290 2524 391 2576 tamen
415 2517 505 2575 etiam
529 2515 665 2575 salvatur
686 2523 716 2576 et
738 2515 918 2592 ostenditur,
947 2516 1047 2577 verunt

125 2619 199 2661 esse
220 2600 360 2678 tompore
382 2597 553 2657 schismatis
576 2617 631 2678 per
651 2600 785 2659 rationes
809 2604 840 2658 et
862 2600 1048 2676 autoritates,
1094 2612 1098 2625 ’

130 2685 159 2742 in
183 2701 245 2763 qna
266 2687 367 2740 tamen
392 2681 543 2740 sententia
563 2680 758 2760 peritioribus
781 2680 923 2742 defertur

214 2763 328 2843 (leni
313 2766 362 2827 11.
407 2762 532 2839 Quod'
525 2782 554 2822 ιιι
578 2763 787 2824 ecelesiastica
814 2764 986 2826 hierarchia
1007 2781 1048 2825 ro

254 2845 386 2907 Praesul
415 2847 453 2905 sit
475 2865 611 2905 summus
633 2846 792 2908 hierarcha
799 2846 963 2928 ,iudexzt
988 2849 1049 2908 sine

130 2859 337 3005 indofft
265 2930 337 2989 cont
338 2948 369 2988 ra
394 2928 611 3006 adversarium,
634 2932 685 3010 qui
708 2950 726 2991 a
746 2929 886 2991 Romano
908 2929 1049 2992 Praesnls

132 3011 317 3095 appellando
339 3010 412 3070 facit
435 3011 564 3071 iudicem
580 3014 777 3093 superiorem,
799 3020 853 3072 aut
866 3013 1048 3094 singularem

186 3328 219 3396 ιι)
240 3329 303 3382 Neo
316 3331 425 3392 mirum
446 3346 506 3381 cum
521 3329 606 3383 illiax
619 3330 763 3384 oordssno
776 3333 924 3402 fingerent
956 3334 988 3402 ι)
1004 3333 1050 3387 Fu·

130 3416 176 3454 ror
197 3400 321 3452 Silvestri
340 3403 455 3468 primus
492 3404 533 3464 w)
553 3400 640 3454 Furor
659 3402 805 3455 secundus
842 3407 876 3467 xl
896 3406 962 3458 lit
939 3421 980 3459 arc
988 3406 1050 3459 Pau

130 3472 173 3524 lus
193 3471 227 3523 ad
248 3469 361 3524 Galatas
381 3474 525 3535 mentitur
550 3472 659 3536 dicens
685 3490 741 3528 non
768 3490 818 3543 per
841 3476 985 3532 hominem
1003 3492 1050 3530 nac

130 3560 165 3596 ex
185 3543 351 3596 hominihus
391 3551 422 3610 y)
442 3544 527 3607 Nota,
556 3513 724 3599 Romarlistis
743 3553 785 3599 est
803 3547 963 3613 concilium,
982 3550 1050 3618 quie·

130 3615 196 3683 quid
220 3620 248 3666 et
272 3620 406 3682 quantum
432 3618 522 3667 visum
547 3618 635 3669 luerit
676 3621 706 3679 ι)
730 3617 762 3670 Et
780 3618 832 3671 hoc
851 3619 1049 3675 Antichristurc

129 3688 274 3751 iacturum,
294 3692 336 3738 est
357 3686 528 3753 praedictum
547 3702 597 3754 per
617 3688 782 3756 apostolum.

182 3755 214 3822 3)
235 3755 267 3809 ln
286 3756 328 3809 ed.
347 3759 447 3824 princ:
468 3756 513 3811 dc.
531 3757 575 3811 lo.
594 3757 628 3811 ds
647 3763 698 3812 tur.
719 3759 825 3815 Crams
