2356 4200
118 283 120 291 J
173 259 239 340 nm
427 335 429 338 ¹
568 268 707 321 *ratam

174 432 272 492 aereis
291 431 333 511 et
359 433 687 516 singulis·³praessntes
708 429 816 496 'literas
837 433 1021 517 inspecturis
1042 433 1097 496 aa

173 513 271 574 tatem
292 515 323 574 in
345 515 496 578 Domino:
974 592 976 597 ,

141 610 143 616 ’
197 599 222 636 ·’
258 596 372 658 Notum
407 600 554 679 iacimus,
587 600 670 679 quod
704 600 915 661 sanctissimus
946 597 1097 661 Dominus

159 677 256 752 dieo,
289 680 393 741 divina
427 683 620 762 providentia
647 684 732 763 Papa
761 682 897 744 decimus
921 679 1097 758 modernus,

176 762 319 822 amnibus
341 770 381 823 at
393 765 520 845 singulis
541 767 697 845 utriusque
719 783 811 826 sexus
822 763 934 824 Christi
954 762 1097 825 fidelibus

176 843 222 904 ad·
238 846 461 924 reparationem
490 847 639 909 Fabricae
666 847 817 909 Basilicae
846 846 994 925 Principia
1022 863 1097 925 apo

176 927 335 1006 stolorum,
359 928 560 990 Sancti-Petri
582 930 621 991 de
643 931 735 1007 Urbe,
756 931 843 991 iuxta
870 927 1097 989 ordinationem

174 1010 312 1070 nestram
324 1030 430 1072 manus
444 1014 670 1093 porrigentibus
681 1013 854 1089 adiutrices,
866 1011 945 1071 ultra
957 1011 1096 1091 plenissi-

169 1108 242 1152 -uuas
258 1092 468 1173 ¹indulgentias
489 1114 525 1155 ao
547 1095 623 1156 alias
642 1098 756 1176 gratias
774 1102 805 1155 et
828 1093 999 1169 facultates,
1021 1111 1097 1172 quas

175 1173 288 1235 christi
310 1175 417 1238 fideles
439 1178 497 1258 ipsi
520 1178 658 1240 obtinere
680 1183 819 1259 possunt,
841 1178 927 1237 iuxta
939 1176 1096 1237 literarum

175 1258 430 1338 apostolicarum,
458 1260 591 1342 desuper
617 1261 841 1337 confectarum,
863 1259 1096 1338 continentiam,

176 1340 414 1402 misericorditer
435 1343 528 1404 etiam
550 1345 581 1404 in
603 1345 737 1405 Domino
759 1339 887 1405 indulsit
908 1349 1002 1422 atque
1024 1360 1096 1402 con·

176 1423 277 1502 cessit,
295 1430 329 1484 ut
345 1424 490 1486 idoneum
506 1433 636 1506 possent
657 1427 772 1508 eligere
790 1424 1096 1504 confessorempree-

174 1503 314 1585 byterum
335 1508 515 1588 secularem,
543 1510 594 1570 vel
621 1511 769 1588 cuiusvis,
798 1509 889 1568 edam
920 1506 1093 1566 mendicas:
1157 1571 1158 1575 ,

176 1588 250 1648 tiuin
275 1589 597 1672 ordinisregularem,
619 1593 685 1672 qui,
707 1610 811 1652 eorum
836 1589 1032 1669 confessione
1053 1588 1096 1649 di·

175 1670 308 1752 ligenter
329 1672 441 1753 audita,
456 1693 511 1753 pro
530 1676 701 1736 commissis
715 1693 770 1754 per
786 1674 950 1754 eligentem
975 1671 1098 1732 delictis

175 1761 208 1814 et
226 1754 416 1836 excessibus,
440 1759 634 1837 ac'peceatis
655 1755 851 1837 quibuslibet,
873 1761 1095 1835 quantumcun-

176 1855 236 1916 que
263 1836 406 1918 gravibus
439 1846 470 1900 et
500 1836 696 1919 enormibus,
720 1841 810 1901 otiam
840 1839 872 1898 in
900 1837 1002 1898 dictae
1029 1836 1099 1898 sedi

176 1921 340 1981 reservatis
364 1920 499 2001 casibus,
527 1941 565 1983 ac
586 1924 723 1985 censuris
747 1920 979 1995 ecclesiasticis,
1002 1921 1095 1980 etiem

174 2001 215 2064 ab
237 2002 362 2064 homine
383 2003 421 2063 ad
445 2005 573 2068 alicuius
593 2006 771 2067 instantiam
787 2004 867 2080 latis,
890 2002 1094 2064 deconacnsu

173 2087 307 2166 partium
331 2088 423 2147 etiam
444 2090 564 2150 ratione
585 2088 739 2149 interdicti
760 2087 898 2164 incursis,
920 2093 952 2146 et
965 2103 1094 2165 quorum

176 2167 332 2230 absolutio
367 2170 469 2230 cidem
501 2170 567 2232 sodi
602 2179 685 2232 esset
714 2166 889 2251 specialiter
920 2174 1094 2230 reservata}

175 2258 391 2331 praeterquam
413 2253 648 2315 machinationis
670 2255 700 2313 iu
713 2271 880 2336 personam
891 2252 1001 2311 summi
1017 2268 1093 2331 pon·

176 2332 276 2412 tiliois,
297 2335 461 2400 occisionis
485 2338 710 2418 episcoporum,
726 2333 786 2396 'aut
807 2336 935 2395 aliorum
957 2334 1092 2412 superio-

174 2428 242 2476 tnm
264 2417 481 2498 praelatorum,
495 2427 526 2480 et
541 2420 715 2480 iniectionis
728 2437 872 2479 manuum
890 2415 1093 2477 violentarum

175 2499 208 2559 in
229 2499 310 2578 illos,
332 2501 483 2562 antelios
504 2501 675 2582 praelatos,
697 2500 919 2562 falsificationis
937 2499 1093 2558 literarum

176 2582 427 2664 apostolicarum,
450 2583 614 2645 delationis
637 2603 800 2662 armorum,
823 2590 854 2643 et
875 2581 1003 2642 aliorum
1024 2599 1093 2660 pro·

177 2664 341 2725 bibitorum
376 2666 416 2726 ad
443 2675 545 2747 partes
582 2666 767 2744 infidelium,
805 2668 848 2725 ao'
874 2666 1094 2726 sententiarum

178 2754 210 2808 et
245 2767 458 2828 censurarum,
494 2751 659 2811 occasione
687 2750 853 2810 aluminum
894 2746 987 2808 tultae
1021 2765 1094 2826 apo·

176 2831 306 2892 stolicae
335 2830 374 2893 de
401 2832 539 2912 partibus
569 2832 737 2893 infidelium
771 2832 810 2893 ad
845 2829 952 2911 fideles
988 2836 1095 2890 contm

176 2913 416 2997 prohibitionem
429 2914 611 2994 delatorum,
629 2917 830 2992 incursorum,
861 2912 957 2974 semel
979 2913 1010 2973 in
1032 2912 1096 2972 vita

174 3004 209 3075 ⁴et
229 2997 261 3058 in
283 2997 388 3058 mortis
401 2998 554 3078 articulo,
586 3000 706 3077 quoties
734 2997 786 3059 ille
807 2995 993 3074 imminebit,
1021 2994 1094 3057 licet

178 3099 262 3149 mora
290 3087 363 3141 tunc
394 3100 457 3143 non
486 3081 699 3161 subsequatur:
733 3087 766 3142 et
791 3082 823 3141 in
845 3098 907 3141 non
929 3077 1095 3140 reservatis

178 3161 299 3223 casibus
318 3164 441 3242 totiena,
465 3166 606 3243 quotiens
629 3163 659 3224 id
682 3164 813 3243 petierit,
835 3162 974 3243 plenarie
995 3158 1095 3220 absol·

176 3265 261 3324 aere,
285 3247 382 3306 ateis
404 3248 625 3326 poenitentiam
647 3247 811 3307 salutarem
827 3246 996 3324 iniungere.
1030 3241 1096 3302 Nec

178 3346 241 3390 non
269 3329 365 3388 semel
392 3330 422 3389 in
451 3331 515 3390 vita
542 3331 624 3391 etin
648 3328 729 3391 dicto
753 3330 858 3390 mortis
881 3326 1009 3388 articulo
1031 3324 1095 3405 ple-

176 3413 294 3474 nariam
318 3413 452 3473 omnium
476 3418 673 3494 peccatorum
694 3412 916 3493 indulgentiam
938 3416 970 3470 et
989 3408 1095 3470 remis·

178 3493 296 3557 sionem
333 3494 527 3579 impendere,
564 3502 595 3556 et
627 3494 828 3556 eucharistiae
860 3498 1095 3577 sacramentum,

178 3574 229 3639 die
251 3578 409 3640 Paschatis
431 3585 462 3638 et
483 3580 590 3639 mortis
612 3578 740 3639 articulo
763 3584 911 3658 excepto,
939 3574 1095 3654 quibusvis

178 3663 252 3723 anni
275 3661 462 3741 temporibus
481 3663 666 3723 ministrare:
688 3680 747 3722 nec
769 3681 833 3723 uon
849 3677 970 3740 percos
983 3657 1096 3718 emissa

177 3763 233 3826 pro
256 3751 396 3826 tempore
417 3751 491 3805 vota
513 3761 712 3824 quaecunque
732 3743 957 3822 (ultramarino,
978 3742 1095 3823 ingres
