2356 4200
330 277 364 342 u
384 248 485 334 uriae
500 277 746 349 nnuman.
931 273 996 341 uso

72 469 176 531 poene
197 451 367 512 remittitur.
388 449 475 511 Hsee
494 449 565 511 dieo
587 447 755 513 seeundum
778 448 900 509 illorum
921 465 990 510 sen·

72 534 211 595 mutiam.
253 534 436 595 Meesutem
460 534 559 613 patuit
580 532 719 613 superius
741 532 825 593 setis.

156 615 269 676 Verum
293 616 343 677 hie
364 616 543 679 morandum
558 615 666 677 fuisset
681 615 713 674 in
726 614 838 676 venisli
853 620 993 694 pellento,

73 697 158 779 quod
178 699 222 760 its
243 697 364 761 vilescit
383 697 493 774 hodie,
526 717 564 759 so
585 699 619 759 si·
632 697 749 759 nullum
771 715 853 777 pene
880 697 935 776 sit,
962 704 996 759 ot

72 783 167 865 timeo
189 799 302 862 mogus
323 781 488 843 multorum
510 780 693 862 perditione,
717 781 768 860 qui
790 797 897 845 seoure
919 784 995 843 stet·

72 872 141 927 mut
161 866 192 927 iu
215 865 363 946 pessulis,
387 865 438 928 ubi
459 883 523 927 non
534 863 668 924 viderint
686 883 756 924 sese
771 863 897 930 erimine
911 879 995 925 eom·
1020 918 1022 923 .

72 949 203 1009 mittere.
253 947 323 1028 Ego
354 947 386 1008 id
420 948 534 1022 fateor,
570 945 671 1008 donee
696 945 759 1026 legi
792 945 995 1008 soholsstieoo

72 1030 227 1108 dootores,
247 1049 403 1110 nunquam
424 1030 572 1126 inteuenj,
594 1028 669 1108 quid
690 1036 722 1090 et
742 1036 889 1108 quantum
911 1036 997 1093 esset
1115 1063 1126 1071 -

73 1112 194 1175 veniale
220 1122 397 1193 peooetum,
425 1133 464 1173 eu
494 1115 552 1194 ipsi
580 1111 770 1192 intelligent,
800 1112 917 1178 neseio.
958 1110 994 1181 ld

74 1195 208 1258 breviter
231 1196 310 1274 dieo,
333 1197 383 1274 qui
405 1215 468 1256 nou
492 1194 615 1257 assidue
637 1196 681 1255 sie
703 1196 790 1255 timet
811 1196 937 1275 etegit,
957 1212 996 1257 ee

71 1281 98 1339 si
120 1278 299 1341 mortalibus
320 1280 456 1358 peoestis
470 1277 581 1359 plenus
603 1284 694 1356 esset,
717 1279 914 1357 vixuuquem
936 1277 995 1338 sel·

72 1361 202 1439 vehitur,
225 1363 296 1440 quiu
318 1361 392 1421 dieis
414 1363 565 1442 seriptum
587 1363 646 1435 *):
690 1360 760 1421 Non
782 1362 877 1421 intres
898 1361 930 1420 in
952 1362 995 1420 iu·

72 1445 185 1504 dicium
209 1463 277 1504 oum
300 1462 389 1523 servo
414 1451 489 1523 tuo,
521 1443 663 1505 Domine.
707 1443 784 1504 Nom
808 1463 871 1505 non
894 1443 993 1505 solum

72 1527 215 1606 venialis,
239 1546 318 1607 quse
339 1546 422 1587 nuno
442 1529 558 1607 passim
583 1533 706 1606 uoount7
728 1527 783 1587 'sed
807 1526 996 1588 etismbone

72 1629 169 1691 opere
186 1628 247 1671 non
269 1614 401 1690 possunt
420 1609 566 1671 iudieium
578 1609 634 1670 Dei
648 1609 809 1691 sustinere,
833 1608 889 1671 sed
901 1606 996 1690 egent

70 1695 253 1774 ignoscente
275 1693 495 1763 misericordis,
540 1692 619 1769 Quis
640 1712 702 1753 non
726 1693 783 1753 sit:
804 1691 876 1754 Non
899 1690 995 1775 intres

70 1777 102 1838 iu
126 1766 270 1837 iudi'oium
293 1794 361 1836 oum
375 1775 465 1838 hoste
488 1783 552 1854 tuo,
575 1772 630 1836 sed
647 1780 829 1836 sumservo
853 1781 884 1836 et
897 1794 993 1856 puero

71 1864 136 1936 tuo,
160 1860 210 1938 qui
233 1860 329 1920 servit
349 1858 413 1919 tibi.
456 1859 518 1919 Iste
539 1877 614 1940 ergo
645 1859 737 1920 timor
758 1858 885 1921 doceret
907 1858 995 1921 mise·

72 1941 238 2003 rioordiem'
258 1940 314 2001 Dei
337 1942 507 2022 suspirare,
530 1949 561 2002 et
580 1941 613 2017 in
636 1960 704 2001 eoin
726 1939 892 2003 oonfldere.
935 1938 995 2004 Ubi

72 2022 126 2097 ille
149 2022 258 2103 deest,
281 2025 442 2105 incipimus
465 2023 621 2091 confidere
643 2025 673 2084 in
697 2025 918 2085 eonscientiom
941 2042 996 2084 uo·
1038 2066 1046 2076 -

72 2113 187 2186 strom,
211 2107 309 2187 magis
332 2125 423 2186 quem
445 2107 476 2167 in
500 2106 738 2168 misericordiam
762 2107 836 2187 Dei,
859 2104 930 2168 dum
953 2106 995 2166 ui-

70 2188 113 2250 hil
131 2185 265 2250 'crimini
289 2189 378 2251 uobis
400 2191 517 2251 oonseii
541 2191 635 2250 simus
651 2189 680 2272 ¹)
708 2191 838 2268 fecisse,
870 2196 902 2250 et
923 2190 943 2250 ii
961 2187 993 2265 ²)

73 2275 106 2333 in
129 2271 314 2333 horrendum
338 2271 450 2333 eadent
471 2273 630 2335 iudicium.

330 2430 546 2501 Conclusio
569 2439 751 2504 LXXVII.

160 2564 250 2643 Quod
273 2567 397 2647 dieitur,
429 2587 486 2629 neo
508 2570 533 2629 si
555 2567 585 2633 S.
606 2568 713 2648 l‘etrus
736 2569 868 2650 modop
912 2590 931 2629 o
952 2589 997 2630 es-

75 2657 133 2726 set,
157 2650 290 2729 maiores
319 2652 433 2731 gratiss
457 2651 576 2719 donare
597 2661 713 2732 posset,
736 2659 783 2713 est
804 2651 892 2732 blesp
916 2654 995 2715 emin

74 2734 106 2792 in
129 2731 159 2796 8.
182 2732 306 2794 Petrum
328 2741 359 2794 et
380 2754 511 2829 papum..
772 2730 776 2735 ’

310 2894 527 2961 Conclusio
563 2897 759 2981 LbllXVlll

158 3025 295 3087 Dioimus
326 3033 447 3108 eontra,
481 3027 563 3106 quod
595 3027 687 3087 etiem
726 3027 785 3086 iste
811 3034 843 3087 et
870 3028 998 3108 quilibet

74 3124 158 3188 popu
178 3108 272 3170 hebet
294 3111 440 3189 maiores,
475 3111 593 3170 soilioet
620 3108 831 3190 evangelium,
859 3112 997 3191 virtutes,

10 3210 12 3219 ¹
74 3191 190 3272 gratiss
213 3194 406 3253 ourstionum
429 3200 487 3257 eto.
511 3200 544 3253 ut
566 3196 593 3254 1.
616 3191 754 3253 Corinth.
770 3195 818 3256 12.
1015 3198 1031 3232 ⁶

161 3273 241 3348 Quis
263 3277 471 3357 inpotestote
493 3274 823 3355 etobedientispepse
843 3282 915 3336 sunt
935 3290 998 3337 out·-

76 3374 153 3435 ues‚
188 3359 239 3437 qui
261 3360 321 3419 ists
341 3359 457 3420 hebent
476 3361 507 3419 in
531 3358 682 3434 eeclesia,
707 3376 784 3436 quos
805 3364 910 3438 potest
933 3361 997 3420 mit·

75 3447 144 3499 tere
162 3459 227 3519 quo
250 3441 342 3518 volet,
366 3444 485 3503 etiemsi
507 3445 575 3523 ipse
596 3440 800 3521 personaliter
821 3459 885 3502 non
906 3442 997 3503 hube-

75 3528 140 3599 ret,
169 3528 287 3584 utnon
310 3523 425 3603 dioem,
448 3525 531 3605 quod
553 3524 643 3586 Bulla
661 3531 781 3588 coense
812 3523 912 3586 adhue
934 3540 996 3587 non

135 3713 165 3779 i)
187 3713 218 3764 Iu
237 3714 279 3766 ed.
299 3715 360 3770 Jeu.
378 3734 383 3769 :
401 3733 506 3773 sumus.
543 3719 575 3783 2)
596 3719 680 3774 Ibin:
699 3721 734 3774 hi.

132 3785 163 3848 ⁸)
185 3784 257 3837 Pssl.
277 3786 336 3842 143.
