2356 4200
105 278 108 283 '
175 254 238 333 202
504 271 652 328 Sermones
670 271 782 328 bathen
897 340 899 344 Ι

259 439 348 518 Quod
381 443 406 503 si
441 444 533 503 etiam
569 443 609 504 ab
643 450 731 504 extra
758 442 890 504 mundus
922 448 1005 505 totus
1038 462 1098 506 uos

177 525 297 606 quietos
320 526 410 605 sinat,
433 544 506 587 eooe
528 528 736 606 unusquisque
759 527 895 607 sibiipsi
918 527 992 587 satio
1015 545 1097 607 nog-

176 620 248 669 num
272 614 303 668 et
325 610 494 688 spatiosum
525 617 572 670 est
598 627 697 686 mare,
724 609 849 689 plenum
877 608 1037 690 reptilibus
1065 611 1096 670 iu

175 691 264 752 nobis
300 697 335 752 et
373 692 555 754 animalibus
593 693 696 773 parvis
728 698 759 752 et
792 694 921 773 magnis.
970 691 1036 753 Imo
1067 697 1099 753 et

174 773 269 836 draeo
297 773 503 857 iliemagnus
532 776 677 837 innubis
703 781 758 837 est.
802 775 880 836 Nam
906 773 992 853 vide,
1021 783 1099 856 quot
1150 822 1154 827 .

173 856 328 941 proeellas
351 856 436 919 solus
459 859 564 920 oculus
587 859 728 934 suseitat‚
761 864 837 939 quot
858 858 995 936 auditus,
1023 865 1099 938 quot

173 943 296 1022 gustus!
328 941 400 1022 ipsa
416 941 549 1022 denique
567 943 670 1002 anima
688 940 899 1020 lubneissima,
922 947 996 1020 quot
1016 942 1097 1022 oapi-

173 1023 247 1084 talie
271 1030 301 1084 et
322 1024 444 1104 reptilia
464 1023 558 1086 habet
580 1025 825 1105 cogitationum:
846 1022 931 1099 Quot
951 1023 1098 1084 animalia

173 1124 269 1186 parva
301 1113 333 1167 et
364 1125 492 1189 magna,
526 1109 549 1169 i.
578 1126 604 1168 e.
638 1108 724 1168 varia
756 1107 901 1186 variaque
922 1105 1096 1182 2dssideriu5

172 1197 314 1258 euraset
336 1189 422 1268 odia,
444 1192 584 1268 timores,
606 1209 688 1270 spes,
710 1189 845 1268 dolores,
866 1189 979 1271 gaudie
999 1191 1096 1250 vena!

171 1271 301 1332 Aeoedit
323 1274 395 1333 hine
415 1273 520 1350 draeo,
542 1275 562 1335 i.
577 1293 603 1335 e.
622 1274 760 1354 tyrannis
781 1272 836 1333 illa
862 1274 974 1348 earnis,
997 1272 1097 1333 fomes

171 1357 451 1436 eoncupiscentiae,
472 1357 523 1417 lex
546 1355 761 1417 membrorum.
795 1354 931 1430 Quando
953 1355 1006 1416 ille
1026 1355 1097 1417 furit

170 1439 202 1498 in
230 1457 286 1499 suo
315 1438 449 1517 turbine,
482 1440 548 1519 quis
578 1445 675 1518 tutus,
705 1439 771 1518 quis
791 1437 950 1518 ‘quietusi
1005 1437 1095 1516 Vide,

170 1522 291 1601 quantis
313 1523 443 1582 miseriis
465 1523 496 1581 in
520 1522 608 1582 nobis
630 1523 705 1602 ipsis
727 1522 839 1602 repleti
862 1540 979 1581 sumus.
1014 1520 1096 1581 Vere

169 1602 221 1663 ille
243 1603 359 1683 plorat:
403 1604 518 1666 Oculus
541 1624 627 1666 meus
649 1604 854 1685 depraedatus
882 1609 930 1663 est
961 1604 1095 1664 animam
1125 1612 1128 1617 ’

168 1700 277 1747 meam.
330 1688 373 1748 Et
402 1689 530 1748 iterum:
568 1688 652 1749 Mors
690 1689 815 1747 intravit
852 1705 908 1766 per
942 1686 1095 1748 fanesinus

169 1776 299 1833 nostras.
333 1770 393 1846 Qui
414 1770 492 1831 haee
513 1789 575 1830 nou
598 1772 700 1842 sentia
723 1776 860 1831 mortuus
883 1773 940 1844 est,
964 1775 996 1828 ut
1016 1768 1096 1846 dixi3

169 1853 316 1931 quivero
346 1854 454 1929 sentit,
488 1861 571 1914 uerte
601 1853 652 1913 hio
682 1859 730 1914 eet
756 1872 835 1913 uuus
862 1851 1091 1932 disoipulorum‚

169 1936 220 2015 qui
253 1937 380 1996 suscitat
410 1936 531 2014 desum,
563 1935 685 1997 dicens:
719 1935 811 1996 Salva
843 1953 917 2013 nos,
948 1934 1092 2011 Domine,

166 2019 311 2097 perimus.
339 2018 417 2084 ,Sed
441 2018 519 2098 proh
550 2017 652 2080 dolor:
689 2037 780 2098 quam
811 2017 924 2078 multos
952 2016 1091 2078 videmus

167 2116 205 2161 ao
237 2101 300 2176 fere
334 2120 442 2162 omnes
476 2121 594 2162 mersos
623 2101 827 2177 Chiistisnos‚
857 2113 946 2180 quam
975 2118 1091 2179 pausos

167 2183 345 2246 olamantes.
390 2184 470 2260 Quin
492 2184 522 2244 id
545 2186 637 2245 etiam
659 2185 778 2264 agimus
800 2201 857 2263 pro
877 2183 1000 2242 iustitiis
1021 2201 1090 2267 pro-

166 2267 257 2345 priis,
294 2273 327 2327 ut
358 2287 421 2327 non
457 2267 656 2328 invooationo
687 2267 799 2327 christi
833 2264 1001 2341 salvemur,
1035 2265 1090 2326 sed

166 2347 280 2409 vbibus
310 2368 436 2428 operum
469 2357 652 2411 nostrorum.
701 2349 834 2410 Securos
863 2366 921 2408 nos
949 2348 1088 2425 iaoimus,

166 2435 200 2490 ut
219 2431 404 2492 tentationes
426 2432 575 2507 vitemus,
597 2434 739 2494 uolentes
762 2430 906 2512 perieulis
928 2432 1029 2511 urgeri
1050 2430 1089 2491 ad

166 2512 360 2574 olomundum
394 2520 427 2575 et
468 2516 609 2576 volentes
643 2514 800 2596 operibus·
817 2512 913 2573 bonis
947 2515 1005 2573 frui
1050 2513 1090 2574 ad

164 2597 274 2676 paoe'm
296 2595 486 2676 habendam,
516 2599 535 2658 i.
558 2618 584 2660 e.
614 2598 724 2659 millies
752 2596 863 2656 millies
888 2595 1089 2675 pereundum.

38 2663 57 2693 ⁸
164 2677 232 2739 Vae
255 2679 330 2738 iltis!

546 2987 690 3082 Sermo

275 3188 304 3246 in
329 3187 379 3248 die
401 3183 625 3248 Purifloationis
648 3185 762 3247 Mariae
785 3203 814 3245 a.
839 3164 975 3265 ww]

250 3355 344 3438 Origo
373 3355 462 3418 huius
489 3356 558 3418 festi
581 3358 711 3436 puimum
735 3353 926 3415 enodabitur.
969 3351 1090 3413 Nomen

163 3446 256 3498 sonat
276 3436 450 3518 pun'floatio
476 3439 686 3520 (Reisigungj
710 3438 834 3498 Mariae.
878 3435 961 3494 luter
981 3442 1091 3514 gentes

216 3608 245 3668 't
266 3608 346 3662 Hune
366 3624 523 3663 sermonem
544 3608 577 3661 de
598 3608 717 3663 moach.
738 3607 770 3666 3,
792 3604 858 3658 t-t
877 3617 984 3673 pomus
1005 3606 1092 3663 edidit

159 3677 330 3734 loesuberus
356 3697 393 3734 ex
417 3680 483 3733 biso.
509 3681 537 3731 in
560 3679 646 3735 libro:
694 3678 880 3746 Unsebuldige
904 3683 1090 3741 Mriohun

159 3767 213 3805 von
235 3752 309 3807 alten
331 3753 387 3805 und
410 3767 500 3805 neuen
520 3751 729 3824 theologisebeu
742 3749 888 3805 Saebenu.
905 3762 981 3820 ¹70&
1009 3759 1089 3826 stip·
