2356 4200
173 271 237 339 290
395 302 410 331 t.
457 272 621 345 -otspunno
642 273 675 330 il.
693 271 806 337 hathoni

174 447 238 522 est,
259 447 382 504 centnm
407 422 582 523 campanis,
603 446 725 504 centnm
746 441 880 522 pompis,
901 446 1097 505 centumce-

173 526 314 586 rimoniis
336 524 541 605 praedicetur.

257 610 315 685 56)
341 605 491 670 Thesauri
514 607 680 687 ecclcsiae,
712 606 795 669 unde
823 625 905 687 papa
926 606 979 669 dat
998 605 1097 672 indul-

156 691 315 773 ·gentias,
344 709 447 772 neque
469 692 543 751 satis
564 691 715 752 nominati
737 696 822 770 sunt,
855 707 956 770 neque
979 692 1097 772 cogniti

174 773 258 855 apud
279 773 430 854 populum
454 773 575 836 Christi.

256 853 316 939 57)
338 855 539 938 Temporales
573 862 656 918 certe
686 874 750 918 non
772 873 843 920 esse
868 860 970 937 patet,
972 847 1097 935 quod

174 959 238 1001 non
275 945 339 1000 tam
367 941 461 1007 facile
489 958 544 1000 sos
565 938 769 1020 profundunt,
803 937 858 999 sed
880 938 1096 1009 tantummodo

175 1023 326 1103 colligunt
348 1024 433 1084 multi
457 1024 719 1083 concionatorum

260 1105 318 1181 58)
342 1105 408 1168 Neo
430 1112 501 1167 sunt
521 1107 629 1166 merita
646 1104 804 1165 (lhristiet
791 1109 1002 1184 tsanctorum,
1024 1106 1099 1185 quia

174 1190 253 1250 haec
282 1207 405 1269 semper
433 1189 499 1249 sine
519 1208 602 1269 papa
623 1193 789 1268 operantur
810 1189 940 1267 gratiam
961 1187 1097 1252 hominis

174 1272 345 1367 interioris,
378 1278 410 1333 et
439 1290 576 1351 crucem,
614 1278 761 1352 mortem,
797 1270 1011 1352 infernumque
1042 1291 1097 1332 ex-

176 1355 307 1416 terioris.

257 1440 317 1515 59)
346 1436 521 1498 Thesauros
556 1436 707 1498 ecclesiae
741 1436 771 1499 S.
803 1436 984 1499 Ιιιιιιιιιιι
1018 1436 1100 1500 dixit

176 1539 246 1582 ιιιι
268 1539 421 1600 pauperes
444 1519 604 1599 eeclesiae,
626 1519 682 1581 sed
707 1519 828 1581 locutus
857 1526 905 1581 ast
926 1539 982 1581 usu
1004 1539 1098 1581 voca-

175 1602 238 1666 buli
259 1622 315 1664 suo
337 1609 486 1686 tempore.

261 1688 319 1764 60)
343 1685 417 1748 Sina
438 1687 611 1748 temeritato
633 1684 777 1765 dicimus,
805 1685 911 1747 claves
933 1648 1097 1768 ecclesiae,

177 1770 290 1830 merito
312 1767 424 1830 Christi
447 1768 594 1846 donatas,
617 1787 686 1829 esse
706 1768 883 1830 thesaurum
904 1770 1005 1832 istum.

262 1854 319 1927 61)
285 1850 468 1914 161ιιιιι
498 1857 546 1912 ιιι
573 1815 671 1930 enim,
704 1851 787 1930 quod
814 1851 854 1913 ad
881 1853 1096 1916 remissionem

176 1952 347 2016 poenarum
370 1940 401 1995 et
421 1953 549 1997 casuum
569 1934 639 1996 sola
659 1933 772 1995 sufficit
795 1941 934 2015 potestas
955 1955 1067 2017 papae.

259 2015 318 2160 62)
342 2018 443 2079 Verus
465 2017 625 2079 thesaurus
640 2017 852 2079 ecclesiaeest
840 2025 1094 2084 tsaorosanclum

177 2119 374 2180 evangelum
395 2100 515 2181 gloriae
536 2107 569 2161 ιι
589 2101 716 2180 gratim
727 2100 795 2162 Dei

260 2185 325 2280 6M3)
342 2180 401 2243 Hic
429 2191 532 2244 autem
559 2189 607 2244 est
633 2185 743 2244 merito
766 2183 993 2265 odiosissimus,
1023 2187 1097 2265 qnia

177 2286 222 2328 ex
238 2267 344 2347 primis
365 2266 439 2327 facit
459 2266 654 2329 novissimos

160 2372 172 2386 ι
260 2350 318 2427 64)
340 2349 513 2410 Thesaurus
546 2356 648 2409 autem
685 2348 943 2430 indulgentiarum
984 2351 1095 2417 merito

178 2439 226 2494 cst
247 2433 455 2512 gratissimus,
469 2433 548 2510 ·quia
570 2451 609 2492 ex
631 2433 807 2492 novissimis
829 2431 903 2492 facit
923 2433 1050 2512 primos.

194 2562 198 2569 -
261 2517 317 2592 65)
342 2515 438 2595 Igitur
458 2514 594 2577 theamrri
616 2515 788 2595 evangelici
808 2517 887 2577 retia
908 2522 994 2595 sunt,
1030 2519 1094 2595 qui-

86 2615 90 2618 ’
179 2597 236 2659 hus
259 2597 333 2659 olim
354 2597 551 2678 piscabantur
572 2598 654 2659 viros
676 2597 859 2659 diviliarum.

261 2683 318 2756 66)
340 2680 488 2741 Thesauri
509 2679 767 2761 indulgentiarum
789 2682 865 2743 retia
881 2687 962 2761 sunt,
984 2681 1095 2762 quihus

178 2782 259 2825 nuno
280 2764 436 2843 piscantur
457 2762 578 2824 divitias
601 2765 745 2828 virorum.

260 2846 316 2928 67)
340 2846 569 2927 Indulgentiae,
608 2865 683 2926 quas
715 2848 952 2910 concionatores
980 2848 1097 2911 vocife-

177 2934 282 2989 rantur
303 2931 454 2989 maximas
466 2931 590 3009 gratias,
613 2929 823 3010 intelliguntur
843 2949 916 2992 vere
928 2930 1006 2992 tales
1023 2949 1097 3010 quo·

178 3010 218 3071 ad
240 3018 400 3091 quaestum
421 3011 675 3093 promovendum.

261 3095 318 3176 68)
343 3095 421 3158 sont
446 3101 550 3158 tamen
576 3115 685 3156 revera
711 3096 1096 3177 minime1)adgrntiam

181 3177 295 3238 Deit
264 3184 295 3238 ιι
316 3180 413 3238 oruois
435 3179 520 3258 pieta
501 3185 582 3239 atem
605 3185 812 3275 comparatae

260 3262 318 3338 69)
343 3261 499 3323 Tenentur
520 3263 659 3343 episcopi
682 3268 713 3322 et
734 3262 829 3323 curati
851 3264 1096 3343 veniarumapo-

176 3342 354 3404 stolicarnm
381 3345 609 3407 commissarios
637 3364 706 3407 oum
737 3346 821 3407 omni
849 3345 1023 3410 reverentia
1042 3345 1097 3425 ad-

176 3427 312 3487 mittere.

260 3507 319 3591 70)
344 3508 407 3571 Sed
427 3511 525 3590 magis
548 3514 655 3572 ttenen
657 3531 691 3570 nr
643 3509 853 3574 tomnibns
880 3511 977 3573 oculis
999 3513 1096 3573 inten-

214 3772 247 3837 1)
267 3772 349 3842 Apud
373 3791 399 3829 v.
419 3773 445 3830 d.
457 3773 559 3828 Hardl:
579 3776 720 3830 minimae.
