2356 4200
128 288 192 357 254
378 292 572 348 Resolutr'cnas
591 292 696 361 orsput.
714 292 794 347 Lutlr.

129 460 219 521 rent?
241 460 352 520 Adhuc
373 467 476 522 temen
498 467 568 522 sunt
588 461 668 522 adeo
689 480 752 522 non
767 457 926 540 haeretici,
944 469 981 523 ut
991 461 1050 543 glo

128 544 244 604 riantur
265 562 298 604 se
319 544 541 605 haereticorum
564 551 787 624 persecutores.

211 624 280 686 Hoc
300 627 418 688 scilicet
438 627 537 688 voluit
556 645 646 707 papa,
668 638 702 687 ut
722 628 953 688 hominessuae
965 644 1053 689 curae

132 710 288 770 commissi
316 718 442 790 propter
473 710 590 790 lapides
613 718 644 770 et
664 710 750 790 ligna
769 709 929 789 usquead
953 712 1052 772 vivam

130 801 229 853 cutem
259 793 428 853 radantur?
461 795 523 854 imo
553 800 586 853 ut
606 793 818 873 pestilentibus
841 793 995 854 doctrinis
1016 793 1052 855 ab

129 877 195 936 istis
219 875 386 937 latronibus
408 883 440 937 et
459 875 573 939 furibus
600 880 650 953 (ut
673 875 808 937 Christus
832 877 944 954 ait)*)
976 896 1053 938 mac

129 965 231 1020 tentur
253 966 284 1019 et
312 959 485 1040 perdantur,
527 959 637 1021 Melius
665 967 730 1019 erat
751 958 917 1019 Caesarem
930 958 991 1039 **)
1022 960 1053 1020 il·

129 1040 191 1102 lum
212 1042 337 1120 habere,
360 1043 409 1122 qui
432 1041 517 1120 dixit,
539 1042 618 1103 Boni
640 1043 771 1122 pastoris
794 1060 864 1102 esse
887 1060 967 1103 oves
989 1049 1052 1103 ton-

129 1123 212 1204 dere,
234 1144 296 1185 non
319 1123 491 1206 deglubere.
525 1125 567 1184 At
587 1124 646 1203 iil)
671 1144 733 1184 non
756 1116 927 1205 deglubunt
951 1124 1052 1203 modo,

129 1206 184 1268 sed
207 1209 356 1269 devorant
378 1224 441 1268 eos·
454 1226 583 1291 corpore
605 1215 636 1268 et
658 1209 769 1288 anima,
791 1226 864 1268 vere
878 1209 1051 1289 sepulcrum

129 1298 238 1372 patens
260 1297 363 1371 guttur
385 1308 501 1370 eorum,
523 1290 635 1373 linguis
659 1292 720 1377 suis
742 1289 883 1369 etc.***)

361 1466 364 1471 '
448 1455 660 1518 Conclusio
682 1456 727 1517 LI.

209 1583 351 1645 Ducendi
373 1589 444 1645 sunt
464 1583 643 1662 Christiani,
673 1585 755 1664 quod
776 1604 874 1665 papa,
901 1586 985 1647 sicut
1005 1584 1054 1647 ds?
1074 1624 1081 1635 ·

128 1669 190 1747 bet,
211 1667 384 1746 itavellet,
408 1667 500 1729 etiam
516 1667 648 1729 ruendita
672 1669 717 1744 (si
739 1687 816 1747 opus
839 1669 899 1746 sit)
922 1667 1052 1731 basilica

128 1753 161 1813 P.
183 1751 264 1811 Petri
288 1749 361 1811 dare
384 1750 461 1827 illis,
480 1769 499 1809 a
522 1750 651 1829 quorum
671 1751 808 1831 plurimis
829 1749 959 1830 qnidam
983 1771 1050 1814 cou-

127 1837 303 1896 cionatoras
325 1834 482 1895 veniarum
504 1834 650 1913 pecunias
673 1834 805 1896 eliciunt.

212 1915 264 1977 Sic
286 1916 324 1978 B.
355 1915 538 1995 Ambrosius*
565 1917 676 1977 calices
707 1915 852 1977 conflavit
884 1937 944 1998 pro
976 1917 1052 1979 redi·

131 2000 247 2060 mendis
270 2000 408 2080 captivis.
451 1996 490 2058 Et
511 1999 543 2058 Β.
564 1999 708 2060 Paulinus
728 1999 867 2060 Nolanus
892 2020 928 2060 se
951 2002 1050 2081 ipsum

129 2084 283 2163 captivum
305 2081 429 2142 tradidit
449 2084 589 2160 proauis.
630 2083 670 2142 lit
691 2083 730 2142 ad
753 2082 813 2142 hoc
834 2083 936 2162 ipsum
960 2084 1051 2144 habet

129 2186 236 2227 aurum
260 2165 405 2239 ecclesia,
434 2175 466 2225 ut
495 2173 542 2225 est
562 2166 593 2225 in
622 2165 761 2226 Decretis
784 2185 824 2226 ex
845 2165 961 2226 eodem
984 2168 1050 2228 Am·

129 2249 232 2309 brosio
255 2256 419 2329 sumptum.
442 2249 596 2328 Atrdae,
620 2248 702 2309 bone
722 2249 816 2326 Deus,
840 2251 949 2328 quanti
974 2256 1071 2326 sunl„

129 2333 181 2410 qui
203 2332 301 2412 ligna,
332 2333 394 2392 imo
416 2330 491 2391 lolia
512 2338 635 2411 portant
654 2333 684 2391 in
707 2332 831 2408 silvam,
861 2340 893 2391 et
915 2333 1049 2412 guttulas

129 2433 202 2474 suas
228 2418 258 2474 in
282 2433 380 2486 mare,
409 2415 439 2474 id
471 2423 532 2491 eat,
562 2413 671 2475 obulos
703 2434 775 2476 suos
802 2416 833 2475 in
861 2418 1048 2497 marsupium

129 2496 217 2569 illud,
247 2498 332 2558 cuius
358 2499 410 2574 (ut
429 2497 608 2578 Hieronymi
629 2497 731 2559 verbis
746 2500 837 2572 utar)
862 2497 983 2560 lucrum
1006 2506 1049 2560 est

130 2582 223 2641 totius
246 2580 327 2641 orbis
350 2580 467 2660 religio,

436 2746 648 2808 Conclusio
676 2746 735 2809 Lll.

212 2873 301 2933 Vana
323 2880 371 2934 est
391 2874 502 2934 fiducia
528 2874 632 2934 salutis
659 2895 714 2954 per
746 2875 849 2935 literas
880 2872 1048 2948 veniarum,

129 2957 248 3018 etiamsi
273 2958 515 3039 commissarius,
544 2958 606 3018 imo
628 2958 694 3038 ipse
716 2978 796 3039 papa
829 2955 1048 3036 impignoraret

129 3043 262 3101 unimam
286 3059 371 3100 suam
397 3059 454 3121 pro
476 3040 545 3102 illis.

210 3119 321 3205 Hoc²)
360 3141 482 3202 quoque
516 3129 689 3203 portentum
728 3121 841 3183 audent
869 3124 937 3182 sine
969 3120 1047 3184 omni

128 3207 227 3268 fronte
249 3204 399 3287 proferre,
430 3213 462 3265 ut
490 3208 628 3266 timorem
651 3206 709 3267 Dei
737 3206 775 3266 ab
798 3205 976 3265 hominibus
998 3205 1047 3266 tol·

129 3289 208 3367 lant,
239 3308 294 3370 per
323 3289 588 3369 indulgentiaeque
610 3309 714 3350 secum
746 3287 783 3348 ad
806 3287 1046 3367 indignationem

129 3372 188 3434 Dei
209 3372 388 3454 perducant,
411 3378 518 3434 contra
541 3371 654 3433 dictum
668 3371 803 3453 Sap.†):
827 3369 865 3430 de
888 3370 1045 3452 peccaui)

130 3504 547 3518 mm

202 3571 233 3637 1)
255 3572 283 3622 111
303 3572 345 3623 eu,
365 3572 437 3625 rea:
466 3572 503 3623 m.
558 3571 591 3636 2)
611 3570 696 3623 rua:
722 3569 776 3622 hoc
794 3569 856 3622 roe.
912 3570 945 3634 3)
969 3568 1043 3622 miri

129 3648 313 3711 peccatorum.

129 3784 162 3854 r)
184 3712 352 3841 diiii&
373 3714 415 3770 ω’
471 3712 516 3779 ’Ἴ
536 3712 664 3766 mmm
684 3711 792 3765 cmv·
844 3712 913 3778 ”n
934 3712 1004 3765 nu
1024 3713 1045 3766 s.
