2356 4200
120 276 187 344 366
269 276 903 349 Mecum-summum

128 448 228 509 oimen
250 444 427 507 eruditionis
449 465 525 507 suae
545 444 706 527 praebens,
729 453 909 527 susceptam
925 465 1048 507 causam

127 530 223 591 multo
237 529 402 607 dexterius,
413 544 504 608 quern
512 526 901 608 introissent-catomis,
924 528 955 588 id
968 529 1048 609 qnod

126 611 252 673 domino
275 611 352 673 Phiii
376 630 417 692 pc
439 610 612 673 sFeiiitsch
635 611 759 671 etmihi
782 609 873 672 vaide
895 611 1048 692 placebat

121 692 124 699 '
213 631 508 775 cardinadspostea
522 693 771 776 disputationem,
795 712 890 775 quam
902 693 1049 755 Lutherns

128 776 228 838 studio
253 777 387 838 veritntis
409 775 606 838 vehementer
617 775 791 859 expetebat.
814 776 1050 839 admittereno

126 858 193 920 lens
217 859 408 957 postulavit,
445 866 477 920 nt
510 859 568 921 hac
596 859 627 920 in
659 867 747 940 parte
777 856 930 921 Lutherns
963 854 1047 920 snam

129 940 317 1004 (tunsionem
340 948 528 1004 retractaret.
579 940 639 1004 Sed
668 941 729 1004 hoc
749 940 903 1003 Lutherns
926 942 1049 1004 omuino

126 1023 304 1098 recusabat,
332 1036 474 1086 asserens
504 1023 674 1085 doctricem
702 1042 788 1084 sunm
816 1032 924 1086 veram
960 1033 1049 1105 atqua

127 1107 302 1189 Scripturas
321 1108 501 1170 testimoniis
524 1107 680 1168 fundatam
702 1125 785 1187 esse,
808 1108 893 1187 qnod
917 1109 942 1169 si
965 1127 1049 1169 revo-

128 1197 222 1269 caret,
245 1209 279 1252 se
300 1209 361 1251 non
386 1188 478 1250 modo
503 1190 611 1251 contra
631 1208 719 1249 suam
739 1188 977 1270 conscientiam,
998 1190 1048 1267 sed

128 1274 219 1335 etiam
250 1280 357 1334 contra
385 1270 564 1334 Pontificem
592 1272 758 1352 facturum,
788 1270 1047 1351 quemadmodum

127 1354 157 1433 id
175 1352 272 1417 etism
295 1355 426 1436 allegata
449 1355 501 1417 leri
522 1356 697 1437 pontificia,
721 1356 769 1415 cni
791 1362 956 1436 tantopere
979 1352 1046 1419 cnr·

128 1430 236 1499 dinatus
258 1437 345 1497 inuiti
367 1436 529 1515 videretur,
551 1439 744 1518 apertissime
763 1436 1000 1505 demonstraret.

179 1530 182 1535 '
208 1519 344 1580 Tandem
369 1519 420 1581 nbi
434 1519 604 1582 Cardinaiis
625 1519 697 1581 nihii
719 1520 777 1580 nisi
797 1523 1046 1582 retractationem

128 1610 298 1683 quaereret,
319 1601 467 1665 Lutherus
481 1621 549 1663 eum
572 1602 704 1684 supplex
718 1604 827 1681 oravit,
849 1612 885 1665 nt
898 1602 1046 1665 eiusmodi

22 1740 26 1749 .
127 1703 309 1767 responsum
339 1702 490 1747 unacum
521 1684 727 1747 obtestatione
755 1680 1046 1767 promptissimique

127 1770 184 1829 s'nn
205 1768 363 1829 voluntate
384 1767 424 1829 sd
439 1768 618 1830 Pontificem
640 1768 807 1829 Maximum
830 1762 1046 1830 tansmittere·

127 1857 185 1923 tur,
207 1848 358 1931 simulque
379 1870 504 1931 rogans,
525 1870 564 1911 ne
586 1859 648 1912 tam
671 1851 747 1912 duro
769 1850 978 1935 atquerigidc
1000 1851 1045 1912 sd·

127 1944 250 1999 versus·
267 1934 367 2029 ipsum
395 1933 508 1995 iudicio
544 1936 689 1995 sanctitas
725 1952 782 1994 sus
813 1940 960 1999 uteretur.
1010 1933 1045 1996 Sa

127 2018 208 2077 enirn
235 2016 310 2076 nihil
339 2017 438 2097 magis
466 2024 621 2096 spectare,
654 2034 746 2096 quum
775 2023 810 2077 nt
836 2017 908 2097 ipse
935 2016 1045 2079 veritas

127 2100 262 2181 patrnam
285 2098 422 2160 obtinere
448 2106 564 2180 posset.
617 2097 708 2174 Quod
736 2099 762 2158 si
791 2100 883 2160 certis
912 2106 944 2160 et
972 2100 1045 2160 veris

128 2181 295 2243 rationibus
308 2183 550 2258 convinceretur,
562 2200 755 2263 nequequam
770 2180 956 2244 erubescere
971 2201 1045 2259 sese,

117 2264 307 2345 quominus,
343 2266 373 2325 in
406 2260 556 2326 honorem
594 2266 746 2339 veritatis,
793 2282 930 2325 errorem
961 2284 1045 2326 sunm

127 2366 273 2423 revocare
295 2348 376 2426 velit,
401 2347 571 2409 cardinalis
593 2354 694 2409 tamen
717 2345 915 2407 nihilominus
938 2348 971 2409 in
994 2366 1045 2411 sna

127 2428 279 2493 sententis
302 2431 519 2510 perseveravit.
649 2502 652 2507 Ι

139 2508 143 2515 ’
210 2512 309 2575 Nemo
324 2519 483 2595 praeterea
492 2513 543 2573 hic
557 2518 612 2586 est,
630 2514 681 2593 qui
697 2511 821 2593 publica
837 2511 1046 2594 disputatione

129 2617 197 2657 oum
219 2596 350 2656 Luthero
373 2595 519 2676 congredi
547 2590 669 2657 sudent.
720 2594 863 2655 Monachi
892 2597 1045 2677 ceterique

112 2678 193 2757 seius
215 2679 380 2740 adversarii
403 2696 521 2757 omnes,
543 2679 593 2758 qui
615 2676 745 2758 piurima
763 2683 872 2737 contra
893 2678 998 2758 ipsum
1018 2679 1044 2739 in

128 2761 175 2822 his
207 2761 344 2823 comitiis
378 2763 579 2842 scripserunt,
611 2761 672 2822 iem
706 2778 855 2840 nusquam
886 2770 1045 2841 apparent.

128 2842 194 2905 No's
220 2846 263 2905 ite
293 2844 489 2905 discessimus
518 2841 733 2914 scammate,
763 2851 793 2903 et
818 2841 872 2902 iiio
901 2843 954 2904 die
982 2862 1045 2905 cum

127 2926 266 3007 Doctore
293 2926 450 3009 Staupicio
473 2944 510 2988 ac
539 2924 577 2986 Dss
605 2924 736 2986 Luthero
773 2926 895 2986 coenati
934 2944 1045 2987 sumus.

128 3002 204 3089 Pp'st
229 3008 307 3070 haec
335 3010 443 3071 eodem
476 3010 526 3070 die
548 3007 717 3070 cardinatis
745 3006 784 3068 nd
816 3026 850 3068 se
878 3007 1046 3071 Ductorem

129 3082 266 3175 Staupitz
288 3095 404 3154 accersi
426 3093 528 3170 iussit,
562 3093 611 3151 cni
632 3090 792 3152 inter'siia
821 3089 915 3170 dixit,
939 3110 976 3153 se
996 3090 1046 3152 In·

84 3192 91 3207 ·
130 3176 215 3237 thero
226 3178 297 3249 ¹iam
320 3176 538 3236 amicissimum
552 3193 621 3235 esse
636 3174 759 3251 iactum,
782 3172 872 3253 eique
888 3192 930 3235 ex
946 3176 1045 3236 animo

128 3261 231 3320 favere
253 3267 311 3321 etc.
348 3257 428 3335 Quid
449 3258 580 3339 posthoc
602 3257 735 3317 futurum
757 3256 804 3333 sit,
826 3256 951 3337 ignoro.
980 3256 1045 3318 car·

129 3342 238 3403 dinalis
260 3341 382 3420 quidem
406 3340 604 3403 vehementer
624 3336 759 3421 loborat,
790 3338 844 3398 sed
866 3346 974 3400 tamen
995 3336 1045 3399 Ln-

128 3423 246 3485 therum
269 3424 298 3483 in
321 3425 412 3485 etiem
435 3424 619 3485 sententiam·
629 3421 797 3504 perducere
810 3419 964 3482 hactenus
976 3440 1044 3482 nnn

128 3526 219 3589 quam
242 3509 357 3588 potnit,
380 3526 480 3588 neque
501 3508 593 3567 etiam
614 3503 810 3589 persuadebit
830 3521 991 3583 unquam,
1017 3509 1045 3563 nt

127 3606 275 3652 revocare
298 3589 378 3665 petit.
420 3590 570 3651 Lutherns
598 3590 717 3660 omnia,
745 3604 824 3667 quae
850 3604 922 3647 cum
945 3585 1044 3649 Cardi-

127 3674 199 3734 nale
224 3678 297 3749 sunt
320 3676 406 3751 acts,
439 3672 571 3754 publicis
603 3672 697 3733 literis
725 3666 908 3731 excudenda
938 3669 1043 3732 madet

86 3770 90 3775 ·
127 3754 256 3819 Veritati
277 3753 427 3829 Dominus
450 3775 543 3839 opem
563 3755 642 3819 ferre
664 3753 812 3837 dignetur.
835 3750 841 3833 J
