2356 4200
477 303 504 344 a.
524 289 594 347 1517
610 289 707 344 hebiti.

515 537 660 633 Sarno

180 734 220 796 de
240 710 439 816 indulgentiis
460 736 559 816 pridie
581 737 792 800 Dedicationis
815 754 843 798 a.
866 739 955 803 1517.
965 740 997 815 *)

205 899 359 965 Thema.
395 901 486 964 Stans
508 908 611 965 autem
623 903 781 965 Zachaeus
797 902 873 962 dixit
886 900 925 961 ad
944 901 1047 962 Domi-

126 1002 208 1045 num.
263 982 490 1047 Conclusio.
541 983 657 1061 Quibus
688 986 825 1048 Christus
855 984 970 1065 aliquid
988 992 1045 1065 est,

124 1065 182 1127 illis
208 1068 315 1128 omnia
335 1067 411 1128 nihil
441 1075 528 1148 sunt,
557 1068 665 1149 quibus
687 1076 789 1130 autem
811 1067 948 1128 Christus
969 1066 1046 1127 nihil

124 1153 179 1226 est,
202 1150 351 1211 continuo
373 1150 435 1211 illis
458 1153 563 1212 omnia
584 1151 713 1233 grandia
728 1158 807 1212 sunt.
845 1149 925 1225 Quid
938 1154 1052 1211 autem·

125 1232 171 1316 sit,
194 1231 350 1294 Christum
372 1233 489 1314 aliquid
510 1235 560 1295 vel
582 1235 659 1296 nihil
681 1254 761 1314 esse,
784 1232 935 1293 discamus
959 1232 1047 1295 aZa-

125 1314 234 1394 chaeo,
257 1317 342 1377 cuius
365 1317 493 1378 affectus
516 1325 590 1396 erat,
612 1325 646 1378 ut
657 1317 848 1398 evangelista
859 1315 942 1394 dicit,
965 1315 1047 1395 quod

126 1397 295 1477 quaerebat
316 1399 422 1462 videre
441 1400 547 1461 Jesum
570 1403 637 1480 quis
660 1407 751 1462 esset.
785 1399 851 1461 Imo
870 1398 1046 1459 necessario

124 1481 278 1560 sequitur,
309 1482 392 1562 qucd
415 1483 585 1544 sublimiter
614 1483 652 1544 de
681 1502 719 1544 ec
748 1480 914 1558 sentiebat,
945 1480 984 1542 de
1013 1499 1047 1542 se

124 1582 199 1624 verc
222 1563 309 1625 nihil.
358 1565 479 1626 Deinde
499 1565 615 1648 gaudet
638 1572 782 1646 suscepto
795 1564 927 1627 Christo,
971 1562 1045 1625 ldeo

125 1645 281 1707 Christum
304 1648 419 1728 aliquid
443 1668 512 1709 esse
534 1656 582 1711 est
602 1651 716 1729 inipso
734 1648 866 1729 placere,
890 1646 1046 1724 delectari,

126 1727 321 1810 desiderare,
344 1731 488 1813 diligere,
524 1733 627 1813 magni
649 1737 806 1812 reputare,
828 1749 863 1791 se
889 1729 1047 1809 indignum

126 1830 165 1872 ec
195 1811 333 1874 iudicare
363 1820 394 1875 et
421 1833 486 1875 non
514 1833 663 1894 quaerere
685 1814 724 1875 ad
746 1812 920 1874 habendum
945 1810 1046 1892 (quod

124 1898 173 1955 est
192 1900 497 1976 praesumtuosum),
520 1897 576 1958 sed
598 1897 638 1958 ad
662 1896 828 1958 videndum
850 1901 986 1975 tantum,
1010 1912 1047 1955 ac

123 1996 234 2039 ornnes
257 1997 313 2040 ecs
333 1978 484 2058 iudicare,
513 1983 616 2062 magni
641 1976 760 2059 iacere,
790 1978 985 2059 praedicare,
1007 1975 1046 2036 ad

125 2078 205 2140 qucs
226 2061 280 2123 illc
303 2060 445 2143 dignetur
466 2061 631 2142 declinare,
655 2070 745 2144 atque
767 2062 852 2123 velut
872 2059 1046 2141 desperare,

124 2161 339 2224 necunquam
362 2165 572 2226 praesumere,
594 2145 678 2226 quod
699 2145 739 2206 ad
767 2164 801 2204 se
827 2144 946 2222 veniat,
974 2143 1048 2203 licet

124 2227 352 2306 paratissimum
388 2248 457 2289 sese
491 2231 603 2289 sdntiat
636 2230 675 2289 ad
712 2226 938 2307 suscipiendum
966 2246 1046 2303 eum,

126 2308 183 2369 sed
206 2316 369 2371 contentus
393 2313 437 2372 sic
460 2331 494 2372 se
526 2313 642 2392 mirari,
677 2320 708 2372 et
736 2311 864 2390 obsequi
894 2309 981 2389 illos,
1009 2308 1048 2369 ad

126 2411 207 2472 quos
235 2393 322 2452 illum
352 2394 463 2455 viderit
488 2397 542 2456 ire.
591 2396 648 2456 Hic
669 2397 752 2475 pius,
780 2393 902 2453 humilis
929 2399 960 2453 et
986 2411 1048 2452 rec·

126 2484 176 2535 tus
200 2473 328 2537 effectus
353 2478 451 2537 solum
474 2477 626 2539 Christum
649 2477 762 2557 aliquid
779 2476 902 2537 iudicat.
946 2476 1047 2535 Eccu-

126 2566 175 2618 tra
195 2557 350 2620 Christum
373 2560 448 2620 nihil
471 2581 558 2640 esse,
581 2568 629 2622 est
655 2581 717 2622 ncn
745 2562 776 2620 in
799 2562 866 2640 ipsc
890 2558 1047 2635 delectari,

126 2640 237 2701 sedin
260 2643 383 2723 seipso
407 2651 438 2704 et
459 2645 490 2703 in
514 2645 576 2724 his,
599 2664 677 2725 quae
700 2664 755 2704 sua
776 2649 861 2722 sunt,
890 2644 952 2702 imo
975 2660 1047 2701 con·
1140 2708 1143 2714 ,

125 2733 266 2784 temnere
288 2733 319 2786 et
341 2726 427 2787 nolle
449 2747 517 2786 eum
541 2727 725 2789 desiderare.
766 2725 827 2786 Sed
843 2745 917 2786 sane
939 2731 1046 2785 notan-

125 2806 210 2883 dum,
225 2807 308 2888 quod
333 2810 393 2869 sint
415 2808 612 2871 diversimcdi
633 2811 664 2870 in
687 2810 808 2871 Christc
831 2808 975 2889 placitum
998 2806 1050 2866 ha-

126 2891 248 2970 bentes,
270 2911 339 2951 eum
353 2893 521 2973 cupientes,
534 2900 723 2975 reputantes.
757 2891 860 2971 Aliqui
878 2890 1049 2968 carnaliter,

125 2975 259 3053 curiose,
267 2975 431 3055 pueriliter,
444 2976 673 3037 seusecundum
682 2995 767 3036 suam
778 2975 964 3055 opinionem,
978 2991 1049 3051 qua

125 3058 172 3116 les
194 3055 239 3116 illi
252 3064 339 3118 erant
355 3059 386 3117 in
399 3059 573 3139 evangelio,
596 3062 646 3139 qui
661 3066 733 3120 tunc
746 3056 943 3133 mirabantur,
965 3054 1047 3135 quod
1106 3074 1109 3078 ·

125 3140 166 3200 ad
188 3140 344 3200 hominem
368 3148 564 3221 peccatorem
586 3143 708 3221 ivisset,
743 3160 811 3201 cum
841 3139 879 3200 ad
910 3158 942 3198 se
963 3139 1049 3198 illum

126 3230 275 3304 cuperent
295 3225 355 3305 ire,
386 3226 457 3303 quia
487 3244 519 3285 se
542 3225 652 3306 dignos
681 3224 875 3305 reputabant.
918 3222 957 3282 Hi
979 3228 1051 3281 sunt

124 3308 232 3387 iniqui,
254 3308 305 3387 qui
322 3309 424 3388 potius
444 3327 477 3368 se
490 3315 633 3388 reputant
655 3317 686 3369 et
707 3307 763 3369 sibi
784 3306 918 3386 placent,
940 3313 971 3366 et
993 3304 1050 3365 sibi

126 3477 175 3485 -—.-

184 3575 214 3642 *)
236 3575 287 3627 Hic
302 3591 394 3628 sermo
406 3575 494 3643 pridie
506 3575 692 3629 Dedicationis
711 3574 787 3628 aedis
800 3575 1048 3643 Vittembergensis

126 3663 143 3699 a
164 3648 235 3702 1517
254 3647 364 3700 habitus
384 3647 485 3716 legitur
504 3647 577 3714 apud
596 3648 740 3700 Loeschsr.
760 3647 846 3711 1‚734
864 3658 923 3714 sqq.
943 3655 969 3698 et
989 3661 1049 3714 ger·

126 3721 235 3771 manice
263 3718 338 3787 apud
368 3719 473 3774 Walch.
500 3719 574 3783 XIX,
605 3720 658 3775 929
684 3735 743 3788 sqq.
785 3717 833 3786 (cl.
858 3717 888 3770 O.
916 3717 1050 3785 iungens:
1141 3751 1145 3755 ·

127 3791 241 3844 Luthers
261 3791 352 3844 leben
371 3791 399 3842 P.
416 3791 463 3846 111.
484 3807 510 3858 p.
530 3791 590 3847 580.

151 3914 242 3954 suum
253 3924 303 3961 opp.
322 3914 343 3952 ν,
362 3913 390 3950 s.
403 3913 435 3952 aa
445 3913 485 3952 mr.
499 3914 549 3953 nse.
564 3915 579 3954 r.
592 3925 615 3965 ρ.
631 3913 680 3959 vor.
695 3917 714 3958 1.
752 3866 757 3875 Ι
801 3887 839 3956 12
