2356 4200
125 275 166 354 32
428 334 432 341 .
474 287 574 345 Sermo
593 288 706 351 lutheri
727 323 759 337 Λ
797 247 809 254 ³

10 441 17 463 '
122 456 1047 538 lusinterpretatur)magistrosprurientesauribus,

122 526 239 620 §uibus
260 539 444 602 docentibus
470 548 502 601 et
528 539 746 621 generantibus
773 541 989 622 foecundatur,
1005 549 1049 604 et

124 631 315 704 generantur
334 622 390 684 lilii
411 623 564 684 mendacii
586 630 617 685 et
642 625 821 702 iniquitatis.
863 625 950 687 Haec
972 642 1048 687 sane

121 707 259 788 pessime
282 707 418 768 omniurn
439 708 616 787 generatio,
643 708 713 786 ipsa
735 725 889 791 quoque„
906 728 985 788 quae
1007 727 1048 771 ex

124 807 218 867 carne
237 791 358 871 peceati
379 788 428 868 lit,
457 789 593 851 deterior
624 798 687 870 est,
721 791 793 869 quia
825 811 897 854 caro
919 798 1049 873 generat

124 872 250 953 quidem
273 880 470 954 peccatorem
491 874 522 933 in
536 874 652 953 ‚spiritu
674 873 714 933 ad
736 881 866 939 mortem
890 877 1047 956 sempiter-

123 976 207 1019 nam.
249 957 399 1019 Peccator
426 975 520 1018 carne
540 958 661 1037 genitus
684 958 781 1021 iuvari
801 965 907 1040 potest
933 960 965 1018 in
988 959 1047 1038 spi·

123 1041 198 1101 ritus
221 1039 440 1118 substantiamg
460 1045 493 1099 at
508 1040 620 1120 'spiritu
641 1039 815 1103 adulterino
838 1043 959 1123 genitus
977 1043 1047 1102 irre-

125 1123 342 1207 cuperabiliter
379 1130 559 1202 perseuerat
591 1124 752 1202 periturus.
808 1125 910 1189 Habet
942 1132 1045 1186 tamen

124 1208 274 1288 originem
297 1225 384 1269 suam
406 1225 445 1266 ex
468 1207 572 1273 carnis
586 1208 756 1275 nativitate.
798 1208 879 1272 Nam
901 1227 970 1271 cum
992 1226 1048 1288 per

124 1309 248 1353 carnem
270 1295 415 1351 nascatur
436 1288 532 1351 homo
556 1308 655 1353 vanus
681 1297 714 1351 et
733 1292 869 1357 mendax
891 1297 990 1370 totus,
1012 1290 1047 1355 fit

124 1379 158 1437 ut
180 1370 299 1453 cumi)
324 1373 426 1453 sepiat
446 1390 570 1452 quoqne
591 1393 639 1451 ea,
662 1392 741 1453 quae
763 1376 864 1437 carnis
881 1382 961 1453 sunt,
982 1393 1045 1437 non

123 1476 193 1535 raro
216 1455 272 1518 sub
295 1475 409 1536 magna
430 1458 536 1535 specie
551 1457 689 1536 spiritus:
712 1475 793 1536 quae
815 1478 907 1538 quum
923 1464 1047 1519 secutus

126 1540 296 1605 observarit
328 1548 359 1600 et
386 1538 526 1601 docuerit
551 1539 647 1616 alios,
679 1541 739 1601 iarn
771 1559 894 1620 quoque
924 1541 1047 1621 spiritus

126 1624 191 1685 eins
215 1631 247 1685 et
271 1623 395 1683 illorum
423 1622 518 1685 verbo
540 1624 706 1702 impietatis
734 1632 921 1704 generentur
941 1625 1047 1720 ipim-

125 1706 249 1788 pietatis
269 1707 364 1775 ¹uitam
385 1725 442 1777 seu
463 1712 593 1767 mortem
614 1709 732 1786 potius3
762 1713 794 1768 et
815 1714 917 1769 tamen
940 1714 1047 1769 vivunt

124 1791 237 1871 impie,
259 1790 383 1869 sapiunt
407 1790 512 1870 impie,
540 1789 655 1851 docent
673 1792 781 1870 impie,
811 1798 844 1851 ut
864 1791 1003 1853 Psalmus
1028 1794 1043 1854 1

124 1873 211 1935 dicit:
254 1873 367 1935 Beatus
403 1873 450 1933 vir
482 1874 539 1952 qui
572 1893 635 1934 non
667 1874 752 1935 abiit:
796 1873 835 1936 Hi
864 1881 950 1954 sunt,
985 1874 1046 1952 qui,

97 1976 194 2034 *cum
225 1975 349 2017 carnem
381 1957 519 2036 sapiant,
552 1956 661 2019 eadem
691 1959 845 2019 sententia
875 1960 906 2019 in
938 1958 1045 2036 spiritu

123 2046 228 2120 ruunt,
250 2041 312 2101 iam
334 2040 498 2101 carnaliter
519 2040 702 2120 spirituales,
724 2041 754 2103 h.
775 2061 803 2102 e.
825 2040 964 2103 horribili
986 2041 1045 2119 spi·

126 2125 201 2185 ritus
222 2124 327 2204 specie
348 2130 522 2202 pereuntes.
574 2158 578 2169 ι
964 2135 979 2186 ’.

209 2213 236 2281 §.
257 2208 289 2277 4.
330 2205 416 2267 Haec
441 2213 544 2268 autern
570 2206 611 2268 ad
640 2227 714 2286 nos,
746 2205 909 2269 reverendi
939 2213 1045 2284 etop-

124 2292 190 2370 timi
212 2288 389 2351 sacerdotes
418 2288 545 2368 Christi,
573 2291 657 2370 quod
687 2291 838 2370 enirn**)
873 2295 1045 2351 conventus

123 2373 183 2435 hec
213 2374 354 2435 nimirum
384 2374 505 2435 ratione
532 2375 573 2436 sit
602 2376 774 2453 institutus,
807 2381 841 2435 ut
866 2372 1045 2435 sacerdotes

125 2458 327 2534 conveniant,
351 2464 382 2516 et
407 2456 454 2533 hi,
477 2458 528 2536 qui
549 2458 673 2538 populis
696 2464 843 2537 praesunt
863 2464 894 2517 et
915 2456 1044 2516 ministri

123 2540 290 2603 nativitatis
314 2540 403 2599 huius
430 2541 596 2619 spiritualis
624 2549 655 2602 et
675 2540 798 2603 divinae
820 2545 906 2617 sunt,
939 2539 1045 2618 utqui

123 2625 209 2687 verbi
229 2624 363 2684 veritatis
379 2625 476 2684 nuntii
488 2631 567 2704 sunt,
590 2626 669 2687 sicut
685 2624 852 2685 Zachariae
875 2622 1043 2697 dicitureJ:

122 2706 476 2788 AngelusDomini
498 2709 744 2771 exercituum
765 2706 952 2770 sacerdos
975 2713 1044 2784 est,

124 2789 1043 2872 et.deordine***)-eiusrequiremuslegemDei

123 2874 375 2937 etlabiaeins
395 2874 950 2936 custodiantseientiamDei:
971 2890 1044 2933 eon·

123 2959 253 3021 veniunt
272 2964 375 3018 autam
387 2959 417 3019 in
437 2959 602 3036 communi,
624 2965 658 3018 ut
669 2957 834 3021 consulant
843 2956 935 3017 rebus
948 2957 1042 3017 totius

123 3040 212 3103 huius
234 3040 395 3120 ecclesiae,
417 3049 449 3102 et
475 3044 530 3120 (ut
547 3045 678 3116 vocant]
702 3060 759 3121 pro
775 3042 1043 3118 utriusquestatus

123 3123 343 3187 reformatione
370 3124 523 3189 laborant.
565 3124 701 3185 Maxima
727 3130 758 3187 et
782 3125 882 3204 prima
904 3123 1042 3183 omnium

125 3227 198 3282 cura
209 3214 266 3285 est,
282 3210 393 3288 (etque
404 3206 754 3277 utinamflammantibus
766 3205 1044 3286 atquearden-tibus

123 3290 224 3353 verbis
236 3291 267 3357 id
279 3310 405 3372 possem
418 3293 450 3352 in
461 3291 557 3357 corde
568 3297 671 3353 vestra
682 3297 856 3370 pertenere,
879 3308 917 3349 ac
929 3297 963 3351 ut
972 3289 1043 3349 Pro·

123 3375 217 3456 pheta
232 3374 305 3435 dicit
316 3373 343 3451 f)
366 3375 547 3455 grandinem
565 3381 596 3436 et
612 3375 764 3439 carbones
779 3375 870 3455 ignis,
892 3372 1045 3435 carbones

122 3564 314 3702 23,*Ιξοῑξοι16ι
335 3651 425 3689 cerne.
464 3636 512 3703 ⁸7)
535 3635 675 3690 Omissum
697 3632 817 3701 aliquid,
830 3640 857 3687 st
876 3633 977 3702 pendet
996 3634 1043 3686 eti·

123 3723 167 3761 am
192 3712 338 3762 sententie.
383 3712 410 3770 e)
436 3708 498 3762 Mal,
522 3708 547 3763 2.
591 3705 657 3773 m)
688 3706 751 3775 Leg.
776 3721 833 3760 ore.
874 3708 901 3771 s)
927 3705 991 3758 Esa.
1016 3705 1043 3759 6.

123 3781 224 3853 Psalrn.
245 3779 305 3834 126
400 3860 403 3865 Ι
442 3850 444 3855 Ι
559 3856 563 3867 Ι
612 3858 615 3867 Ι
