2356 4200
461 275 491 325 a
505 258 579 324 :tcto
597 258 694 327 habiti.

451 476 727 575 corollarium.
753 450 756 455 Ι

205 595 339 672 Quoties
361 615 421 661 nos
444 598 570 693 proprio
593 578 686 682 sensu
716 595 902 676 percipimus
930 596 1050 663 moveri

132 679 166 741 ad
185 679 386 777 statuendam
402 681 568 760 propriam
603 675 798 759 opinionem,
830 697 899 743 num
933 679 1050 759 gemitu

130 762 271 827 detestari
294 783 355 827 nos
375 781 424 842 ι
426 782 462 825 os
484 761 630 827 debemus
652 768 684 822 et
705 767 842 823 nostram
858 759 974 827 deflere
994 762 1049 823 mi-

127 848 244 909 seriam.
289 845 372 921 eria
403 847 522 913 scilicet
554 844 702 906 horribile
732 851 781 907 est
810 845 842 905 in
874 843 1048 941 Christiano

127 931 257 993 inveniri
280 928 467 997 stimulum'
457 948 485 993 rs
487 935 549 991 tum
571 928 694 1007 mortis,
726 946 786 1006 qno
809 927 964 999 Dominus¹
983 927 1049 989 eius

125 1011 263 1081 Christus
284 1018 472 1093 par-punctus
493 1017 558 1091 est,
587 1017 618 1073 et
639 1011 743 1072 vivere
765 1028 803 1073 ac
823 1009 956 1071 militare
977 1028 1049 1071 oon-

123 1103 169 1159 tra
187 1096 361 1163 Dominum
392 1114 496 1190 snum,
530 1095 582 1174 <tui
614 1112 671 1174 pro
699 1093 833 1155 Domino
866 1111 922 1155 sno
955 1093 1048 1155 etiam

123 1179 200 1243 mori
235 1177 372 1243 deberat·
395 1178 481 1238 omni
512 1178 624 1241 militia
655 1176 864 1239 strenuissime
894 1195 1047 1259 pugnans

123 1261 282 1328 Habemus
303 1262 408 1339 itaque
430 1279 553 1340 semper
573 1261 605 1323 in
626 1259 717 1323 nobis
740 1259 843 1339 magni
865 1259 964 1321 luctus
986 1277 1049 1321 nra·

125 1346 235 1407 teriam
259 1351 292 1404 et
312 1342 502 1405 humillimae
523 1343 727 1439 confessionis
739 1343 947 1422 occasionem,
968 1339 1052 1420 quod

125 1427 247 1491 scilicet
278 1427 489 1522 generationis
528 1427 555 1485 is
556 1427 614 1489 tius
650 1425 861 1487 interfectricis
901 1427 1050 1491 iustorum

124 1517 254 1573 muenia
277 1509 408 1569 iacula
399 1529 430 1569 ιιι
453 1509 738 1588 nobispercipimus
759 1507 860 1569 adhuc
878 1526 1050 1603 superesse,
1110 1512 1112 1517 '

122 1599 253 1674 propter
283 1611 365 1671 quae
394 1593 453 1653 nisi
482 1590 716 1653 doleamuaet-
685 1596 911 1733 t3gemamus,
937 1590 1047 1653 merito

123 1695 215 1756 anper
236 1694 298 1737 nos
319 1675 424 1737 veniet
451 1676 551 1737 omnis
573 1674 697 1755 sangnis
720 1674 829 1739 iustus,
863 1675 914 1753 qni
934 1672 1049 1737 effusus

123 1767 186 1838 est,
207 1764 270 1845 eta.

409 1890 601 1953 Doctrina
621 1888 763 1952 Tertia.

202 2010 247 2071 Its
268 2009 396 2071 silleus
411 2010 560 2090 imposuit
578 2007 666 2071 nobis
688 2007 892 2088 impossibilia
913 2013 944 2071 et
956 2025 1049 2165 roger

1017 2111 1048 2150 ur

122 2095 266 2155 virtutem
277 2101 426 2172 nostram,
444 2100 622 2155 nontamen
635 2091 686 2152 hic
700 2092 779 2151 nllus
792 2097 963 2155 excusatur.
1039 2090 1046 2104 '

122 2184 309 2254 seexcusat,
332 2177 481 2238 maiorem
493 2176 619 2237 incurrit
638 2174 878 2243 accusationem.
912 2173 1047 2235 Primum

123 2267 229 2340 patet,¹
247 2260 321 2338 quia
342 2258 509 2321 invisibilia
529 2259 690 2339 proponit,
718 2258 748 2317 in
772 2257 881 2335 quibus
903 2275 961 2319 nos
983 2256 1048 2317 vult

123 2343 248 2421 salvari,
271 2361 352 2420 qnae
373 2342 527 2422 sapientia
548 2342 648 2403 carnis
670 2359 733 2401 non
755 2345 859 2420 potest
874 2340 1048 2417 aestimare,

122 2427 195 2504 qnia
228 2445 294 2487 non
327 2425 419 2504 capit
461 2424 589 2504 insuper
618 2424 689 2503 quia
716 2424 768 2484 lex
797 2422 962 2518 spiritualis
990 2429 1048 2500 est,

123 2508 283 2590 sapientia
300 2517 353 2568 aut
354 2526 403 2569 em
425 2506 525 2571 carnis
546 2507 688 2585 cornalis',
710 2525 773 2567 non
785 2512 890 2586 potest
909 2507 941 2565 in
963 2504 1048 2566 illam

123 2599 156 2653 nt
175 2591 316 2671 impleat.
360 2589 410 2651 sio
437 2591 481 2651 ait
507 2591 666 2671 apostolus
687 2588 726 2655 ad
748 2590 838 2651 Rom
860 2592 894 2655 6:
915 2588 1048 2652 Pruden-

122 2676 165 2735 tia
184 2674 290 2735 carnis
312 2692 395 2735 mors
417 2681 475 2753 est,
495 2675 654 2738 nonenim
670 2671 965 2751 estsnbisctaDao,
989 2691 1047 2733 neo

122 2758 205 2818 eninr
227 2762 345 2836 potest.
374 2756 461 2820 ,Ideo
484 2758 660 2817 sumsimus
682 2754 832 2832 carnales,
854 2754 1047 2834 impossibile

123 2847 170 2901 eat
189 2838 284 2901 nobis
305 2839 407 2920 legem
429 2839 557 2920 implere
571 2840 619 2920 ⁹⁴),
644 2839 698 2899 sed
731 2839 815 2899 solus
838 2837 974 2899 Christus
996 2856 1046 2899 ve

123 2924 260 2983 niteam
283 2922 423 3002 implere,
445 2941 537 3001 qnam
558 2942 616 2983 nos
639 2942 701 2983 non
724 2939 887 3001 possumus
910 2921 968 2981 nisi
986 2920 1045 2980 sol-

123 3025 205 3069 vere.
248 3005 330 3067 Nam
351 3004 434 3086 quod
457 3013 523 3067 erat.
543 3004 736 3086 impossibile
756 3004 834 3084 legi,
858 3005 901 3071 ait
907 3009 1045 3099 aposto-

123 3088 211 3168 lus,
202 3109 236 3149 ιιι
258 3107 320 3167 quo
344 3087 560 3166 inquinnbatur
580 3108 635 3168 per
657 3107 791 3165 omnem,
818 3105 891 3149 ecce
904 3087 1045 3166 impossi-

123 3171 193 3233 bilis
215 3178 264 3233 est
283 3171 338 3233 lex
359 3178 485 3251 propter
506 3189 641 3233 carnem.
682 3172 891 3233 Veruntamen
907 3169 1045 3231 Christus

124 3255 336 3335 impletionem
351 3273 439 3316 snam
451 3254 540 3316 nobis
553 3255 697 3334 impertit,
715 3252 786 3315 dum
801 3253 946 3333 seipsum
958 3252 1044 3332 galli-

124 3357 195 3398 nam
217 3357 253 3397 se
273 3335 365 3399 nobis
386 3337 521 3414 exhibet,
544 3344 577 3399 nt
598 3336 653 3401 sub
675 3337 781 3401 alns
753 3355 819 3399 erus
832 3336 1044 3415 confugiamus

125 3429 221 3501 etper
234 3420 301 3482 eins
312 3420 526 3500 impletionem
537 3440 594 3481 nos
606 3438 730 3500 qnoque
743 3419 846 3499 legem
852 3419 1043 3499 impleamus.

127 3503 262 3564 Odnlcis
275 3503 405 3583 gallina!
429 3503 455 3567 0
471 3502 579 3567 beatos
593 3504 695 3584 pullos
717 3503 805 3567 huius
819 3501 968 3582 gallinae!
992 3500 1044 3568 Se-

180 3766 211 3836 ⁴)
231 3767 352 3821 Pulchra
369 3768 510 3821 confessio
530 3767 654 3821 veritatis
672 3767 701 3819 in
721 3726 814 3821 medio
829 3767 968 3841 papiano.
