2356 4200
427 321 454 364 e·
470 306 541 365 1517
559 305 656 363 habia
950 300 1022 374 218⁴

90 475 180 552 dum,
211 475 284 556 quia
314 474 390 537 nihil
418 475 524 537 ve'rum
551 477 730 556 advertunt,
758 475 812 538 sed
840 476 881 539 hi.
900 477 1021 540 eximia

91 560 212 621 virtutis
245 561 351 640 specis
382 560 562 637 elucentes,
603 560 657 623 sed
688 560 893 622 secretissime
923 559 1016 623 suffo-

91 643 222 704 catrices
245 645 359 723 spinas,
381 643 400 705 i.
424 663 449 706 e.
475 644 521 703 sui
543 642 733 722 affectiones,
755 662 818 704 non
840 643 1015 717 advertunt

90 727 139 787 De
162 744 223 804 qua
241 725 312 786 vide
333 725 482 788 latissime
505 727 742 807 sermonesvfere
755 725 877 789 Taulsri
896 745 1017 806 omncs,

93 810 146 888 qui
168 809 251 870 hunc
270 809 499 890 hypocritarum
523 809 675 871 defectum
702 818 734 871 et
755 809 924 870 clarissime
944 827 1016 891 ocg-

91 893 181 953 novit
208 898 240 952 ct
271 893 483 972 copiosissime
511 894 677 955 insectatus
706 897 761 954 est.
798 890 883 954 'Non
912 897 1017 961 tamen

91 974 286 1056 negandum,
324 976 406 1056 quod
430 976 542 1037 hocin
564 977 660 1056 gradu
684 977 776 1037 ctiam
797 975 951 1037 seculares
971 973 1016 1039 di·

92 1059 172 1119 vites
194 1058 255 1118 sint
277 1059 459 1139 quicunque,
483 1060 533 1139 qui
557 1059 676 1121 duobus
699 1060 814 1121 servire
835 1057 942 1120 volunt
963 1056 1016 1121 dm

94 1142 205 1220 minis,
226 1140 281 1201 sed
302 1142 426 1223 proprie
447 1144 524 1202 istos
547 1144 690 1222 spinosos
713 1143 855 1222 designat
875 1141 1017 1222 hypocri-

94 1231 152 1303 tas,
175 1225 227 1304 qui
248 1225 428 1305 ignoranter
449 1224 646 1304 suffocantur,
669 1245 727 1286 neo
749 1244 819 1286 suas
842 1223 1019 1305 intelligunt

92 1326 209 1368 sinas.

108 1327 129 1388 p
178 1389 326 1464 Quartum
348 1391 452 1471 itaque
473 1411 572 1472 genus
594 1395 735 1451 estterra
748 1390 832 1452 bona
846 1396 878 1451 ct
891 1390 1018 1470 optimc.

93 1473 231 1534 Graecus
253 1493 315 1534 non
333 1473 426 1535 habet
442 1476 568 1555 optima,
591 1473 645 1533 sed
666 1467 702 1538 ἕν
723 1471 844 1559 καρδίᾳ
856 1473 938 1560 καλιῇ
960 1474 1019 1537 καὶ

92 1552 220 1644 ἀγαθῇ,
242 1559 261 1618 i.
278 1558 347 1617 ein
362 1557 456 1618 corde
480 1557 611 1618 honesto
634 1564 665 1617 et
687 1555 780 1632 bono,
803 1554 902 1630 καλός
925 1555 1017 1634 enim,

93 1638 177 1718 quod
205 1639 255 1700 hio
276 1639 390 1701 bonum
414 1641 630 1720 interpretatus
651 1646 711 1712 est,
743 1639 924 1717 honestum,
952 1637 1018 1718 pul·

93 1723 215 1800 chrum,
253 1721 368 1784 bonum
403 1721 571 1805 significat,
608 1723 637 1783 lr.
662 1743 688 1784 e.
712 1729 744 1782 ut
765 1723 861 1782 Divus
887 1721 1017 1800 August.

93 1805 145 1868 tib.
176 1805 212 1865 ll.
246 1814 354 1866 contra
382 1806 586 1867 Academicos
615 1806 759 1886 exponit,
787 1805 855 1884 ipsa
885 1805 1019 1865 exterior

94 1886 261 1949 mundities
285 1888 473 1970 elegansque
501 1891 545 1950 rei
572 1889 751 1969 adspectus,
774 1907 828 1948 seu
856 1885 956 1948 forma
987 1894 1019 1946 et

93 1974 226 2051 species.
269 1972 364 2053 Igitur
386 1991 439 2032 cor
462 1971 621 2053 pulchrum
645 1978 676 2032 et
697 1970 811 2032 bonum
836 1976 899 2049 est,
933 1969 1018 2029 ouius

93 2055 168 2115 loris
198 2059 229 2115 et
255 2055 337 2116 intus
364 2055 480 2116 idonea
508 2055 547 2116 ad
576 2073 681 2116 verum
710 2061 757 2115 est
785 2059 909 2113 natura:
947 2071 1019 2112 nam

93 2137 260 2198 honestum
290 2144 394 2218 potest
426 2144 456 2199 et
491 2139 572 2199 intus
605 2137 729 2198 foedum
762 2135 885 2199 habere.
944 2133 1043 2196 ldeo‘

95 2218 181 2280 addit
213 2220 330 2281 bonum
363 2227 394 2282 et
427 2222 600 2282 honestum.
654 2221 692 2280 Hi
727 2224 796 2279 sunt
826 2219 936 2299 igitur,
969 2217 1020 2362 qui

95 2303 180 2363 nudo
204 2310 235 2362 et
256 2303 323 2364 solo
347 2310 476 2384 totoque
499 2303 592 2364 corde
620 2303 715 2364 verbo
746 2301 898 2378 serviunt,
929 2298 1020 2361 uulis

95 2383 235 2466 impediti
258 2384 426 2465 affectibus,
449 2386 544 2447 libere
565 2386 785 2448 fructificantes
807 2386 838 2444 in
860 2384 1021 2464 patientia,

96 2469 169 2548 quia
199 2488 327 2529 necesse
355 2476 417 2547 est,
454 2477 487 2530 ut
513 2468 586 2530 boni
614 2471 768 2550 patiantur
798 2467 925 2528 multa‘
945 2466 1020 2527 ldeo

96 2551 225 2612 secundi
255 2560 397 2612 crescunt
425 2560 456 2612 ct
488 2554 566 2613 tertii
602 2551 805 2630 suffocantur,
839 2546 929 2630 primi
964 2567 1023 2619 neo

95 2633 212 2694 audent
231 2635 383 2715 incipere,
407 2634 475 2696 sola
495 2637 645 2715 patientia
666 2634 842 2696 necessaria
870 2639 925 2694 est.
964 2630 1022 2705 Hic

94 2719 157 2778 iam
187 2717 395 2783 memoralibis
424 2717 478 2778 illa
506 2726 681 2778 sanctorum
711 2715 872 2777 referenda
902 2721 949 2776 est
980 2712 1022 2775 di-

95 2801 220 2861 stinctio
245 2799 401 2860 defructu
423 2802 590 2881 trigesimo,
614 2801 820 2881 sexagesimo,
844 2798 1023 2876 centesimO,

95 2882 180 2962 quod
200 2883 251 2942 alii
271 2879 499 2964 &vangelistam
532 2884 719 2961 Matthaeus,
753 2882 872 2942 Marcus
895 2885 1024 2962 ponunt.

95 2966 292 3027 Centesimus
329 2967 526 3047 virginitatis,
561 2967 772 3048 sexagesimus
807 2963 1025 3041 continentiae,

96 3049 272 3129 trigesimus
303 3050 437 3128 coniugii
471 3051 641 3110 castitatem
674 3047 835 3130 significat.
885 3045 926 3106 Et
952 3064 1025 3121 vere

96 3133 191 3192 totius
213 3132 366 3212 evangelii
388 3133 483 3192 virtus
507 3138 554 3193 est
576 3133 710 3192 castitas.
741 3128 820 3205 Quid
841 3130 922 3190 enim
942 3126 1024 3188 aliud

95 3214 252 3294 quaeritur
273 3234 328 3293 per
350 3214 485 3292 verbum,
509 3216 566 3274 nisi
589 3214 784 3275 mortificatio
808 3212 939 3272 carnis?
970 3211 1026 3271 Oui

96 3299 163 3357 sine
187 3296 279 3356 dubio
304 3316 410 3357 omnes
433 3300 560 3369 virtutes
588 3300 727 3375 (mortua
747 3296 851 3356 radice
872 3293 1023 3369 lrbrdrms)

98 3379 279 3439 adhaerent.
338 3379 419 3440 Nihil
450 3381 530 3440 enim
561 3381 733 3460 expeditius
762 3385 809 3440 est
835 3377 1026 3438 adomnem
1113 3450 1116 3453 Α

99 3464 245 3522 virtutem
275 3465 432 3539 castitate,
461 3463 535 3523 nihil
565 3471 665 3524 autem
696 3462 871 3543 impeditius
894 3459 1029 3538 libidine,

99 3565 173 3606 nam
196 3564 275 3624 quae
299 3565 391 3605 carne
410 3546 544 3606 calcatur
566 3547 708 3627 propria,
739 3544 812 3624 quid
834 3543 1029 3624 sperandum,
1075 3609 1078 3614 ,

99 3627 184 3706 quod
207 3631 238 3688 in
261 3627 364 3688 aliena
386 3648 477 3690 carne
501 3629 549 3689 vel
573 3631 679 3709 spiritu
701 3647 846 3708 magnum
873 3625 1027 3707 praestet?

98 3713 196 3772 Recte
219 3730 294 3792 ergo
318 3717 390 3773 ante
413 3731 504 3772 omne
527 3714 667 3772 meritum
689 3717 716 3771 et
737 3730 814 3791 opus
832 3730 887 3771 seu
904 3710 1028 3770 fructus.

95 3795 230 3854 Primum
264 3795 351 3874 ipsae
385 3814 539 3875 personae
571 3795 808 3877 distinguuntur.
856 3793 1030 3876 virgiuum·
