2356 4200
134 259 176 329 82
459 266 608 320 Sermones
626 264 738 320 Lutheri

135 440 212 515 gant
233 454 267 495 se
289 435 402 516 dicere,
425 435 508 516 quod
531 437 665 496 maxime
687 436 801 514 dicunt,
822 441 855 496 et
874 439 1000 514 negant,
1022 453 1056 495 sc

135 537 174 578 eo
196 518 291 579 modo
313 518 432 599 dicere,
459 538 520 599 quo
543 526 646 580 tamen
669 519 782 580 dicunt.
825 519 895 580 Non
918 536 974 577 eos
995 517 1056 578 hoc

135 602 308 681 excusabit,
342 604 413 681 quia
440 603 585 682 disponet
613 605 709 662 iustus
741 620 899 662 sermones
926 618 999 660 suos
1022 601 1054 660 in

134 683 258 746 iudicio.
301 685 423 764 Videat,
445 705 505 764 quo
520 686 657 747 motivo?
679 705 740 764 qua
757 683 963 745 necessitate?
984 683 1054 742 cui?

134 768 315 845 quomodo?
348 777 379 829 et
407 771 474 847 quis
500 769 604 829 dicat?
647 768 679 830 Si
701 770 783 828 enim
805 768 905 829 solum
927 786 967 825 ex
988 767 1053 826 otio

133 858 186 910 aut
204 850 393 912 abundantia
409 852 511 912 cordis
528 851 589 913 hoc
605 853 677 932 agit,
700 857 810 911 caveat
830 851 887 912 sibi
907 869 946 909 ne
967 850 1055 909 iuxta

133 933 332 1012 proverbium
342 956 356 993 :.
390 935 458 997 §Dan
480 935 578 1011 tentet
600 938 667 997 tibet
687 937 756 1013 leina
776 934 871 1009 ittae
891 934 1003 1011 mallet,
1026 951 1054 995 ιι

40 1033 42 1043 ·
132 1018 411 1095 inmutandum
433 1020 453 1080 i.
477 1037 504 1078 e
527 1019 578 1096 qui
602 1023 750 1077 extenuat
771 1037 858 1076 suurn
881 1021 1053 1095 pecodum,

132 1107 163 1159 et
186 1108 313 1160 excusat
335 1103 419 1160 sein
442 1103 588 1180 peccatis,
610 1100 751 1180 attingit
775 1100 833 1160 sibi
856 1098 1052 1159 daemonium

133 1182 390 1243 meridianumet
378 1185 553 1280 tangelum
576 1184 667 1261 lucis,
701 1182 838 1263 sibiipsi
857 1182 948 1258 facit,
973 1199 1054 1261 cum,

133 1267 253 1325 etiamsi
265 1285 389 1327 omnem
407 1266 597 1346 diligentiam
620 1266 779 1327 adhiberet
767 1273 832 1326 tet
853 1265 965 1343 ubique
988 1282 1053 1324 cru-

133 1366 199 1408 cem
222 1351 364 1430 pingeret
386 1355 427 1409 et
456 1369 578 1429 semper
605 1351 635 1408 iu
658 1351 769 1409 timore
790 1349 915 1409 Domini
936 1346 1054 1407 diceret

132 1438 163 1490 et
184 1439 308 1511 ageret,
341 1434 394 1491 vix
416 1433 560 1512 angelum
582 1439 716 1493 satanae
731 1432 860 1492 translat
848 1439 913 1490 tum
935 1429 1049 1510 effuge-

130 1521 186 1575 ret.
230 1516 279 1574 An
301 1515 492 1595 putasnele
494 1517 567 1575 tiam
583 1515 733 1575 Dominus
751 1534 856 1575 eoram
868 1514 1051 1591 Hannapo·

130 1598 240 1658 tuisset
261 1598 300 1657 de
322 1598 479 1678 discipulis
502 1600 563 1658 suis
585 1601 628 1659 ita
596 1598 752 1659 tdicerc
775 1605 807 1657 ct
827 1597 936 1657 melius
959 1615 1050 1675 quam

130 1686 179 1759 tu,
208 1689 238 1740 et
264 1691 367 1741 tamen
395 1683 489 1742 tacuit
511 1683 602 1741 etiam
626 1683 798 1760 quaesitus,
823 1687 856 1739 tu
883 1687 987 1740 autem
1009 1679 1051 1739 ef·

129 1763 231 1823 fundis
263 1766 354 1825 etiam
388 1784 450 1824 uon
484 1766 699 1845 interrogatus.
750 1764 811 1823 Alii
839 1762 896 1823 sibi
926 1764 957 1822 in
990 1762 1052 1822 hoc

130 1846 289 1926 plaudunt,
313 1847 394 1926 quod
418 1847 523 1907 dicunt
545 1868 578 1908 se
601 1849 762 1908 veritatem
785 1846 897 1906 dicere.
941 1845 1002 1907 Sed
1025 1846 1050 1904 si

130 1931 230 1989 omnis
264 1932 376 1991 veritas
409 1930 540 1991 dicenda
572 1938 638 2010 est,
672 1949 726 1990 cur
757 1948 820 1990 uon
854 1927 1050 1989 confessores

130 2011 342 2073 confitentium
371 2021 501 2092 peccata
526 2013 705 2093 publicant?
747 2013 789 2073 Et
816 2031 911 2092 quare
933 2030 996 2071 non
1018 2017 1052 2071 st

129 2101 182 2154 tua
202 2097 326 2175 publice
348 2096 500 2175 loqueris,
535 2116 603 2157 cum
626 2105 657 2157 et
678 2098 746 2175 ipsa
767 2115 840 2157 vere
862 2094 943 2154 sint?
987 2094 1050 2155 Sic

129 2197 168 2238 ne
191 2179 292 2260 diligis
314 2181 487 2258 proximum
511 2181 590 2241 sicut
612 2179 786 2259 teipsum?
814 2179 889 2237 Eius
911 2176 1049 2237 delectus

130 2262 228 2339 (quod
250 2264 363 2322 veritas
385 2268 449 2338 est)
478 2270 568 2342 putas
589 2282 651 2323 non
675 2269 819 2341 oportere
840 2261 949 2339 taceri,
978 2267 1048 2320 tuos

128 2350 230 2404 autem
244 2352 334 2424 putas
347 2353 500 2425 oportere.
544 2346 623 2407 Vide
636 2363 727 2424 quam
750 2344 876 2424 pulchre
898 2350 928 2403 te
949 2344 1050 2422 ipsum

128 2428 333 2506 condemnas,
356 2436 387 2489 et
408 2430 520 2508 probas
543 2436 573 2489 tc
595 2436 703 2489 eontra
724 2428 902 2487 mandatum
924 2427 1049 2487 Domini

128 2530 230 2590 agere.
274 2511 316 2571 0!
346 2512 528 2572 maledictae
549 2513 599 2571 isti
621 2512 745 2592 linguae
767 2530 830 2570 non
853 2509 967 2570 suffieit
955 2516 1050 2569 ιιιιι

128 2593 190 2652 lum
213 2611 326 2674 agere,
358 2597 417 2655 nisi
438 2597 531 2656 etiam
552 2597 616 2655 laet
603 2602 713 2655 t.entur
756 2593 923 2654 Nonneet
911 2600 1049 2653 tucrum

128 2676 183 2736 iirit
211 2677 378 2758 discipulos
405 2678 579 2739 aDomino
611 2677 814 2758 fugisseiet
782 2683 948 2737 stamen
982 2676 1048 2754 ipse

125 2761 237 2838 tacuit,
211 2760 415 2820 tlarvaut
403 2761 507 2856 qtuid
531 2760 586 2821 tibi
607 2761 730 2841 palpat,
760 2759 799 2819 ad
832 2758 942 2838 perdit
934 2777 1049 2835 ionem,

128 2842 180 2902 dat
169 2850 219 2903 tae
235 2861 310 2924 ergo
325 2844 504 2904 Ecclesiast
484 2851 561 2904 ticus
576 2844 624 2922 *),
639 2843 748 2903 audiat
728 2850 749 2903 ι
762 2841 888 2920 verbum
902 2842 1049 2901 adversus

127 2927 300 3005 proximum
318 2933 402 2987 tuum
421 2928 640 2987 commoriatur
659 2928 690 2985 in
704 2932 745 3004 te,
769 2927 880 3003 sciens,
902 2924 1048 3004 quoniam

126 3015 158 3069 te
179 3028 242 3070 non
275 3010 459 3089 disrumpet,
496 3011 520 3070 si
547 3009 665 3089 vidisti,
701 3010 833 3070 sensisti.
876 3007 923 3067 llli
945 3013 1048 3066 autem

126 3110 189 3151 non
208 3094 261 3171 sic,
285 3094 358 3174 quia
372 3092 523 3172 putebant
544 3111 579 3152 se
593 3093 702 3171 rumpi,
726 3093 751 3152 si
773 3110 840 3151 non
858 3096 1049 3151 evomerent.

126 3174 246 3235 Deinde
270 3176 343 3235 dicit
363 3175 482 3253 Moses,
512 3175 596 3254 quod
617 3177 729 3235 iustum
752 3181 815 3254 est,
844 3174 931 3233 iustis
960 3190 1048 3232 exse

127 3276 237 3336 quere,
263 3261 306 3318 ita
328 3259 537 3337 qucd'verum
559 3265 606 3319 est
626 3277 700 3319 vere
722 3257 823 3335 dicas,
855 3254 938 3334 quod
961 3273 1047 3314 sanc·

125 3347 189 3400 tum
213 3347 399 3420 est,.scncte
419 3343 541 3420 recites,
563 3341 700 3420 alioquin
715 3340 813 3420 magis
828 3357 951 3418 peccas,
976 3338 1048 3398 dum

126 3425 285 3484 veritatem
299 3423 377 3484 false
392 3443 507 3504 narras,
530 3426 609 3484 sicut
621 3425 718 3505 magis
732 3429 873 3502 peccant,
895 3423 947 3500 qui
961 3439 1047 3480 sanc

125 3512 188 3566 tum
211 3506 340 3586 profane
360 3514 508 3586 tractant,
533 3514 564 3568 et
583 3509 730 3567 iustitiam
752 3507 865 3565 iniuste
888 3509 1045 3580 exercent,

125 3592 197 3669 quie
227 3590 345 3649 iustitia
373 3598 404 3650 et
431 3591 575 3651 iudicium
607 3591 801 3670 praeparatio
837 3587 970 3648 foederis
993 3587 1047 3665 tui,

179 3778 210 3846 ¹¹)
230 3762 398 3832 Sensnnhi'e
417 3779 514 3833 delicit.
