2356 4200
123 240 144 307 8
485 245 621 298 Praelatio

125 413 244 493 optavit
265 411 469 473 rmiversalem
490 412 636 474 librorum
665 431 790 473 suorum
809 414 982 492 interitum,
1014 420 1043 472 et

125 502 196 556 vota
219 495 304 572 leoit,
327 502 360 555 nt
382 513 490 555 omnes
511 495 651 556 homines
674 496 813 575 legerent
841 499 956 577 seripta
976 514 1043 578 pro·

124 579 248 660 phetioa
269 583 300 638 et
321 579 510 659 apostoliea,
542 587 634 658 atque
658 598 698 639 ex
720 579 765 653 his
789 588 934 659 tanquam
956 580 1042 642 fonti-

125 661 181 723 bus
203 680 303 741 aquae
324 662 423 740 vivae,
446 661 485 722 ad
508 681 586 741 quos
606 661 825 741 repurgandos
842 670 958 724 tantum
978 669 1043 722 stu-

125 743 208 805 dium
231 751 409 823 tantamque
432 764 557 826 operam
581 745 718 821 eontulit,
741 765 845 805 veram
858 747 916 807 Dei
938 745 1043 825 agniti-

126 847 217 891 onem
242 835 272 888 et
293 828 523 888 invocationem
547 829 716 888 haurirent:
745 834 847 890 tamen
870 832 967 908 major
991 849 1044 889 no-

125 911 172 973 bis
194 911 272 973 ratio
295 910 439 972 habenda
460 918 517 989 est,
539 912 611 990 quid
634 911 785 971 eoelesiao
807 911 916 973 Christi
937 932 1045 973 nenes-

126 995 238 1055 sarium
263 999 294 1054 et
315 994 449 1055 salutare
472 996 527 1069 sit,
561 1015 652 1074 quarn
680 995 752 1073 quid
781 1003 889 1058 auotor
917 996 984 1074 ipse
1006 995 1045 1056 de

126 1078 189 1138 suis
220 1076 376 1139 laboribus
406 1077 547 1138 modeste
579 1078 729 1139 iudicarit.
772 1078 840 1139 Hoo
867 1079 949 1139 enim
981 1098 1044 1140 non

126 1161 268 1223 dubitans
290 1160 474 1221 confirmare
495 1181 637 1240 possum,
660 1163 814 1222 neminem
841 1161 935 1231 fuisse
955 1162 1045 1222 inter-

126 1251 245 1326 pretem
268 1263 307 1303 ex
330 1243 487 1322 omnibus,
519 1263 647 1323 quorum
678 1253 802 1306 exstant
821 1245 944 1322 literae,
974 1253 1046 1325 post

126 1327 298 1408 apostolos,
321 1329 372 1407 qui
394 1334 480 1389 tanta
496 1328 564 1389 lune
587 1336 618 1389 et
640 1326 750 1390 ardore
771 1327 893 1407 spiritus
915 1329 1046 1408 prophe-

126 1412 205 1472 tioos
228 1416 259 1470 et
279 1411 470 1490 apostolicos
484 1410 577 1472 libros
599 1411 765 1487 illustrarit,
787 1417 818 1470 et
833 1431 941 1473 omnes
963 1411 1046 1473 lana-

127 1495 206 1556 tioos
236 1513 372 1573 errores,
402 1495 611 1574 imprimisque
634 1495 715 1555 huno
742 1495 986 1573 antiquissimum
1016 1504 1047 1556 et

126 1584 325 1658 postremum,
349 1577 431 1639 addo
447 1579 538 1638 etiam
553 1579 720 1658 pessimum
735 1596 773 1637 ae
783 1579 1046 1656 nonantisaimum,

127 1659 209 1740 quod
222 1659 366 1722 videlieet
377 1661 480 1722 Bona
493 1661 616 1741 Opera
628 1660 683 1721 Ad
693 1660 858 1720 Salutem
873 1663 1049 1723 necessaria

129 1744 200 1822 sint,
213 1743 308 1804 verbo
321 1745 380 1806 Dei
397 1750 459 1804 tam
472 1743 631 1804 evidenter
643 1744 781 1804 refutarit
790 1749 883 1823 atque
895 1747 1048 1807 everterit.

210 1821 318 1905 Neque
340 1846 413 1888 vero
443 1826 475 1886 id
497 1827 596 1888 solum
626 1827 792 1907 praestitit,
814 1827 868 1887 sed
891 1828 984 1887 etiam
1008 1828 1047 1889 de

129 1909 258 1989 singulis
293 1909 452 1972 doetrinae
485 1910 669 1971 christianae
703 1908 853 1990 oapitibus
886 1911 1047 1972 eeclesiam

129 1992 302 2055 salutariter
329 1993 475 2064 erudivit,
508 2001 538 2054 et
559 1992 691 2073 quadam
719 1993 844 2054 exoelsa
874 1995 1048 2055 constantia

129 2077 263 2136 nativam
287 2078 471 2138 sententiam
501 2077 539 2137 de
568 2077 719 2156 baptismo
748 2083 779 2136 et
800 2076 838 2136 de
867 2095 966 2137 onena
987 2078 1048 2139 Do·

129 2159 203 2219 mini
230 2159 377 2221 adversus
404 2160 615 2240 anabaptistae
645 2167 677 2219 et
698 2159 878 2240 Oinglianos
913 2161 956 2220 ita
980 2181 1048 2240 pro-

129 2243 287 2323 pugnavit,
310 2251 342 2303 ut
364 2263 455 2304 nemo
477 2245 526 2321 sit,
547 2262 638 2322 quern
660 2243 689 2303 ei
709 2244 740 2304 iu
763 2242 823 2303 hoo
849 2262 963 2322 genere
985 2263 1048 2305 non

129 2325 198 2386 dieo
211 2333 410 2406 anteponere,
428 2326 481 2387 sed
496 2327 635 2386 conferre
649 2336 680 2386 et
691 2345 871 2405 comparare
882 2328 1047 2406 possimus.

211 2408 334 2484 Quanto
357 2410 449 2489 igitur
471 2429 539 2469 num
555 2409 654 2470 fruntu
675 2408 744 2469 libri
757 2409 932 2470 Reverendi
954 2411 1049 2490 patris

128 2492 218 2553 Doot.
231 2492 352 2553 Martini
363 2492 486 2553 Lutberi
506 2493 569 2573 legi
592 2493 721 2572 possint,
745 2494 826 2553 malo
851 2513 1049 2572 unumquem-

128 2593 188 2656 que
210 2595 251 2636 ex
271 2576 340 2656 ipsa
360 2576 507 2655 leetione,
536 2595 627 2654 quam
651 2595 690 2634 ex
712 2576 788 2635 meis
815 2576 911 2636 literis
934 2596 1049 2656 eogno-

128 2678 224 2735 soere,
247 2661 426 2738 praesertim
439 2678 507 2720 oum
522 2679 604 2733 vera,
627 2678 689 2719 non
702 2658 804 2718 fucata
820 2658 968 2719 artificum
988 2660 1049 2720 lau-

128 2741 214 2803 datio
235 2742 267 2801 in
289 2742 363 2822 ipsis
387 2741 531 2822 operibus
562 2746 663 2803 exstet
684 2747 776 2819 atque
800 2743 942 2804 emineat.
987 2744 1049 2803 Res

129 2825 212 2887 eriim
234 2825 385 2903 ostendit,
414 2830 486 2886 ante
506 2825 651 2885 Doctoris
672 2823 795 2885 Lutheri
823 2832 956 2886 aetatem
986 2835 1049 2886 tan-

130 2913 177 2969 tas
199 2909 229 2968 in
253 2909 539 2969 ecclesiatenebras
561 2908 664 2985 luisse,
688 2915 721 2968 ut
741 2926 800 2968 neo
814 2907 969 2987 doctores,
991 2929 1051 2969 nee

129 2989 270 3070 disoipuli
287 2996 370 3052 certo
395 2992 518 3069 seirent,
537 2989 694 3069 quomodo
718 2990 806 3051 detur
817 2992 958 3052 remissio
980 3011 1050 3072 peo

130 3079 286 3151 natorum,
317 3081 348 3135 et
375 3075 508 3135 sooietas
538 3075 619 3134 vitae
648 3072 793 3134 eoelestis
816 3093 854 3135 an
875 3075 1050 3154 perbeatae.

130 3156 232 3233 Quare
254 3176 322 3217 oum
351 3157 454 3217 miseri
478 3157 619 3217 homines
647 3157 678 3216 in
708 3177 828 3218 summo
858 3178 961 3219 errore
986 3178 1051 3218 ver-

130 3247 269 3303 sarentur
297 3247 388 3319 atque
417 3241 448 3299 in
478 3241 677 3300 maximarum
710 3261 811 3301 rerum
844 3242 1049 3322 ignoratione,

128 3325 233 3384 variae
255 3343 292 3384 ao
314 3323 454 3383 diversae
476 3324 544 3383 viae
567 3324 726 3404 quaesitae
739 3332 819 3398 eunt,
842 3326 991 3386 ducentes
1011 3326 1050 3386 ad

129 3414 243 3469 metam
272 3415 418 3467 aeternae
448 3406 564 3467 salutis.
607 3407 686 3468 Nam
714 3408 766 3469 alii
794 3409 824 3469 in
852 3408 1050 3469 solitudinem

130 3490 351 3566 discesserunt,
382 3489 433 3548 alii
456 3491 536 3551 votis
560 3492 738 3552 monasticis
767 3511 838 3552 sese
865 3491 1050 3572 obligarunt,

130 3573 254 3653 quidam
296 3572 481 3652 longinquas
525 3575 789 3654 peregrinationes
839 3582 1050 3656 suseeperunt,

129 3656 269 3717 nonnulli
310 3655 444 3736 collegia
483 3656 722 3718 sacrificulorum
763 3664 794 3719 et
828 3658 1051 3721 monachorum

130 3740 272 3801 maximis
302 3738 472 3819 sumptibus
505 3742 714 3820 instituerunt,
748 3747 780 3801 ut
811 3741 859 3801 his
887 3742 989 3802 arduis
1021 3749 1052 3802 et
