2356 4200
417 284 535 375 ertit
549 290 650 374 lata:
942 314 1005 383 rae

80 505 142 566 quc
164 482 233 549 viro
254 464 374 567 debuit,
403 466 532 571 quoru'r'n
562 494 725 569 utrumqne
751 472 837 550 casta
858 489 924 550 viro
947 470 1009 569 slr'o⁸

81 564 218 666 exhibet.
261 568 336 657 Idep
365 570 405 633 de
432 568 509 633 Cain
538 568 617 633 Gen.
643 572 673 634 4.
700 566 823 643 dicitur'¹
836 570 1004 635 secundam

80 652 241 741 antiquam
264 653 514 735 translationem,
541 654 626 741 quod
645 660 728 719 recte
750 648 916 733 offerebat,
949 652 1006 733 sed

80 735 164 796 male
186 734 359 816 dividebat,
388 756 457 798 cum
480 756 542 800 nou
565 737 692 799 deberet
720 735 867 800 dividere.
908 737 1005 827 Igitur

80 818 323 903 quantomagis
345 818 499 881 receditur
519 840 538 881 a
556 819 709 883 divisione
733 820 851 882 timoris
875 827 906 880 et
920 839 1005 881 arno·

80 900 123 962 ris
145 900 186 961 ad
210 903 357 963 unionem
389 904 507 979 timoris
536 911 567 964 et
593 905 723 981 amoris,
756 908 843 965 tanto
876 901 1006 965 meliora

79 982 160 1044 flunt
181 980 287 1065 ope'rass
330 984 410 1062 Quia
430 987 523 1048 timor
543 993 575 1049 et
594 1006 683 1049 amor
711 986 867 1049 coniuncti
889 985 1005 1047 iaciunt

79 1067 388 1151 hominembonum,
418 1068 509 1130 divisi
529 1088 603 1131 vero
626 1077 777 1131 veterem:
820 1066 1005 1149 incipientes

80 1152 186 1211 autem
209 1150 370 1235 coniungi,
404 1152 537 1213 medinm
564 1154 643 1214 inter
669 1159 804 1213 veterem
827 1157 859 1213 et
880 1170 1005 1231 novum,

42 1232 50 1251 '
79 1235 101 1295 i.
123 1252 153 1307 a,
173 1230 388 1314 proficientem
411 1234 450 1297 de
472 1236 619 1296 servitute
641 1235 680 1297 ad
703 1234 886 1311 libertatem,
909 1234 954 1295 de
969 1234 1003 1295 li-

79 1310 209 1460 tghrpl'ad
232 1316 380 1397 spiritum,
402 1318 441 1380 de
463 1324 561 1379 morte
582 1316 621 1379 ad
652 1319 760 1396 vitam,
794 1317 833 1378 de
854 1318 941 1380 Mose
963 1316 1004 1379 ad

145 1398 247 1461 ⁸atum.
359 1436 362 1441 ·

162 1481 254 1565 Nunc
277 1482 363 1553 ¹illud¹
384 1484 476 1545 etiam
509 1483 717 1562 tractandum,
755 1483 807 1563 qui
831 1485 1002 1565 ¹‚continens

80 1565 121 1625 sit
146 1564 293 1628 iustitiae.¹
335 1562 393 1627 Hic
422 1566 584 1629 continens
617 1570 672 1649 prd
696 1568 742 1627 ria
774 1562 1002 1647 significatione

80 1640 234 1745 accipitur'
257 1667 315 1730 pro
343 1651 553 1730 perseveranti
583 1658 614 1711 et
635 1586 792 1711 individua
813 1646 1004 1711 adhaesione

81 1732 292 1811 continuaque
317 1732 550 1812 prosecutione:
589 1730 634 1794 sic
667 1739 749 1793 terra
775 1730 885 1803 dicitur
908 1733 1010 1803 conti-¹

81 1828 160 1875 nens
188 1814 220 1874 in
249 1814 456 1897 geographia,
488 1833 569 1895 quae
596 1835 659 1877 non
682 1821 730 1877 est
749 1810 901 1875 intercisa¹
917 1816 1004 1895 mari,

81 1895 137 1957 sed
160 1915 231 1976 pars
253 1904 372 1977 partem
395 1899 565 1977 continuat,
587 1904 618 1959 et
640 1898 834 1960 continenter
864 1894 922 1959 sihi
953 1896 1004 1969 ad,-

81 1979 221 2042 haereut
282 1978 333 2042 Sic
375 1980 457 2041 enim
496 1982 706 2065 propriissime
755 1980 897 2042 dicuntur
932 1980 1004 2043 con'-

80 2062 193 2141 tineri,
228 2080 363 2143 quaese
396 2069 503 2126 mutuo
530 2071 652 2140 tenent,
685 2063 865 2124 autsimul
888 2069 1004 2141 tenent,

81 2152 162 2225 quae
190 2142 370 2227 philosophi·
402 2146 517 2209 vbcant
548 2140 651 2229 parles
686 2144 948 2209 communicantes
972 2142 1011 2209 in'
1044 2208 1048 2216 ,

82 2229 242 2308 continuo,
264 2228 348 2308 quod
371 2228 511 2292 contin'et
532 2250 566 2293 se
587 2232 617 2291 in
642 2230 731 2291 tertio
755 2230 920 2293 communi.
956 2229 1003 2291 lta

80 2311 131 2371 hic
153 2310 273 2392 dicitur,
297 2314 348 2391 qui
371 2312 509 2374 continet
529 2314 693 2392 iustitiam,
722 2313 742 2372 i.
765 2331 792 2376 e.
815 2311 1002 2391 inseparabi-

80 2393 151 2454 liter'
172 2395 200 2454 ei
223 2413 260 2454 ac
281 2395 393 2477 iugiter
414 2392 562 2456 adhaeret
583 2404 614 2456 et
632 2396 850 2472 communicat,
872 2403 905 2455 ut
926 2413 1000 2474 qup-

80 2474 248 2539 dammodo
277 2497 370 2555 unum
402 2480 441 2538 sit
469 2498 538 2539 corn
559 2478 627 2556 illa,
661 2477 854 2540 concordans
877 2497 915 2538 ac
936 2476 1001 2559 dili·

79 2578 158 2640 gens
181 2559 443 2641 amplexansque
470 2562 552 2622 illam
583 2559 785 2625 totocorde:
819 2560 903 2640 quod
931 2561 999 2623 sine

80 2643 209 2707 mente
238 2642 304 2703 fleri
327 2662 389 2704 non
412 2650 525 2725 potest,
546 2646 656 2725 part-im
675 2643 756 2724 quod
777 2645 935 2705 continere
958 2644 1000 2706 iu-

79 2726 205 2805 stitiam,
226 2727 246 2787 i.
269 2745 296 2787 e.
314 2724 441 2808 diligere
456 2728 601 2788 iustitiam
619 2734 666 2787 est
680 2727 784 2788 odisse
799 2726 1001 2807 iniquitatem.

79 2808 131 2870 Sic
165 2810 246 2870 enim
285 2815 315 2869 et
341 2808 556 2891 amplexantes
592 2829 661 2871 sese
694 2809 854 2872 continent
885 2816 1002 2890 mutuo,

79 2890 163 2971 quod
189 2898 236 2952 est
256 2894 377 2973 signum
398 2892 512 2954 amoris
533 2893 613 2954 inter
634 2912 699 2954 eos.
738 2891 831 2975 igitur
853 2890 1016 2955 iustitiam¹

78 2993 143 3035 non
158 2970 372 3056 apprehendit,
390 2976 450 3036 nisi
468 2977 640 3054 continens,
661 2994 873 3057 perseverans,
895 2974 1000 3036 tenari-

79 3076 141 3136 que
162 3064 283 3141 amator
305 3058 380 3120 eius.
422 3058 585 3120 Tenacitas
613 3056 715 3119 autern
744 3055 798 3119 illa
823 3066 930 3119 sancta
962 3078 1002 3121 ex

79 3159 187 3203 amore
210 3148 241 3203 et
262 3143 372 3223 timore
393 3141 450 3202 Dei
478 3140 626 3227 procedit.
668 3141 770 3203 Primo
799 3140 879 3203 enim
909 3160 1000 3221 quae·

78 3225 154 3284 ritur
176 3244 305 3306 regnum
328 3225 387 3286 Dei
410 3231 441 3285 et
462 3226 578 3286 institia
600 3226 677 3286 eius.

162 3308 203 3368 Et
225 3306 363 3368 obviabit
388 3308 432 3369 illi
468 3316 613 3388 tanquam
653 3314 751 3368 mater
785 3306 999 3371 honorificata.

79 3391 105 3449 Α
130 3390 301 3471 prehendet
323 3411 401 3471 eam,
423 3391 538 3470 inquit,
570 3393 590 3455 i.
615 3411 642 3455 e.
664 3397 845 3469 assequetur
872 3410 941 3453 earn
970 3402 1001 3454 et

79 3411 139 3534 erlt
159 3492 216 3533 sna
237 3473 383 3535 tandem:
405 3491 467 3533 non
489 3472 678 3535 fraudabitur
699 3493 751 3552 ee,
782 3474 806 3534 si
835 3472 928 3536 modo
958 3481 1000 3535 te·

79 3558 197 3617 naciter
224 3570 292 3617 eam
315 3556 466 3617 dilexerit.
507 3557 636 3637 Insuper
663 3563 803 3617 occurret
831 3559 858 3618 ei
878 3559 948 3638 ipsa
969 3565 1001 3618 et

76 3659 195 3699 rursum
217 3658 288 3700 eum
309 3639 459 3700 tenaciter
480 3638 602 3719 diliget,
638 3647 670 3700 et
702 3638 811 3701 obvios
834 3640 997 3721 amplexus

78 3725 224 3803 porriget,
253 3723 331 3782 sicut
350 3722 481 3805 dicitur:
519 3722 587 3804 Ego
618 3722 781 3804 diligentes
817 3742 865 3782 me
893 3722 999 3805 diligo.

78 3804 256 3869 Continehit
276 3806 486 3867 continentem
508 3824 552 3885 se,
573 3803 702 3867 accedet
729 3805 768 3866 ad
790 3804 1005 3890 accedentem,

720 3910 786 3979 11·
812 3987 816 3996 ,
