2356 4200
117 249 183 317 288
370 251 566 305 Resolutions's
586 250 696 321 uanas
714 253 795 307 luth.

120 440 308 497 crememus,
341 418 424 480 ducti
452 419 572 480 scilicet
602 420 731 483 meliore
751 420 886 483 consilio
908 418 1050 499 Catonis,

121 524 213 585 quam
228 503 382 583 Scipionis
402 503 434 563 in
457 502 644 584 Cartbagine
667 502 829 581 vastanda,
849 504 916 563 imo
939 510 1052 565 contra

121 588 312 649 voluntatem
345 586 484 666 spiritus,
517 587 570 665 qui
603 584 725 663 scribit,
756 584 829 647 ideo
861 584 1001 665 relinqui
1020 585 1052 647 iu

121 678 202 731 terra
223 668 436 750 promissionis
458 666 631 731 lebusaeos
653 674 686 731 et
705 667 908 747 Omranaeos,
941 676 978 729 ut
998 666 1053 729 lilii

120 752 216 815 Israel
244 750 398 812 discerent
430 750 546 812 bellare
584 759 616 813 et
645 752 761 815 babere
789 749 1052 815 consuetudinem

122 833 266 897 bellandi.
310 832 401 910 Quod
423 834 449 894 si
469 832 502 895 8.
525 834 731 915 Hieronymus
761 852 826 895 uon
849 832 971 915 decipit
994 852 1053 913 me,

121 926 196 1000 puto
219 917 258 979 de
279 916 369 979 bellis
381 918 605 979 haereticorum
619 917 867 999 praefiguratum,
890 916 943 978 vel
966 924 1053 979 certe

121 1001 282 1082 apostolus
314 1002 354 1061 sit
391 999 502 1081 dignus
537 1000 616 1080 fide,
653 1001 705 1062 ubi
733 1000 871 1079 dicit*J:
919 998 1054 1081 Oporoet

121 1084 267 1146 haereses
290 1102 369 1145 esse.
423 1085 466 1144 At
485 1103 560 1147 nos:
593 1085 814 1165 Nequaquam,
846 1082 904 1145 sed
926 1090 1054 1164 oportet

25 1228 31 1249 ,
123 1167 263 1229 comburi
282 1166 470 1245 haereticos,
499 1184 538 1229 ac
562 1169 609 1227 sic
636 1167 771 1229 radicem
799 1187 868 1227 cum
892 1166 1053 1245 fructibus,

122 1253 187 1311 imo
207 1250 363 1327 zizania1)
389 1258 450 1308 tum
473 1250 573 1311 tritico
596 1250 739 1312 evellere.

207 1331 288 1408 Quid
309 1331 360 1393 hic
381 1330 525 1412 dicimus,
556 1335 615 1395 nisi
635 1333 719 1413 quod
741 1352 811 1393 cum
831 1331 969 1393 lacrimis
992 1332 1052 1393 Do

126 1418 209 1477 mino
232 1414 375 1475 dicimus:
403 1415 509 1476 Justus
532 1436 579 1495 es,
602 1417 749 1496 Domine,
781 1423 814 1477 st
834 1423 953 1476 rectum
978 1414 1053 1477 iudi·

125 1502 204 1561 cium
228 1497 334 1558 tuum?
357 1497 430 1577 quid
452 1499 535 1559 enim
558 1499 641 1561 aliud
657 1496 831 1562 meremur?
852 1498 959 1577 Atque
975 1498 1054 1559 baec

125 1581 196 1643 ideo
221 1599 344 1660 quoque
360 1600 582 1662 commemoro,
605 1581 808 1663 nePighardi,
831 1581 931 1643 nostri
946 1581 1053 1659 vicini,

124 1664 281 1742 haeretici,
301 1663 408 1725 infelix
429 1666 572 1745 populus,
595 1667 645 1745 qui
668 1665 789 1727 foetore
810 1665 958 1725 Romano
980 1684 1053 1745 gau-

126 1747 188 1826 det,
209 1749 288 1809 sicut
309 1747 491 1809 Pharisaeus
513 1768 605 1828 super
627 1748 835 1823 Publicanum,
857 1765 924 1808 non
946 1756 1053 1809 auteur

126 1831 326 1911 compatitur,
347 1850 403 1910 ne,
431 1832 573 1910 inquam,
601 1830 646 1893 illi
668 1849 726 1892 nos
746 1831 909 1892 crederent
931 1832 1054 1893 nesure

128 1913 200 1975 vitia
226 1920 258 1975 et
278 1912 365 1975 labes
385 1920 524 1993 nostras,
559 1923 591 1975 et
620 1915 802 1975 immensum
825 1912 979 1975 adversus
1000 1931 1053 1975 no

127 2006 222 2059 stram
243 1998 397 2057 miseriam
424 1996 633 2077 superbirent,
667 1999 693 2057 si
723 2015 782 2057 nos
808 1999 868 2057 ista
894 2002 1005 2057 tacere
1024 2004 1056 2059 ct

127 2079 302 2162 approbare
322 2080 504 2141 videremur.
547 2080 667 2142 Scimus
692 2080 753 2141 heu
774 2087 914 2143 nostrum
947 2098 1054 2141 casum

128 2173 160 2225 et
181 2162 337 2242 dolemus,
365 2181 427 2223 non
449 2171 552 2224 autem
574 2166 653 2224 sicut
673 2164 819 2225 haeretici
840 2162 996 2243 fugimus,
1025 2170 1056 2223 et

128 2247 309 2307 semivivum
331 2247 508 2325 transimus,
530 2255 676 2326 tanquam
698 2247 807 2308 alienis
828 2247 970 2326 peccatis
989 2245 1053 2326 pol·

121 2320 172 2390 lui
193 2330 379 2390 timeremus.
423 2327 492 2403 Quo
513 2330 629 2391 furioso
658 2331 768 2391 timore
795 2328 839 2389 illi
865 2329 913 2389 sic
935 2331 1065 2429 timeuq

130 2419 246 2473 utnon
269 2411 405 2492 pudeant
425 2412 560 2492 gloriari,
582 2431 652 2476 sese
673 2413 744 2474 ideo
766 2413 890 2493 lugere,¹
920 2431 961 2473 ne
985 2412 1056 2492 pol·

129 2495 259 2572 luuntur,
283 2502 368 2556 tanta
390 2504 437 2556 est
459 2498 599 2556 caritas.'
621 2497 686 2559 Nos
710 2516 804 2573 vero,
828 2514 889 2575 quo
913 2495 1055 2556 miserius

128 2579 249 2640 laborat
269 2579 411 2658 ecclesia,
435 2599 473 2640 eo
486 2579 607 2641 fidelius
620 2581 792 2641 assistimus
805 2587 838 2639 et
855 2579 1055 2656 accurrimus,

130 2661 251 2740 flendo,
281 2661 415 2740 orando,
448 2664 621 2741 monendo,
651 2662 854 2725 obsecrando.
897 2660 951 2723 Sic
973 2663 1055 2723 enim

130 2748 241 2806 caritas
259 2744 402 2823 iubet**)
427 2746 555 2807 alterum
570 2747 695 2808 alterius
713 2766 809 2808 onera
832 2750 970 2825 portare,
993 2763 1055 2807 nou

131 2830 209 2890 sicut
230 2830 453 2900 haereticorum
476 2832 587 2890 caritas
609 2831 699 2909 facit,
730 2849 809 2909 quae
837 2828 939 2888 solum
970 2846 1055 2889 oom-

131 2911 225 2973 moda
246 2914 365 2991 quaerit
387 2913 529 2992 alterius,
558 2922 592 2973 ut
611 2915 714 2994 potius
737 2920 889 2993 portetur,
924 2919 958 2970 et
979 2910 1055 2971 nibil

130 2996 255 3057 molesti
276 2996 426 3056 sustineat
447 3017 466 3057 a
486 2998 623 3076 peccatis
656 2996 794 3057 aliorum.
838 2992 1056 3068 Quomodosi

131 3077 269 3139 Christus
291 3078 440 3141 voluisset
463 3080 564 3142 lacere
586 3087 618 3140 et
638 3081 738 3141 sancti
758 3080 833 3156 eius,
855 3076 924 3156 quis
947 3076 1057 3139 luisset

131 3163 235 3224 salvus
255 3163 376 3224 lectus?

395 3294 605 3357 Conclusio
634 3296 788 3358 LXXXI.

214 3423 300 3483 Facit
321 3422 397 3484 haec
420 3424 582 3486 licentiosa
603 3428 761 3487 veniarum
783 3425 994 3507 praedicatio,
1025 3438 1056 3489 ut

132 3523 190 3589 nec
211 3508 414 3585 reverentiam
435 3527 536 3588 papae
564 3510 654 3570 facile
683 3511 722 3569 sit
743 3511 835 3570 etiam
857 3509 961 3573 doctis
983 3513 1055 3573 viris

132 3630 341 3641 ———--

206 3676 233 3734 1)
255 3675 284 3726 ln
303 3675 345 3728 cd.
364 3674 437 3726 len:
456 3676 601 3728 zizaniam.

205 3746 236 3812 ⁸)
258 3747 282 3800 1.
303 3747 365 3799 Cor.
388 3750 411 3799 t.
449 3748 473 3802 1.
494 3746 559 3803 Cor.
582 3751 621 3800 tt.
660 3748 707 3812 ⁹⁸)
727 3744 786 3801 Gal.
805 3746 830 3803 6.
