2356 4200
127 252 191 319 424
376 250 505 320 sperus
523 249 560 304 n.
578 248 689 303 nuans
705 248 819 303 nunes
877 208 880 213 ⁸

131 429 164 483 st
184 421 268 502 apud
284 441 342 482 nos
367 421 491 502 quidam
515 417 727 502 sycophantae
753 418 965 500 lactaverunt,
993 427 1057 482 urse

134 504 331 567 celsitudinis
356 504 478 565 hortatu
500 510 532 564 et
554 502 684 564 consilio
712 521 761 561 me
790 502 852 562 ista
880 502 1058 584 disputasse,

133 607 203 649 oum
226 588 314 648 huius
340 588 556 668 disputationis
574 584 675 646 nullus
691 586 784 645 etiarn
801 585 982 648 intimorum
992 589 1058 649 arai·

134 690 240 731 corum
261 671 353 731 tuerit
375 670 529 747 conscius,
546 670 605 729 nisi
625 667 900 729 reverendissimus
914 669 1058 732 Dominus

134 754 397 833 Archiepiscopus
421 751 709 833 liiagdsburgensis‚
731 757 763 810 et
783 751 939 813 Dominus
960 754 1058 814 Hiero

134 856 245 917 aymus
281 837 457 917 Episcopus
495 834 811 914 Brandeuburgensis·
872 835 940 896 Hos
974 839 1060 917 enim,

134 922 214 981 siout
241 920 388 980 intererat
421 937 529 979 eorum
559 919 619 979 ista
647 928 785 978 monstra
811 918 995 998 prohibere,
1015 922 1061 982 tu

135 1004 261 1085 puratis
284 1003 390 1081 literis,
413 1009 578 1081 antequam
594 1001 841 1080 Disputationem
855 1001 992 1080 ederem,
1013 1003 1058 1064 lru·

135 1086 297 1146 militaret
319 1091 497 1146 reverenter
520 1085 640 1158 monui,
670 1090 703 1144 ut
732 1102 825 1163 snper
853 1103 932 1146 ores
955 1086 1058 1147 curun

136 1168 299 1248 vigilarent
320 1169 469 1228 adversus
491 1168 582 1246 lupos
604 1168 691 1228 istos.
720 1166 805 1227 Bene
827 1167 967 1229 sciebam
990 1169 1059 1231 haec

130 1269 200 1312 non
220 1250 260 1311 sd
282 1251 439 1331 Principes
457 1250 573 1327 laicos,
603 1250 658 1310 sed
682 1248 721 1310 ad
744 1251 913 1330 episcopos
935 1253 1058 1332 primum

136 1333 304 1396 reserenda.
336 1335 449 1394 Exstat
469 1333 602 1413 epistola
619 1352 698 1410 mea,
722 1332 888 1394 multorum
909 1335 943 1395 in
958 1354 1059 1397 manus

137 1417 292 1492 devoluta,
314 1416 422 1478 horum
446 1417 583 1476 omnium
607 1417 713 1476 testis..
744 1415 808 1477 lsta
829 1434 890 1497 ego
913 1418 987 1481 feci.

220 1498 280 1561 Sed
304 1500 386 1580 quod
408 1517 492 1560 nnnc
514 1499 605 1558 vellet
624 1498 900 1559 reverendissimus
912 1500 1058 1563 Dominus

135 1584 270 1663 lagatus
300 1590 373 1644 tuae
405 1583 629 1642 illustrissimae
660 1581 872 1643 Dominationi
899 1586 1057 1645 -macnlam

137 1668 268 1740 inurere,
290 1668 410 1745 totique
431 1665 580 1744 sanguini·
599 1664 709 1725 domus
724 1663 894 1742 Senoniae,
917 1673 949 1727 et
969 1668 1001 1728 in
1019 1669 1058 1727 ir·

137 1748 251 1809 sidiam
272 1752 384 1809 summi
403 1746 562 1808 Pontificia
584 1765 717 1824 uocare4
743 1747 823 1809 adeo
846 1750 992 1811 homines
1009 1750 1058 1810 iro·

137 1831 188 1892 die
209 1832 338 1892 credunt
359 1831 510 1892 Christum
534 1849 603 1890 esse
632 1830 802 1910 sepultum,
835 1833 927 1911 quasi
949 1852 1010 1893 non
1030 1840 1059 1893 et

138 1934 220 1977 nunc
253 1934 309 1995 par
341 1916 460 1975 minam
490 1913 574 1991 loqui
609 1914 724 1992 possit,
756 1919 787 1974 et
802 1915 972 1995 apostolis
989 1934 1058 1995 apo·

125 1997 319 2077 :stolicisque
349 1998 421 2057 viris
454 1995 643 2068 tacentibus,
679 2016 734 2077 per
764 1996 850 2076 ligna
880 1997 1057 2079 lapidesque

138 2080 285 2142 clamare.
569 2116 572 2121 ·
613 2104 616 2109 ·
663 2112 666 2117 ·

222 2163 334 2224 Verum
368 2169 460 2243 opto,
494 2180 563 2229 oro,
597 2161 705 2241 cupio,
728 2170 761 2222 ut
781 2162 988 2224 illustrissima
1008 2171 1057 2224 tua

138 2246 320 2308 Dominatio
340 2247 373 2305 in
395 2244 537 2305 omnibus
548 2244 715 2306 adhaereat
729 2246 881 2306 ecclesiae
893 2255 925 2306 et
937 2265 1055 2306 summo
1086 2278 1090 2285 ·

138 2327 292 2406 Pontifici,
314 2329 386 2388 mihi
412 2347 486 2389 sero
508 2328 540 2388 in
562 2326 704 2388 omnibus
727 2327 916 2390 adversetur.
945 2328 1014 2389 Nisi
1029 2328 1056 2391 id

139 2431 232 2472 nuum
255 2429 313 2492 pro
336 2430 386 2471 me
410 2412 492 2485 (imo
514 2430 570 2490 pro
593 2418 702 2471 sancta
723 2411 860 2489 veritate,
883 2430 940 2492 pro
965 2412 1058 2472 socle-

138 2496 213 2571 siae‚
235 2501 266 2555 et
287 2513 343 2575 pro
374 2495 484 2554 summi
505 2493 678 2571 Pontificis‚
712 2493 844 2573 denique
874 2512 932 2574 pro
963 2495 1056 2575 ipsius

137 2576 382 2638 reverendissimi
405 2577 531 2637 Domini
553 2577 658 2656 Legati
681 2577 815 2653 honore,
848 2577 982 2656 denique
1005 2596 1056 2658 pro

136 2660 286 2723 illustriss.
309 2667 381 2721 tuae
393 2660 619 2721 Dominationis
634 2660 715 2720 fama
732 2664 874 2739 quoque)
897 2660 1057 2740 supplicet,

138 2751 173 2804 ut
192 2745 327 2805 rationes
350 2749 380 2803 et
401 2740 581 2803 autoritates
604 2750 773 2823 appareant
796 2743 975 2822 aliqnando,
998 2744 1058 2823 qui·

123 2825 195 2886 ¹bus
228 2804 313 2887 erroi
348 2845 434 2886 inens
467 2827 608 2886 convinci
635 2833 768 2905 puta-tur.
816 2824 894 2886 Nam
924 2827 994 2887 sine
1014 2827 1057 2886 his

137 2926 189 2968 sne
211 2907 367 2986 damnare,
391 2927 492 2987 neque
514 2915 584 2969 tuae
597 2908 820 2969 illustrissimae
837 2909 1058 2985 Dominationi,

138 3007 241 3068 neque
263 3008 383 3053 summo
404 2991 557 3067 Pontifici,
579 3011 679 3071 neque
701 2991 866 3070 ecclesiae,
889 2999 996 3071 neque
1016 3011 1056 3053 re·

138 3072 360 3134 verendissimo
392 3073 527 3135 Domino
559 3074 676 3155 Legata
718 3073 921 3135 honorificum
961 3074 1058 3136 inerit.

131 3154 254 3216 'Vivant
273 3155 395 3234 fideles,
427 3158 502 3217 vivit
522 3156 676 3234 Christus,
713 3159 819 3217 nsunt
845 3156 896 3216 vel
918 3157 1059 3219 homines

139 3240 230 3317 certe,
253 3239 304 3317 qui
325 3238 471 3299 iudicent.

115 3340 120 3364 τ
221 3320 314 3396 Quod·
338 3340 412 3382 vero
445 3321 716 3383 reverendissimus
745 3320 896 3382 Dominus
925 3321 1060 3404 laegatus

131 3400 372 3465 illustrissimam
393 3410 477 3465 tuam
489 3405 738 3466 Dominationem
757 3404 912 3473 admonet,
936 3413 981 3483 ut,
1004 3407 1058 3467 nisi

135 3485 168 3545 in
189 3486 296 3547 urbem
318 3488 513 3559 meminerit,
538 3489 585 3549 vel
602 3489 726 3549 eiecerit
747 3507 765 3547 e
785 3483 966 3567 regionibns
988 3489 1060 3565 suis,

115 3567 256 3630 ”Romae
278 3573 617 3650 causamprosecuturi
641 3573 701 3631 sint
722 3576 782 3632 eto.
808 3568 842 3630 Iu
866 3571 998 3633 axilium
1018 3573 1060 3632 ire

135 3668 198 3710 non
221 3671 410 3733 magnopere
432 3654 553 3731 abnuo,
587 3661 620 3715 nt
647 3655 695 3713 oui
728 3652 862 3731 undique
889 3653 930 3715 ab
955 3653 1060 3716 adver-

134 3733 221 3793 sariis
244 3737 320 3795 meis
342 3735 468 3796 insidias
490 3738 592 3817 parari
614 3736 753 3816 videam,
774 3753 876 3815 neque
898 3737 993 3800 facile
1015 3757 1060 3800 us·
