2356 4200
103 252 166 319 424
501 254 635 311 mesra

114 431 220 486 serant
239 425 270 485 in
289 425 436 487 morituro
452 431 549 486 totum
563 445 657 506 posse
675 431 706 487 et
721 426 833 504 facere,
856 423 939 505 quod
952 442 1037 506 papa

109 515 216 589 potest
237 509 372 569 etfacit.
415 508 566 588 Amplius,
590 511 615 575 si
638 509 830 570 sacerdotem
843 508 1035 569 haberenon

61 626 73 657 x
111 598 225 670 potest,
247 598 352 652 votum
376 591 509 652 habendi
532 592 637 652 dicunt
658 591 810 653 sulficere.
854 590 933 666 Quid
958 608 1036 671 ergo

98 674 165 734 tali
188 680 285 735 restat
305 674 498 752 solvendum,
520 694 588 734 cum
607 676 647 734 sit
658 676 696 737 ab
711 675 851 736 omnibus
864 674 1037 735 absolutus.

157 800 159 805 >
191 758 299 818 Dicam
329 757 434 833 latius,
479 757 561 835 quod
591 759 744 817 sententia
779 757 950 819 communis
978 762 1037 831 est,

111 841 320 920 purgatorium
344 839 449 900 deberi
471 841 625 920 peccatis,
654 860 716 901 non
747 841 875 920 poenis,
908 838 1038 913 scilicet,

109 922 292 997 venialibus,
316 927 349 982 ut
371 941 518 1002 expresse
537 923 631 982 babet
645 923 752 984 Canon
766 922 930 986 distiadb.
951 941 1036 1000 cap:

109 1003 226 1080 Qualis.
279 1005 319 1065 Et
351 1005 389 1064 ad
417 1004 448 1064 id
477 1006 573 1065 multa
595 1006 735 1066 similiter
757 1005 900 1084 exempla
920 1003 1038 1064 haban·

109 1095 185 1149 trtr.⁴
210 1087 308 1162 Quale
340 1096 497 1167 peccatum
530 1107 589 1167 ego
621 1107 744 1167 quoque
765 1088 835 1148 dico
858 1106 929 1148 esse
949 1085 1037 1147 illem

109 1171 324 1250 imperfectam
348 1172 517 1249 caritatem,
540 1189 601 1249 qua
622 1173 708 1231 inviti
731 1172 916 1248 moriuntur,
937 1169 1054 1230 nimio

109 1255 191 1314 vitae
213 1252 326 1313 affectu
349 1253 507 1329 immundi,
529 1273 567 1314 ac
589 1273 643 1332 per
666 1254 727 1315 hoc
741 1255 841 1314 Deum
865 1271 928 1314 non
941 1269 1041 1332 super

110 1337 216 1396 omnia
237 1335 412 1415 diligentes.
456 1337 503 1416 De
524 1336 573 1395 his
594 1338 624 1395 in
646 1336 890 1416 probationibus.

427 1458 478 1518 VI.
501 1457 672 1520 Obeliscus.
683 1457 718 1539 *)

194 1575 250 1634 Ec.
282 1575 403 1635 Procax
434 1577 623 1656 propositio,
657 1575 757 1636 Soluti
785 1576 866 1635 enim
896 1594 1041 1656 corpore,

113 1657 263 1738 purgandi
286 1658 376 1718 amici
398 1659 466 1735 Dei,
488 1666 571 1719 certe
593 1660 693 1719 sciunt
714 1677 748 1718 se
768 1657 953 1735 salvandos,
983 1657 1041 1718 sed

112 1742 199 1820 quasi
225 1760 280 1820 per
301 1741 414 1820 ignem.

198 1821 290 1886 Luth.
318 1823 407 1883 Unde
434 1824 534 1883 sciunt
560 1823 666 1884 certo?
701 1824 773 1903 quia
804 1823 915 1883 Eccius
954 1821 1040 1886 dicit.

112 1905 153 1967 Et
175 1914 260 1967 tenet
290 1907 511 1985 consequentia
547 1907 633 1965 iuxta
669 1926 755 1966 suum
788 1906 966 1986 Magistrum
996 1906 1036 1967 ab

112 1991 277 2049 autoritate
299 1987 490 2049 affirmative.
534 1987 623 2048 Adeo
646 1990 771 2069 ignarus
794 1995 842 2048 est
859 1988 1039 2069 theologiae

114 2074 222 2148 crucis,
245 2079 278 2131 ut
301 2071 406 2131 credat
426 2071 498 2131 ideo
522 2071 580 2131 illis
604 2080 720 2131 certum
746 2089 824 2147 esse,
847 2091 886 2130 an
900 2071 961 2130 sint
977 2070 1038 2131 sal-

116 2155 218 2231 vandi,
241 2155 312 2233 quia
335 2155 425 2214 amici
447 2154 503 2214 Dei
527 2161 597 2213 suut
619 2161 650 2214 et
671 2172 803 2233 corpore
827 2154 929 2214 soluti.

170 2234 263 2316 ¹Ego
298 2238 354 2296 etsi
387 2237 523 2316 insignes
552 2237 634 2296 viros
657 2235 782 2315 legerim
808 2246 888 2306 (non
911 2235 1038 2296 scotum

114 2326 167 2380 aut
187 2319 337 2380 Thomam
362 2319 481 2398 loquor,
503 2337 603 2398 neque
626 2318 791 2394 Roaiam),
814 2320 865 2398 qui
887 2326 1038 2393 asserant,

114 2404 232 2463 animas
257 2401 404 2479 quasdam
428 2403 471 2460 ita
492 2401 637 2480 suspendi
661 2421 757 2480 usque
779 2401 817 2460 ad
830 2400 1039 2477 diemiudicii,

116 2493 148 2546 ut
170 2485 318 2558 nesciant,
342 2504 380 2542 an
404 2485 466 2543 sint
489 2483 657 2544 salvandae
679 2483 728 2544 vel
751 2483 955 2544 damnandae.
999 2483 1040 2544 Et

115 2570 187 2647 quia
217 2567 352 2645 expertis
380 2573 411 2626 et
440 2567 589 2646 exemplis
618 2567 648 2625 in
677 2567 737 2626 bac
758 2586 791 2626 re
814 2566 882 2646 plus
905 2573 953 2627 est
974 2585 1037 2627 cre-

16 2674 20 2682 ’
115 2650 259 2724 dentum,
282 2669 371 2728 quam
395 2649 537 2711 omnibus
561 2648 704 2709 obeliscis
722 2650 858 2708 omnium
872 2648 1038 2725 fabrorum,

115 2753 177 2794 nou
202 2733 305 2813 magui
326 2732 432 2808 refert,
462 2730 532 2809 quid
561 2731 697 2792 Ecciana
718 2733 873 2792 temeritas
896 2730 1037 2803 blateret

116 2822 171 2877 aut
193 2816 409 2895 procacitatem
434 2815 579 2874 nominet.
618 2814 761 2895 Legimus
784 2813 823 2874 de
846 2814 964 2891 multis,
987 2815 1037 2892 qui

117 2904 324 2979 apparuerunt
352 2906 495 2976 tanquam
525 2895 606 2956 ducti
634 2896 674 2956 ad
696 2897 840 2957 iudicium
864 2904 896 2956 et
916 2895 969 2957 diu
990 2916 1036 2957 su·

117 2981 230 3061 spensi.
273 2980 313 3040 Et
334 2978 480 3058 quidquid
503 2979 556 3055 sit,
585 2978 713 3039 liberum
736 2978 846 3040 saltem
868 2986 915 3039 est
936 2979 1036 3059 dispu-

117 3074 181 3124 tare
201 3071 328 3143 propter
351 3082 441 3121 unum
465 3061 641 3140 exemplum
665 3072 696 3121 et
718 3082 808 3121 unum
839 3061 974 3136 dictum,
1008 3071 1038 3123 et

116 3145 327 3206 contradicere
344 3144 432 3204 nudis
445 3144 672 3223 inermibusque
686 3144 901 3225 theologorum
918 3145 1036 3224 opinio·

116 3229 213 3289 nibus.
257 3227 359 3303 Addo,
382 3226 464 3306 quod
487 3226 740 3297 horroranimae
762 3235 871 3288 natura
894 3227 1038 3288 sualaoit

116 3313 265 3372 incertum
288 3310 454 3384 hominem,
478 3328 568 3387 quem
589 3310 650 3369 iam
675 3310 738 3369 dixi
760 3311 862 3370 inesse
875 3309 1036 3370 animabus

116 3394 237 3455 defectu
259 3394 403 3469 caritatis,
428 3399 556 3452 etmox
578 3394 675 3472 magis
698 3392 807 3452 dicam.

198 3477 252 3536 Ec.
281 3475 370 3536 Unde
393 3495 461 3534 cum
490 3473 649 3554 probabile
678 3475 733 3553 sit,
769 3493 823 3535 eos
853 3474 1035 3554 angelorum

170 3769 198 3832 ³)
219 3767 358 3821 Adversus
380 3765 419 3820 16.
440 3765 560 3817 conclus.
583 3765 702 3818 Lutheri.
