2356 4200
452 279 695 353 senuugoss.
969 276 1033 347 279

105 447 149 511 ed
169 447 334 528 infernum,
357 467 394 511 ao
416 468 473 530 per
493 468 548 511 eas
567 450 696 530 petiisse
707 449 901 519 libertatern:
927 470 1032 517 ouon·

106 533 188 595 risse
217 550 292 593 uero
325 530 510 595 daemonem
536 532 709 613 quendam,
738 533 790 613 qui
821 553 890 597 oum
911 534 1032 607 nullm

106 615 237 697 legeret,
252 616 331 676 inter
342 633 451 676 manus
461 615 556 698 ipsius
568 635 644 696 prae
660 615 763 678 furore
780 617 860 698 ignis
871 637 1034 700 papyrum,

106 697 336 778 membranam,
370 717 473 763 oerum
503 704 534 758 et
560 698 722 780 plumbum
749 705 911 761 eonsumts
939 706 1034 784 atque

104 783 151 843 its
182 781 317 842 animam
350 800 481 843 rounam
494 782 541 855 ¹iu
570 780 756 863 profundum
785 783 1032 864 praecipitatum,

107 865 188 926 sieut
204 863 284 926 haao
296 871 458 927 nonantur
468 865 500 926 in
512 865 632 945 seriptis
644 864 768 927 illorum
779 867 983 947 temporum.“
992 901 1030 912 -

192 946 248 1007 His
269 948 361 1029 igitur
382 947 578 1011 ssounotum
596 949 783 1011 sommantio
805 955 897 1029 atque
919 949 1032 1031 egendi

106 1029 278 1094 rationibus
306 1031 455 1103 Martinus
484 1029 634 1093 Lntherus
655 1050 726 1093 snas
751 1034 899 1112 opposuit
921 1051 1033 1114 propo·

107 1115 256 1192 sitiones,
288 1133 364 1193 quas
392 1113 443 1175 die
465 1120 537 1177 ante
559 1113 669 1179 festum
691 1116 827 1176 omnium
851 1113 1033 1177 Sanctorum

106 1198 207 1278 portis
230 1197 382 1258 eeclesias
396 1197 475 1257 areis
493 1196 759 1279 Vittenbergensis
774 1196 888 1277 affixit3
912 1198 1034 1260 eodem-

108 1298 173 1359 que
199 1278 251 1341 die
277 1279 407 1370 §lberto
439 1279 673 1361 arehiepiseopo
705 1286 736 1343 et
757 1279 884 1343 electori
905 1281 1033 1363 Mogon-

107 1364 175 1425 tino
198 1363 283 1425 misit
303 1363 486 1443 epistolam,
508 1382 569 1443 qua
589 1362 738 1444 regebat,
767 1370 800 1424 ut
820 1363 874 1425 ille
888 1363 1034 1449 'remedia

109 1442 237 1507 efferret
257 1451 363 1508 tantae
374 1446 567 1525 calamitatis,
593 1464 653 1526 qua
669 1443 931 1528 indulgentiarum
942 1466 1033 1528 quse

106 1528 395 1675 storedpreooiesism
413 1528 611 1591 christianam
630 1528 846 1610 perturbarent
860 1535 954 1611 atque
966 1550 1035 1612 pes-

107 1631 176 1675 sum
234 1617 296 1677 eut
896 1654 899 1661 -

188 1694 323 1758 Textrini
343 1694 433 1756 huius
455 1694 609 1776 epistolae
629 1693 798 1758 aLuthero
815 1694 855 1761 sd
872 1694 1033 1765 elbertum

107 1778 378 1860 arehiepiscopum
399 1776 491 1843 datae
511 1775 704 1843 reddidimus,
720 1777 892 1843 seeundum
902 1778 940 1842 D.
956 1779 1033 1847 Mar-

107 1862 166 1923 tini
183 1860 309 1925 lutheri
330 1860 411 1943 Epp-
432 1860 472 1925 ab
490 1859 655 1923 Auriiabro
673 1859 771 1922 editas
788 1846 878 1927 Tum.
896 1861 919 1924 1.
935 1860 1034 1945 Jonas

109 1947 191 2011 1556
220 1963 252 2024 p.
272 1945 313 2011 37
335 1962 419 2025 sqq.,
449 1948 481 2005 et
508 1942 659 2005 lectiones
688 1944 846 2015 variantes
867 1943 1034 2007 adiecimus

107 2026 281 2090 seeundum
301 2027 384 2089 hano
404 2025 569 2108 epistolam
591 2025 782 2107 originalem,
804 2045 883 2107 quse
902 2026 937 2089 in
950 2025 1035 2091 tabu-

106 2110 190 2173 lario
211 2109 336 2191 publico
354 2108 485 2172 Sueoise
503 2109 592 2190 regni
603 2116 790 2187 asservatur²
810 2116 842 2171 et
863 2128 954 2190 quam
976 2108 1034 2191 pri

107 2213 177 2255 mus
199 2193 232 2253 in
253 2193 364 2254 huosm
391 2191 519 2274 protulit
537 2191 609 2255 Joh.
633 2191 728 2255 Fridr.
760 2191 867 2273 Meyer
891 2192 924 2253 in
942 2191 1032 2255 Troo

107 2283 173 2337 istu
202 2275 242 2338 de
273 2276 407 2337 eeclesia
431 2293 533 2356 papae
553 2273 675 2337 Luther.
703 2274 826 2339 reform.
848 2280 980 2356 patrona
1001 2281 1033 2337 et

106 2359 259 2438 olientep.
268 2362 297 2422 7.
312 2357 369 2440 (of.
381 2357 510 2421 Luthers
522 2357 623 2419 Briefe
632 2357 680 2419 ed.
690 2356 730 2420 de
738 2357 843 2419 Wette
854 2357 878 2435 Ι,
891 2360 930 2423 67
944 2377 980 2439 sq
1002 2354 1029 2439 .)

147 2474 154 2493 ι
191 2441 317 2522 Legitur
345 2441 453 2503 eadem
483 2441 593 2503 Latine
621 2440 651 2501 in
680 2440 729 2502 ed.
758 2439 838 2522 Opp.
866 2440 955 2504 Lntln
981 2376 1032 2503 ffe-

107 2544 198 2587 nens.
218 2525 258 2603 1.‚
286 2544 317 2605 p.
341 2527 357 2587 1
387 2524 416 2586 b.
438 2523 587 2591 witonus.
609 2523 633 2584 Ι.
656 2544 686 2604 p.
709 2525 766 2601 923
792 2522 976 2587 Germanice
1002 2530 1034 2584 et

106 2608 217 2669 latine
234 2609 267 2669 in
280 2607 445 2684 Loesoheri
459 2606 627 2675 Reformet
638 2605 725 2685 Aotis
742 2606 766 2685 Ι,
778 2608 839 2673 473
853 2624 938 2687 sqq.;
958 2605 1032 2673 Ger-

107 2692 232 2752 maniae
259 2691 438 2772 interprete·
453 2689 535 2752 Jona
553 2690 585 2749 in
607 2687 656 2752 eo
678 2687 829 2754 Wittenb.
851 2688 909 2768 IX,
939 2691 958 2753 3
985 2708 1032 2769 sq.

108 2773 232 2852 Jen.1,
261 2776 276 2836 1
307 2772 499 2853 sq.·Altenb.
523 2777 557 2852 1,
591 2774 629 2837 13
651 2790 736 2852 sqq.;
755 2771 839 2852 Lips.
859 2769 963 2851 XVII,
994 2775 1033 2851 ἃς

109 2856 233 2919 Wsloh.
256 2855 324 2936 XV,
346 2857 418 2920 479.
958 2894 961 2899 »
999 2908 1002 2913 .

195 2939 329 3017 Thesei,
352 2957 427 3019 quas
451 2944 581 3017 vocant,
607 2935 708 3015 XOV,
736 2935 843 3018 lingua
864 2935 972 2999 Latina
993 2940 1034 3003 ex

110 3040 201 3085 more
220 3023 362 3083 uirorum
391 3021 553 3084 doetorum
582 3020 787 3100 conseriptss,
821 3010 970 3095 liutherus
1001 3020 1033 3080 in

109 3104 221 3186 vigilis
243 3106 378 3166 omnium
401 3102 583 3165 Sanctorum
610 3122 637 3164 a.
647 3105 740 3167 4517
763 3102 863 3183 portis
882 3101 1034 3185 ecelesiae

111 3189 194 3250 eruis
208 3186 474 3268 Vittenbergensis
496 3185 602 3246 affixit.
633 3185 698 3246 Eae
720 3185 948 3266 propositiones
972 3203 1034 3247 non

113 3277 204 3332 erant
226 3271 379 3332 continuis
395 3270 530 3330 numeris
542 3269 716 3348 insignitae,
737 3268 793 3328 sed
804 3267 848 3329 ita
857 3267 889 3327 in
905 3274 1036 3347 quatuor

113 3353 242 3416 ordines
263 3353 445 3434 dispositas,
468 3353 552 3413 utin
575 3351 702 3432 singulis
724 3352 813 3412 trium
836 3351 970 3431 priorum
992 3350 1034 3412 vi-

113 3456 213 3499 oenae
236 3437 349 3516 quinae
374 3440 622 3512 numerarentur,
650 3435 680 3494 in
712 3439 820 3514 quarto
850 3434 975 3515 viginti,
1004 3439 1036 3494 et

111 3522 157 3581 ita
180 3519 313 3600 quidem,
334 3519 420 3579 utin
445 3519 558 3597 forma,
580 3537 672 3598 quam
693 3516 812 3594 dieunt,
834 3524 943 3597 quarto
963 3534 1035 3596 qua·

114 3610 187 3664 tuor
217 3602 300 3664 foliis
329 3601 499 3663 charteoeis
527 3600 695 3682 prodirent.
747 3600 943 3661 Hermonnus
974 3618 1035 3671 von

115 3685 172 3747 der
192 3685 290 3747 Hardt
311 3686 342 3745 in
364 3682 499 3747 Historia
520 3683 646 3751 Literar.
668 3682 915 3747 [informationis.
936 3682 969 3743 P.
991 3680 1036 3743 lv

114 3789 147 3850 p.
170 3770 210 3836 13
233 3768 375 3850 dicit-se
394 3769 566 3850 genuinum
584 3766 686 3831 editae
707 3765 921 3847 disputationis
935 3783 1036 3831 exem-
