2356 4200
429 309 477 351 -a
499 296 574 361 1518,
585 295 681 355 naun.
959 293 1022 379 229

99 459 252 539 delinitur,
276 459 487 542 distinguitur,
509 461 563 525 sed
587 481 743 542 nunquam
758 465 831 539 ,eius
854 470 1022 543 natureae

99 543 393 625 proprietasnigne
409 546 589 625 exponitur„
609 547 669 619 nisi
690 547 725 607 in.
744 547 901 626 scriptura.
933 547 1021 625 -Narir

97 626 253 687 humilitas
282 634 344 704 est,
366 647 440 689 :cum
475 627 629 705 omnibus
645 630 709 689 suis
733 629 824 690 bonis
842 628 925 695 aliud
947 631 1021 703 nihil

56 761 58 764 ,
97 709 218 786 fauere,
248 727 346 787 quarn-
363 713 478 773 servire
500 711 603 788 malis,
626 711 779 790 cremplo,
792 711 923 791 Christi,
946 713 1021 775 nihil

98 791 158 853 sibi
181 791 363 869 tribuendo,
398 793 452 854 sed
475 794 579 857 omnia
607 793 823 855 exinaniendo.
866 794 1020 875 Secunda,

96 873 290 937 horrendum
311 877 416 955 itaque
439 883 496 955 est,
518 877 740 937 formam-servi
758 876 927 956 despicere,
950 896 1020 959 pes

98 965 237 1019 catorem
260 963 292 1017 et
312 959 437 1027 stultum
468 960 612 1025 iudicare.
657 960 824 1039 Postquam
842 962 929 1020 enim
952 963 1021 1041 ipss

99 1040 238 1108 Ohnstus
271 1060 379 1102 ornnes
408 1043 482 1103 isias
512 1043 626 1104 formas
653 1044 683 1107 iu
707 1043 862 1122 seipsum
885 1044 1022 1125 suscepit

98 1131 132 1184 et
151 1123 335 1185 honoravit:
357 1127 419 1185 iam
440 1145 503 1186 non
525 1125 626 1201 solum
649 1145 710 1186 non
735 1133 943 1203 contemnere,
966 1126 1020 1195 sed

98 1209 307 1267 necessarium
331 1227 453 1288 quoque
475 1214 522 1268 est
543 1227 595 1269 eas
614 1209 778 1286 honorare,
791 1209 822 1269 in
838 1227 1020 1289 quocunque

99 1288 227 1350 tandem
260 1290 351 1352 nobis
381 1292 577 1353 occurrerint.
620 1291 688 1350 Hoc
710 1292 791 1350 enim
814 1310 866 1351 our
889 1311 958 1353 reus
981 1293 1021 1353 sil

99 1372 271 1447 Gehennae
291 1373 388 1453 ignis,
416 1375 468 1452 qui
499 1375 622 1434 fratrem
653 1394 739 1443 suurn
773 1370 888 1439 fatuum
918 1382 1020 1454 vocat,

99 1453 255 1534 videlicet,
278 1456 361 1534 quod
382 1458 408 1517 is
428 1477 493 1517 non
513 1459 545 1516 in
568 1457 733 1534 hominem,
750 1456 853 1516 sedin.
867 1456 1019 1529 Clinicum]
1088 1507 1091 1512 .

98 1546 219 1618 peccat,
240 1540 294 1616 qui
316 1540 447 1601 hominis
472 1539 622 1608 eiusmodi
635 1539 773 1605 ,formam
795 1540 884 1609 inse
908 1539 1020 1620 glorifi-

99 1622 193 1698 cavit,
217 1639 308 1699 quarn
330 1621 385 1683 ille
405 1622 569 1685 maledicit.
614 1621 766 1696 Quocirca
787 1621 852 1689 uult
865 1641 922 1683 nos
936 1623 1020 1691 Chri·

98 1711 165 1763 stus
188 1703 296 1777 oculos
312 1707 448 1784 aperire:
469 1712 500 1767 et
521 1706 641 1784 quoties
666 1705 831 1775 occurrerit
853 1702 1018 1774 nobisali-

99 1787 168 1865 quis
190 1805 321 1867 pauper,
344 1789 471 1867 stultus,
503 1795 665 1868 peccator,
693 1793 745 1853 aut
773 1787 881 1847 similis
902 1787 1020 1859 formae

98 1869 203 1944 statim
227 1871 310 1931 velut
330 1871 585 1951 insignsChristi
605 1870 700 1950 ipsius
728 1871 758 1930 in
780 1871 850 1948 ipso
871 1889 1020 1950 agnoscar

99 1971 185 2030 mus,
213 1958 245 2013 et
270 1973 330 2033 per
358 1955 487 2015 formam
504 1955 577 2017 ‚Dei
608 1960 684 2031 (qua
706 1952 856 2017 vellemus
877 1954 954 2015 alias
975 1955 1020 2023 in,-

99 2033 186 2118 llsri)
212 2036 438 2115 eiserviamua,
460 2035 589 2115 orando,
611 2035 782 2112 monendo,¹
799 2034 933 2103 iuvando
950 2042 1020 2113 eto„

100 2117 204 2179 donec
228 2125 259 2178 et
278 2119 365 2180 illum
389 2121 589 2198 eripuerimus
601 2118 640 2179 ab
654 2117 808 2181 'eiusmodi
820 2118 918 2181 forma
928 2119 1018 2181 servi.

97 2201 170 2261 Hoc
198 2207 246 2261 esi
273 2201 356 2281 quod
381 2210 442 2263 'uon
466 2202 531 2262 vult
551 2221 643 2262 unum
668 2222 706 2261 ex
729 2201 863 2260 minimis
884 2203 947 2261 suis
969 2201 1019 2265 de·

100 2284 193 2365 spici,
216 2283 271 2344 sed
294 2285 374 2347 bene
395 2285 461 2345 lieri
484 2293 515 2344 et
535 2285 696 2361 honorari,
726 2289 871 2362 tanquam
893 2285 919 2344 si
937 2285 1019 2364 ‚ipse

100 2373 165 2427 met
197 2386 342 2446 praesens
382 2375 474 2428 esset.
517 2368 557 2427 El
589 2367 667 2428 haec
695 2366 793 2427 forma
821 2367 900 2427 servi
928 2365 1020 2436 debat

101 2468 171 2509 esse
184 2451 338 2530 episcopis
359 2453 491 2531 propria,
515 2451 594 2510 sicut
614 2451 645 2509 in
668 2449 830 2528 evangelio
853 2451 912 2511 isto
928 2449 1018 2511 docs=

100 2540 158 2592 tur.
201 2533 244 2592 At
266 2552 356 2611 nunc,
379 2535 457 2594 sicut
479 2532 685 2608 antichristus,
707 2534 736 2591 in
758 2532 872 2610 templo
894 2532 952 2593 Dei
967 2550 1019 2603 sa·

100 2614 191 2691 dent,
221 2616 482 2689 ostendentes-se
504 2624 648 2694 tauquam
670 2615 733 2677 siut
758 2615 856 2675 Deus:
885 2621 1020 2693 potesta

100 2705 165 2758 tem
186 2707 346 2778 acceptam
367 2719 430 2759 nou
454 2700 561 2759 sisinn
585 2717 673 2758 suum
687 2696 885 2758 commodum
901 2698 1019 2776 rapiam

100 2790 147 2840 tes
171 2788 201 2839 et
217 2783 354 2861 rapinam
364 2782 549 2851 arbitrantes
568 2780 765 2860 (praesertim
779 2784 890 2858 papa),
912 2797 1020 2841 secure

100 2864 307 2942 quiescentes,
325 2864 404 2929 nulli
426 2867 603 2940 servientes,
627 2861 681 2925 sed
705 2863 1019 2927 omniumservitutss

101 2947 194 3007 eliam
218 2954 437 3026 extorquentes
459 2967 514 3026 per
535 2946 723 3007 violentiam.
769 2944 1019 3024 lgituromnibus

99 3031 207 3089 omnia
238 3029 304 3090 fieri
333 3038 473 3109 oportet,
516 3037 549 3089 ut
580 3026 733 3087 lucrifiant
759 3046 815 3106 per
842 3047 908 3088 nos.
960 3026 1019 3102 Qui

98 3114 181 3173 enim
202 3114 372 3192 susceperit
399 3133 492 3173 unum
520 3111 680 3191 parvulum
711 3109 805 3171 talem
835 3111 865 3169 in
893 3111 1019 3179 nomine

99 3215 182 3271 meo,
206 3216 253 3255 mc
276 3197 412 3275 suscipit,
436 3203 466 3257 et
488 3196 538 3274 qui
562 3214 595 3253 se
616 3193 830 3269 humiliaverit,
853 3194 931 3253 sicut
952 3211 1018 3272 par-

99 3278 188 3338 vulus
211 3281 287 3356 iste,
316 3280 373 3339 lrio.
388 3286 436 3339 est
457 3280 554 3338 maior
573 3279 608 3352 ,in
631 3295 727 3354 regno
751 3275 918 3337 coelorum.
956 3275 1019 3337 Va

99 3382 166 3422 rum
189 3363 248 3422 ista
270 3361 419 3440 doctrina,
441 3362 603 3440 purissime
624 3360 821 3438 evangelica,
850 3358 945 3419 multa
966 3376 1018 3437 pa.-

101 3447 174 3505 titur
201 3445 347 3506 scandala
379 3449 458 3520 (tam
487 3445 589 3504 furens
618 3443 735 3503 malum
768 3449 815 3501 est
848 3439 1020 3525 superbia).

185 3527 343 3607 Sequitur:
387 3528 427 3587 Et
448 3529 499 3606 qui
521 3546 614 3586 unum
640 3525 678 3584 de
705 3524 823 3604 pusillis
851 3525 936 3602 istis,
967 3524 1020 3602 qui

102 3611 232 3672 credunt
253 3613 284 3671 in
308 3631 374 3687 me,
397 3609 660 3684 scandalisaverit,
682 3607 808 3686 expedit
837 3609 880 3686 ei,
902 3615 936 3669 ut
957 3626 1019 3665 sus-

53 3746 56 3751 .
101 3695 253 3774 pendatur
275 3694 358 3755 mola
379 3694 512 3754 asinaria
533 3693 564 3752 in
586 3691 669 3751 collo
693 3691 757 3750 eius
773 3697 804 3751 et
827 3689 1022 3770 demergatur

100 3780 133 3841 in
155 3777 339 3858 profundum
363 3777 465 3839 maris.
502 3773 626 3854 Duplex
639 3772 1021 3834 narrandarumustorum
