2356 4200
395 281 504 338 Nicclul
523 279 682 336 Amsdorfli.
979 272 1000 341 9

77 452 254 515 difficilibus
277 453 422 536 oporibus
442 453 657 515 remisbicnem
677 454 876 530 peccatorum
906 454 938 508 et
958 448 1001 508 vi·-

78 548 138 596 tam
152 543 323 618 aeternam,
347 556 408 617 quc
428 537 503 598 nihil
512 536 633 599 beatius
647 533 775 615 cogitari
792 537 905 613 pctest,
929 550 1002 593 ccu·

78 629 309 699 sequerentur.-

160 703 223 764 ssd
237 703 440 766 Reverendua
462 704 516 781 vir,
539 662 657 765 Doctcr
670 699 839 776 Lutherus,
852 712 1002 758 accensus

79 787 225 847 divinitus
247 787 419 848 doctrinam
442 786 682 863 emendavit,e
683 783 886 843 trevccavit
904 780 1002 842 eccle·
1061 844 1069 852 ,

79 872 155 931 siam
184 871 226 931 ad
253 872 371 948 fontes,
399 869 536 930 ostendit
556 869 695 950 plenam
710 884 779 927 esse
807 884 944 926 errorum
971 870 1003 924 et

79 955 254 1098 hypocrisis
285 955 481 1034 opinionem,
515 972 596 1032 quae
621 950 710 1032 lingit
728 950 870 1011 homines
897 964 1004 1033 coram

78 1038 177 1098 llec'
168 1043 233 1098 rust
234 1057 272 1098 cs
293 1056 365 1098 esse
385 1044 513 1118 propter
534 1035 661 1117 propria
687 1028 843 1125 exercitia,
865 1024 1004 1115 virtutes,

80 1121 197 1217 cultus,
235 1121 440 1200 disciplinam.
493 1120 633 1198 Denique
666 1119 850 1180 monstravit
880 1110 1005 1177 unicam

80 1205 161 1264 viam
185 1210 219 1264 et
238 1214 364 1285 portum
385 1202 507 1282 salutis,
529 1202 622 1264 fidem
645 1201 777 1280 scihcet,
804 1202 1006 1283 acquiescen-¹

80 1296 143 1347 tem
164 1288 197 1347 in
220 1286 290 1348 sclc
303 1286 485 1366 mediatore,
506 1287 642 1348 Domino
656 1293 729 1346 nost
716 1285 859 1346 desero
870 1284 1002 1361 Ohrrstc,

80 1389 252 1451 perquem
274 1372 340 1431 aine
372 1371 516 1432 omnibus
537 1368 681 1512 operibus
710 1386 772 1430 non
795 1368 889 1430 mcdc
913 1366 1004 1429 tradi-

81 1456 201 1515 tionum
224 1454 437 1530 humanarum,
458 1453 561 1514 sedus
584 1454 687 1531 etiam,
709 1471 789 1532 quae
809 1453 1007 1514 aDecman

82 1538 155 1598 data
175 1545 259 1617 sunt,
281 1539 364 1598 vitae
386 1543 532 1599 aeternae
543 1537 767 1598 restitutionem
778 1537 1004 1616 consequimur,

82 1623 161 1680 sicut
189 1619 272 1681 filius
293 1621 351 1681 Dei
372 1621 523 1681 Dominus
551 1625 657 1681 noster
678 1620 768 1680 lesus
795 1618 933 1681 Christus
961 1625 1004 1681 tc·

82 1712 190 1782 stutur,
213 1705 367 1783 inquiens,
379 1703 449 1785 Egc
463 1723 530 1765 sum
543 1703 610 1800 Via,
623 1703 791 1764 Veritaset
803 1703 883 1764 Vita
907 1694 1005 1764 Hanc

81 1795 200 1847 rectam
222 1792 255 1847 et
276 1784 538 1867 compendiariam
559 1787 651 1864 viam,
674 1785 836 1847 ducentem
855 1784 895 1847 ad
909 1792 1005 1848 aeter·

84 1891 155 1930 nam
177 1889 248 1930 cum
269 1871 338 1931 Deo
361 1871 557 1947 societatem,
579 1870 700 1950 seriptis
722 1871 785 1930 suis
806 1862 1007 1932 Reverendus¹

84 1956 129 2013 vir
149 1953 432 2016 Dcctcrhutherus
454 1953 573 2034 aperuit
595 1959 627 2013 et
646 1957 700 2032 pat
688 1952 800 2034 tefecit,
823 1956 907 2015 cmni
923 1972 1010 2032 asse-¹

84 2038 247 2098 veratrcne
258 2035 455 2116 confirmans,
476 2057 540 2098 non
552 2054 623 2097 esse
635 2035 727 2097 sliam
750 2056 893 2118 nequem
915 2037 1010 2099 coelc'

85 2140 188 2199 neque
211 2121 242 2180 ιιι
265 2127 361 2199 terra,
382 2139 439 2200 per
460 2139 551 2200 quam
574 2120 613 2183 ad
633 2126 747 2180 metam
770 2127 915 2182 aeternae
937 2119 1008 2181 bea·

85 2203 223 2264 titudinis
257 2210 344 2264 recto
377 2222 468 2264 cursu
503 2203 690 2265 contendere
723 2205 887 2284 possimus,
936 2204 1006 2265 Non

85 2289 167 2347 enim
190 2286 315 2347 dubium
338 2293 394 2364 est,
418 2288 490 2367 quin
508 2287 618 2347 ecdem
642 2285 747 2362 modo,
769 2287 872 2366 idest,
895 2287 1007 2346 fiducia

86 2370 265 2431 mediatoris
297 2370 407 2430 salvati
439 2371 500 2430 sint
534 2377 565 2431 et
592 2371 764 2446 salventur,
798 2372 848 2450 qui
874 2371 1006 2449 luerunt,

85 2459 156 2514 sunt
184 2461 217 2514 et
244 2459 334 2513 erunt
368 2473 442 2514 vera
477 2454 630 2515 ecclesiae
664 2454 802 2514 membra
837 2454 876 2514 ab
906 2453 1005 2513 Adam

85 2557 181 2616 usque
203 2536 243 2598 ad
265 2538 521 2597 resurrectionem
544 2542 743 2598 mortuorum.

166 2620 289 2680 Deinde
312 2618 455 2681 omuibus
483 2640 663 2701 persuasum
685 2621 754 2698 fuit,
782 2620 907 2680 Missam
937 2638 1007 2679 esse

87 2724 164 2783 cpus
187 2704 332 2763 eximium
356 2709 387 2762 et
409 2704 580 2784 singulare,
604 2722 664 2783 quc
687 2704 771 2764 Deus
798 2703 947 2763 iudicaret
972 2721 1006 2763 se

85 2788 206 2847 honore
227 2785 308 2846 affici
332 2792 363 2845 et
384 2788 464 2846 veris
485 2786 626 2848 laudibus
639 2787 797 2848 celebrari.
840 2787 907 2846 ‚Iam
930 2804 1006 2845 vern

85 2871 142 2930 Dei
166 2889 319 2930 concessu
348 2876 379 2928 et
400 2886 527 2930 munere
550 2869 726 2947 didicimus,
756 2876 787 2930 et
808 2869 945 2949 quotidie
967 2888 1007 2929 ex

86 2954 208 3033 scriptis
230 2953 268 3012 D.
291 2951 414 3012 Lutheri
437 2953 591 3029 discimus‘,
613 2951 706 3032 idque
728 2953 920 3034 exploratum
944 2968 1007 3012 (ιιιι-Ι

87 3037 161 3096 nino
184 3035 350 3113 habemus,
380 3037 504 3096 missam
532 3037 716 3116 papisticam
744 3055 814 3096 esse
837 3035 953 3097 idolum
977 3040 1012 3109 et,

86 3119 350 3179 abominationem
372 3118 583 3187 foedissimam
603 3138 641 3179 ιι
662 3120 864 3197 teterrimam,
892 3117 931 3179 ab
953 3112 1014 3178 hc'·i

87 3202 219 3262 minibus
242 3204 271 3261 in
295 3201 458 3263 ecclesiam
481 3202 620 3264 horribili
641 3202 771 3262 audacia
798 3203 1022 3282 importatum,'

86 3307 146 3365 qua
158 3287 244 3346 Deus
266 3305 325 3345 nec
346 3291 430 3346 recte
452 3304 510 3346 nec
531 3287 582 3366 pie
605 3286 723 3362 colitur,
747 3285 802 3345 sed
825 3285 921 3346 multo
945 3298 1007 3345 ma-

85 3371 135 3450 gis
155 3368 343 3429 contumelia
363 3368 509 3447 afficitur,
532 3376 564 3430 et
584 3370 628 3429 ιιι
648 3370 745 3449 ipsius
766 3370 933 3429 iustissima
954 3367 1006 3428 sd·

86 3471 193 3513 versus
222 3459 304 3512 totas
325 3460 434 3533 gentes
463 3460 494 3512 et
515 3454 654 3514 civitates
681 3450 896 3514 inflammatur.
939 3452 1013 3526 Qua·

87 3536 125 3596 de
146 3556 181 3596 re
209 3535 399 3616 cogitantes,
433 3555 541 3596 omnes
569 3537 638 3616 pics
668 3542 733 3596 toto
763 3535 839 3596 crbe
861 3542 1007 3596 terrarum

87 3621 203 3698 gratias
240 3636 333 3698 agere
370 3617 461 3679 decet
494 3620 562 3680 Dec
601 3626 728 3678 aeterno
768 3620 847 3699 patri
883 3617 1017 3679 Domini·

88 3703 186 3764 nostri
207 3701 281 3762 Jesu
303 3701 429 3776 Christi,
452 3703 503 3781 qui
524 3701 561 3762 D.
585 3701 706 3761 Martini
728 3700 853 3762 Lutheri
875 3702 1008 3762 ministe

87 3788 132 3847 ric
155 3784 308 3846 ecclesiae
328 3804 436 3865 puram
462 3785 633 3846 doctrinam
658 3785 808 3867 restituit,
838 3802 876 3845 sc
903 3790 1010 3869 petere
