2356 4200
411 287 586 360 Heidelberg.
605 286 743 358 Disputat.
982 285 1045 353 405

121 465 155 521 ut
175 460 215 520 sit
247 461 380 540 sopiens.
431 458 574 520 Secundo
604 461 683 520 rotio
720 464 776 537 est,
810 459 892 540 quod
926 459 1046 522 scilieet

124 544 253 604 seientia
274 542 376 622 inflet,
404 541 475 603 ideo
497 542 555 603 nisi
576 544 699 621 scietur,
722 543 804 622 quod
827 544 926 604 omnis
949 545 1045 604 seien-

123 628 165 688 tie
187 632 234 687 est
256 626 295 686 de
316 642 443 706 nurnero
464 644 580 705 eorum,
603 644 682 705 quoe
700 645 762 686 nou
785 631 915 706 prosunt
937 626 977 686 ed
999 646 1045 687 se-

92 710 217 771 =lutem
247 710 305 769 nisi
326 710 364 768 iis
387 710 437 788 qui
460 709 582 768 suntin
614 709 727 790 gotie,
765 709 891 770 omnino
923 707 1046 770 infletur

124 793 245 854 enimus
268 792 402 852 scientis
448 790 533 851 Siout
556 793 636 852 enim
659 793 726 852 istis
749 793 855 852 omnio
876 805 1071 872 coopertu,

123 883 170 936 tur
202 876 234 935 in
264 874 398 951 bonum,
431 875 475 934 its
502 873 562 934 illis
591 877 696 935 omnio
722 875 753 934 in
776 874 899 936 molum.
942 874 1046 935 Tertio

121 960 200 1019 retio
224 963 287 1034 est,
321 957 403 1037 quod
425 957 558 1017 hominis
580 964 647 1018 tote
666 957 795 1036 fiducia,
828 959 907 1037 vito,
936 957 1046 1039 glorie,

122 1043 235 1118 virtus,
270 1041 422 1120 sepientis
460 1059 522 1101 non
553 1047 600 1100 est
627 1041 685 1100 nisi
719 1039 866 1102 Christus.
909 1039 1046 1101 christus

124 1130 227 1185 nutem
248 1125 280 1183 in
303 1124 370 1184 Deo
394 1129 441 1184 est
462 1123 672 1184 absconditus.
706 1120 809 1198 Quare
831 1142 940 1202 omne,
963 1122 1046 1203 quod

117 1213 260 1288 opponet,
278 1212 398 1267 nonest
409 1206 440 1265 id
455 1205 493 1266 de
506 1225 566 1285 qno
579 1206 696 1267 homini
719 1207 758 1267 sit
778 1205 1046 1287 praesumendum.

123 1289 213 1352 Unde
235 1289 406 1350 stultifieeri
438 1288 499 1349 hoe
519 1288 590 1349 loeo
621 1288 652 1349 id
676 1287 762 1366 dieo,
799 1291 877 1350 seire
918 1289 1045 1367 seilicet,

125 1372 207 1453 quod
236 1373 342 1433 omnio
370 1377 493 1452 praeter
515 1370 667 1432 Christum
690 1373 768 1432 seire
801 1373 840 1433 sit
861 1371 936 1433 nihil
958 1373 1046 1449 seire,

123 1456 258 1536 ideoque
279 1455 372 1515 telem
389 1455 548 1514 seientiam
567 1453 740 1514 habendam
762 1474 799 1515 eo
821 1456 846 1515 si
870 1473 932 1515 non
953 1454 1046 1517 habe·
1146 1531 1149 1538 ⁴

125 1545 201 1617 etur,
225 1557 289 1599 non
311 1540 343 1598 in
365 1556 403 1597 eo
423 1537 556 1618 plaeere,
579 1556 680 1617 neque
707 1557 782 1617 pree
804 1538 914 1598 deteris
937 1557 971 1598 se
994 1537 1047 1598 oli-

126 1621 200 1701 quid
238 1640 308 1682 esse
340 1626 457 1700 putere.
506 1618 680 1681 Hieremiae
713 1622 746 1684 9:
795 1620 865 1681 Non
898 1619 1047 1702 glorietur

126 1705 251 1785 sepiens
273 1705 304 1764 in
327 1704 478 1783 sepientis
499 1721 564 1782 sue,
587 1703 642 1763 sed
664 1701 812 1785 glorietur
833 1722 926 1764 nosse
947 1722 1007 1766 me.

390 1838 584 1899 Duodecimn
606 1838 777 1899 oonolusio.

207 1954 292 2016 Siout
311 1955 446 2016 libidinis
468 1955 551 2016 molo
573 1974 637 2016 non
657 1943 751 2015 utitur
761 1954 850 2034 bene,
872 1954 931 2015 nisi
944 1957 1046 2017 eoniu-

123 2046 222 2120 gntus,
244 2039 290 2099 ito
311 2057 403 2099 nemo
426 2038 661 2119 philosophetur
682 2038 771 2116 bene,
793 2037 851 2097 nisi
874 2037 994 2118 stultus,
1015 2037 1047 2099 id

123 2128 179 2201 est,
203 2121 402 2182 Christianus.

206 2205 308 2265 Retio.
352 2203 431 2279 Quia
465 2205 546 2264 siout
571 2203 668 2264 libido
693 2209 741 2264 est
760 2221 910 2283 perverso
931 2203 1046 2284 cupidi·
1116 2278 1119 2283 Ι

123 2293 170 2348 tus
203 2287 386 2367 voluptatis,
420 2287 463 2347 ito
483 2287 680 2368 philosophia
701 2292 744 2346 est
776 2304 937 2366 perversus
960 2305 1048 2348 emor

125 2370 256 2448 sciendi,
286 2371 344 2429 nisi
367 2370 442 2429 assit
463 2372 561 2450 gretie
584 2370 704 2430 Christi.
747 2369 818 2430 Non
841 2368 924 2448 quod
947 2369 1044 2449 philo-

124 2453 233 2533 sophie
254 2454 293 2512 sit
319 2452 419 2530 melo,
440 2452 494 2513 sed
519 2451 601 2532 quod
624 2452 773 2532 cupiditas
795 2451 956 2531 hueusque
984 2471 1047 2512 non

123 2543 228 2616 potest
250 2555 319 2597 esse
341 2535 424 2595 mela
446 2537 503 2595 nisi
526 2535 717 2596 Christianis.
762 2535 827 2596 lmo
851 2554 958 2596 ornnes
981 2554 1046 2596 oor-

123 2621 208 2699 poris
231 2624 262 2680 et
282 2619 404 2678 animae
425 2619 505 2679 vires
527 2619 604 2679 teies
620 2625 702 2695 sunt,
727 2625 759 2678 ut
781 2618 848 2678 sine
870 2619 969 2698 gratio
992 2618 1044 2678 bo-

125 2721 196 2762 uem
219 2708 388 2762 ereaturam
410 2702 467 2762 Dei
489 2721 632 2782 perverse
654 2702 785 2781 repient.
828 2701 925 2760 Multo
948 2702 1046 2782 magis

124 2784 194 2861 inl)
220 2786 286 2845 sine
309 2782 494 2862 obedientie,
518 2785 635 2845 scilieet
655 2804 761 2844 verum
786 2784 869 2863 eupit
889 2803 1046 2863 perverse,

124 2868 173 2928 vel
196 2868 226 2928 in
250 2867 380 2948 glorium
402 2887 488 2927 suem
511 2867 559 2928 vel
582 2869 616 2960 in
636 2866 749 2927 odium.

181 3089 213 3157 1)
232 3089 320 3157 Haeo,
349 3106 411 3142 eum
440 3095 499 3142 tote
523 3090 627 3158 pagine
649 3089 805 3139 stramento
831 3089 904 3137 esset
927 3087 1047 3151 periure,

125 3161 182 3230 legi
202 3178 259 3214 non
277 3165 416 3230 poterent.
453 3160 542 3215 Budd.
936 3201 952 3231 „

492 3429 693 3440 „ma-..-
