<?xml version="1.0" encoding="UTF-8"?>
<!DOCTYPE html PUBLIC "-//W3C//DTD XHTML 1.0 Transitional//EN"
    "http://www.w3.org/TR/xhtml1/DTD/xhtml1-transitional.dtd">
<html xmlns="http://www.w3.org/1999/xhtml" xml:lang="en" lang="en">
 <head>
  <title>
</title>
<meta http-equiv="Content-Type" content="text/html;charset=utf-8" />
  <meta name='ocr-system' content='tesseract 3.04.00' />
  <meta name='ocr-capabilities' content='ocr_page ocr_carea ocr_par ocr_line ocrx_word'/>
</head>
<body>
  <div class='ocr_page' id='page_1' title='image "./dmartinilutheri01luthgoog_0062.png"; bbox 0 0 2356 4200; ppageno 0'>
   <div class='ocr_carea' id='block_1_1' title="bbox 421 284 1046 365">
    <p class='ocr_par' dir='ltr' id='par_1_1' title="bbox 421 284 1046 365">
     <span class='ocr_line' id='line_1_1' title="bbox 421 284 1046 365; baseline 0.006 -16"><span class='ocrx_word' id='word_1_1' title='bbox 421 291 564 363; x_wconf 33' lang='lat' dir='ltr'><strong>,stult</strong></span> <span class='ocrx_word' id='word_1_2' title='bbox 581 289 679 365; x_wconf 70' lang='lat' dir='ltr'><strong>hacid</strong></span> <span class='ocrx_word' id='word_1_3' title='bbox 1003 284 1046 353; x_wconf 75' lang='grc'><strong>57</strong></span> 
     </span>
    </p>
   </div>
   <div class='ocr_carea' id='block_1_2' title="bbox 122 461 1049 3443">
    <p class='ocr_par' dir='ltr' id='par_1_2' title="bbox 122 461 1049 3443">
     <span class='ocr_line' id='line_1_2' title="bbox 131 461 1049 546; baseline 0.001 -22"><span class='ocrx_word' id='word_1_4' title='bbox 131 461 167 525; x_wconf 89' lang='lat' dir='ltr'><strong>de</strong></span> <span class='ocrx_word' id='word_1_5' title='bbox 186 463 328 544; x_wconf 72' lang='lat' dir='ltr'><strong>Ohnsto,</strong></span> <span class='ocrx_word' id='word_1_6' title='bbox 350 464 469 546; x_wconf 77' lang='lat' dir='ltr'><strong>gallina</strong></span> <span class='ocrx_word' id='word_1_7' title='bbox 488 469 612 543; x_wconf 76' lang='lat' dir='ltr'><strong>uonna,</strong></span> <span class='ocrx_word' id='word_1_8' title='bbox 636 461 767 525; x_wconf 83' lang='lat' dir='ltr'><strong>efficitur</strong></span> <span class='ocrx_word' id='word_1_9' title='bbox 793 461 866 523; x_wconf 90' lang='lat' dir='ltr'><strong>mihi</strong></span> <span class='ocrx_word' id='word_1_10' title='bbox 882 480 995 533; x_wconf 80' lang='lat' dir='ltr'><strong>‚errans</strong></span> <span class='ocrx_word' id='word_1_11' title='bbox 1016 467 1049 525; x_wconf 86' lang='lat' dir='ltr'><strong>st</strong></span> 
     </span>
     <span class='ocr_line' id='line_1_3' title="bbox 130 544 1047 627; baseline -0.001 -20"><span class='ocrx_word' id='word_1_12' title='bbox 130 546 237 609; x_wconf 79' lang='lat' dir='ltr'><strong>falsum</strong></span> <span class='ocrx_word' id='word_1_13' title='bbox 260 545 437 627; x_wconf 51' lang='lat' dir='ltr'><strong>dictumst)</strong></span> <span class='ocrx_word' id='word_1_14' title='bbox 481 544 559 607; x_wconf 91' lang='lat' dir='ltr'><strong>Vult</strong></span> <span class='ocrx_word' id='word_1_15' title='bbox 576 545 727 607; x_wconf 83' lang='lat' dir='ltr'><strong>Dominus</strong></span> <span class='ocrx_word' id='word_1_16' title='bbox 756 564 825 607; x_wconf 85' lang='lat' dir='ltr'><strong>esse</strong></span> <span class='ocrx_word' id='word_1_17' title='bbox 852 544 968 627; x_wconf 83' lang='lat' dir='ltr'><strong>gallina</strong></span> <span class='ocrx_word' id='word_1_18' title='bbox 993 564 1047 606; x_wconf 91' lang='lat' dir='ltr'><strong>no·</strong></span> 
     </span>
     <span class='ocr_line' id='line_1_4' title="bbox 128 626 1046 710; baseline 0.001 -20"><span class='ocrx_word' id='word_1_19' title='bbox 128 638 189 690; x_wconf 86' lang='lat' dir='ltr'><strong>stra</strong></span> <span class='ocrx_word' id='word_1_20' title='bbox 207 630 249 691; x_wconf 83' lang='lat' dir='ltr'><strong>ad</strong></span> <span class='ocrx_word' id='word_1_21' title='bbox 271 631 419 710; x_wconf 85' lang='lat' dir='ltr'><strong>salntem,</strong></span> <span class='ocrx_word' id='word_1_22' title='bbox 441 629 497 691; x_wconf 86' lang='lat' dir='ltr'><strong>sed</strong></span> <span class='ocrx_word' id='word_1_23' title='bbox 516 648 575 690; x_wconf 84' lang='lat' dir='ltr'><strong>nou</strong></span> <span class='ocrx_word' id='word_1_24' title='bbox 597 629 749 691; x_wconf 86' lang='lat' dir='ltr'><strong>nolumus.</strong></span> <span class='ocrx_word' id='word_1_25' title='bbox 791 626 860 690; x_wconf 87' lang='lat' dir='ltr'><strong>Hoc</strong></span> <span class='ocrx_word' id='word_1_26' title='bbox 880 634 928 691; x_wconf 85' lang='lat' dir='ltr'><strong>est</strong></span> <span class='ocrx_word' id='word_1_27' title='bbox 954 628 1046 708; x_wconf 84' lang='lat' dir='ltr'><strong>enirn,</strong></span> 
     </span>
     <span class='ocr_line' id='line_1_5' title="bbox 127 710 1047 794; baseline -0.001 -19"><span class='ocrx_word' id='word_1_28' title='bbox 127 712 206 794; x_wconf 88' lang='lat' dir='ltr'><strong>quod</strong></span> <span class='ocrx_word' id='word_1_29' title='bbox 228 713 307 793; x_wconf 84' lang='lat' dir='ltr'><strong>dixi,</strong></span> <span class='ocrx_word' id='word_1_30' title='bbox 329 713 414 794; x_wconf 92' lang='lat' dir='ltr'><strong>quod</strong></span> <span class='ocrx_word' id='word_1_31' title='bbox 436 731 493 775; x_wconf 90' lang='lat' dir='ltr'><strong>nos</strong></span> <span class='ocrx_word' id='word_1_32' title='bbox 517 712 629 773; x_wconf 87' lang='lat' dir='ltr'><strong>nostris</strong></span> <span class='ocrx_word' id='word_1_33' title='bbox 650 712 771 773; x_wconf 86' lang='lat' dir='ltr'><strong>iustitiis</strong></span> <span class='ocrx_word' id='word_1_34' title='bbox 793 730 918 793; x_wconf 86' lang='lat' dir='ltr'><strong>prorsus</strong></span> <span class='ocrx_word' id='word_1_35' title='bbox 935 710 1047 774; x_wconf 86' lang='lat' dir='ltr'><strong>salvari</strong></span> 
     </span>
     <span class='ocr_line' id='line_1_6' title="bbox 128 793 1047 877; baseline -0.001 -20"><span class='ocrx_word' id='word_1_36' title='bbox 128 816 188 858; x_wconf 86' lang='lat' dir='ltr'><strong>non</strong></span> <span class='ocrx_word' id='word_1_37' title='bbox 210 816 395 877; x_wconf 85' lang='lat' dir='ltr'><strong>possumus,</strong></span> <span class='ocrx_word' id='word_1_38' title='bbox 416 795 472 858; x_wconf 87' lang='lat' dir='ltr'><strong>sed</strong></span> <span class='ocrx_word' id='word_1_39' title='bbox 493 793 548 856; x_wconf 90' lang='lat' dir='ltr'><strong>sub</strong></span> <span class='ocrx_word' id='word_1_40' title='bbox 570 794 636 855; x_wconf 85' lang='lat' dir='ltr'><strong>alae</strong></span> <span class='ocrx_word' id='word_1_41' title='bbox 658 795 746 855; x_wconf 89' lang='lat' dir='ltr'><strong>huius</strong></span> <span class='ocrx_word' id='word_1_42' title='bbox 767 794 1047 877; x_wconf 28' lang='lat' dir='ltr'><strong>gallinaeznostrae</strong></span> 
     </span>
     <span class='ocr_line' id='line_1_7' title="bbox 126 874 1046 961; baseline 0 -20"><span class='ocrx_word' id='word_1_43' title='bbox 126 886 253 961; x_wconf 84' lang='lat' dir='ltr'><strong>oportet</strong></span> <span class='ocrx_word' id='word_1_44' title='bbox 261 899 324 941; x_wconf 85' lang='lat' dir='ltr'><strong>nos</strong></span> <span class='ocrx_word' id='word_1_45' title='bbox 345 879 523 961; x_wconf 71' lang='lat' dir='ltr'><strong>confligere,</strong></span> <span class='ocrx_word' id='word_1_46' title='bbox 544 882 586 956; x_wconf 90' lang='lat' dir='ltr'><strong>ut,</strong></span> <span class='ocrx_word' id='word_1_47' title='bbox 609 877 813 959; x_wconf 78' lang='lat' dir='ltr'><strong>quodminus</strong></span> <span class='ocrx_word' id='word_1_48' title='bbox 834 878 865 938; x_wconf 91' lang='lat' dir='ltr'><strong>in</strong></span> <span class='ocrx_word' id='word_1_49' title='bbox 878 874 967 939; x_wconf 85' lang='lat' dir='ltr'><strong>nobis</strong></span> <span class='ocrx_word' id='word_1_50' title='bbox 989 882 1046 956; x_wconf 85' lang='lat' dir='ltr'><strong>est,</strong></span> 
     </span>
     <span class='ocr_line' id='line_1_8' title="bbox 125 960 1045 1044; baseline -0.002 -21"><span class='ocrx_word' id='word_1_51' title='bbox 125 962 163 1023; x_wconf 90' lang='lat' dir='ltr'><strong>de</strong></span> <span class='ocrx_word' id='word_1_52' title='bbox 185 963 255 1024; x_wconf 87' lang='lat' dir='ltr'><strong>eius</strong></span> <span class='ocrx_word' id='word_1_53' title='bbox 265 962 459 1044; x_wconf 89' lang='lat' dir='ltr'><strong>plenitudine</strong></span> <span class='ocrx_word' id='word_1_54' title='bbox 474 961 670 1041; x_wconf 71' lang='lat' dir='ltr'><strong>accipiamus.</strong></span> <span class='ocrx_word' id='word_1_55' title='bbox 713 960 764 1035; x_wconf 81' lang='lat' dir='ltr'><strong>Sic</strong></span> <span class='ocrx_word' id='word_1_56' title='bbox 776 962 857 1039; x_wconf 81' lang='lat' dir='ltr'><strong>enim</strong></span> <span class='ocrx_word' id='word_1_57' title='bbox 869 960 999 1025; x_wconf 80' lang='lat' dir='ltr'><strong>Malach.</strong></span> <span class='ocrx_word' id='word_1_58' title='bbox 1009 962 1045 1025; x_wconf 78' lang='lat'><strong>4:</strong></span> 
     </span>
     <span class='ocr_line' id='line_1_9' title="bbox 124 1042 1047 1121; baseline -0.003 -14"><span class='ocrx_word' id='word_1_59' title='bbox 124 1045 163 1107; x_wconf 80' lang='lat' dir='ltr'><strong>Et</strong></span> <span class='ocrx_word' id='word_1_60' title='bbox 204 1047 325 1108; x_wconf 81' lang='lat' dir='ltr'><strong>orietur</strong></span> <span class='ocrx_word' id='word_1_61' title='bbox 367 1045 456 1108; x_wconf 87' lang='lat' dir='ltr'><strong>vobis</strong></span> <span class='ocrx_word' id='word_1_62' title='bbox 489 1042 666 1107; x_wconf 81' lang='lat' dir='ltr'><strong>timentibus</strong></span> <span class='ocrx_word' id='word_1_63' title='bbox 708 1063 822 1106; x_wconf 89' lang='lat' dir='ltr'><strong>nomen</strong></span> <span class='ocrx_word' id='word_1_64' title='bbox 839 1063 958 1121; x_wconf 81' lang='lat' dir='ltr'><strong>¹meum</strong></span> <span class='ocrx_word' id='word_1_65' title='bbox 992 1042 1047 1105; x_wconf 80' lang='lat' dir='ltr'><strong>Sol</strong></span> 
     </span>
     <span class='ocr_line' id='line_1_10' title="bbox 124 1126 1045 1209; baseline -0.003 -19"><span class='ocrx_word' id='word_1_66' title='bbox 124 1130 277 1209; x_wconf 85' lang='lat' dir='ltr'><strong>iustitiae,</strong></span> <span class='ocrx_word' id='word_1_67' title='bbox 313 1133 346 1190; x_wconf 87' lang='lat' dir='ltr'><strong>et</strong></span> <span class='ocrx_word' id='word_1_68' title='bbox 365 1128 448 1191; x_wconf 87' lang='lat' dir='ltr'><strong>salus</strong></span> <span class='ocrx_word' id='word_1_69' title='bbox 486 1128 518 1189; x_wconf 92' lang='lat' dir='ltr'><strong>in</strong></span> <span class='ocrx_word' id='word_1_70' title='bbox 540 1126 650 1207; x_wconf 82' lang='lat' dir='ltr'><strong>pennis</strong></span> <span class='ocrx_word' id='word_1_71' title='bbox 683 1126 759 1188; x_wconf 86' lang='lat' dir='ltr'><strong>eins.</strong></span> <span class='ocrx_word' id='word_1_72' title='bbox 800 1126 842 1189; x_wconf 80' lang='lat' dir='ltr'><strong>Et</strong></span> <span class='ocrx_word' id='word_1_73' title='bbox 855 1126 968 1197; x_wconf 74' lang='lat' dir='ltr'><strong>Psalnu</strong></span> <span class='ocrx_word' id='word_1_74' title='bbox 990 1129 1045 1192; x_wconf 78' lang='lat'>90.:</span> 
     </span>
     <span class='ocr_line' id='line_1_11' title="bbox 124 1209 1046 1293; baseline -0.002 -20"><span class='ocrx_word' id='word_1_75' title='bbox 124 1211 268 1293; x_wconf 76' lang='lat' dir='ltr'><strong>Scapulis</strong></span> <span class='ocrx_word' id='word_1_76' title='bbox 290 1212 355 1273; x_wconf 85' lang='lat' dir='ltr'><strong>suis</strong></span> <span class='ocrx_word' id='word_1_77' title='bbox 378 1209 573 1279; x_wconf 84' lang='lat' dir='ltr'><strong>obumbrabit</strong></span> <span class='ocrx_word' id='word_1_78' title='bbox 593 1209 664 1287; x_wconf 92' lang='lat' dir='ltr'><strong>tibi,</strong></span> <span class='ocrx_word' id='word_1_79' title='bbox 697 1217 729 1270; x_wconf 91' lang='lat' dir='ltr'><strong>et</strong></span> <span class='ocrx_word' id='word_1_80' title='bbox 760 1210 816 1273; x_wconf 86' lang='lat' dir='ltr'><strong>sub</strong></span> <span class='ocrx_word' id='word_1_81' title='bbox 849 1211 958 1292; x_wconf 87' lang='lat' dir='ltr'><strong>pennis</strong></span> <span class='ocrx_word' id='word_1_82' title='bbox 980 1210 1046 1271; x_wconf 86' lang='lat' dir='ltr'><strong>eius</strong></span> 
     </span>
     <span class='ocr_line' id='line_1_12' title="bbox 124 1290 1046 1376; baseline -0.004 -19"><span class='ocrx_word' id='word_1_83' title='bbox 124 1294 343 1376; x_wconf 81' lang='lat' dir='ltr'><strong>sperabis,.et</strong></span> <span class='ocrx_word' id='word_1_84' title='bbox 358 1294 474 1356; x_wconf 52' lang='lat' dir='ltr'><strong>*Pselm</strong></span> <span class='ocrx_word' id='word_1_85' title='bbox 498 1294 551 1358; x_wconf 82' lang='lat'><strong>62:</strong></span> <span class='ocrx_word' id='word_1_86' title='bbox 593 1290 635 1353; x_wconf 84' lang='lat' dir='ltr'><strong>Et</strong></span> <span class='ocrx_word' id='word_1_87' title='bbox 661 1293 692 1353; x_wconf 91' lang='lat' dir='ltr'><strong>in</strong></span> <span class='ocrx_word' id='word_1_88' title='bbox 721 1293 896 1359; x_wconf 85' lang='lat' dir='ltr'><strong>velamento</strong></span> <span class='ocrx_word' id='word_1_89' title='bbox 930 1293 1046 1357; x_wconf 87' lang='lat' dir='ltr'><strong>alarum</strong></span> 
     </span>
     <span class='ocr_line' id='line_1_13' title="bbox 124 1372 1046 1461; baseline 0 -22"><span class='ocrx_word' id='word_1_90' title='bbox 124 1384 246 1439; x_wconf 74' lang='lat' dir='ltr'><strong>warum</strong></span> <span class='ocrx_word' id='word_1_91' title='bbox 258 1376 402 1458; x_wconf 85' lang='lat' dir='ltr'><strong>sperabo,</strong></span> <span class='ocrx_word' id='word_1_92' title='bbox 424 1396 474 1438; x_wconf 89' lang='lat' dir='ltr'><strong>me</strong></span> <span class='ocrx_word' id='word_1_93' title='bbox 484 1375 621 1455; x_wconf 87' lang='lat' dir='ltr'><strong>suscepit</strong></span> <span class='ocrx_word' id='word_1_94' title='bbox 631 1374 758 1439; x_wconf 85' lang='lat' dir='ltr'><strong>dextera</strong></span> <span class='ocrx_word' id='word_1_95' title='bbox 769 1395 848 1441; x_wconf 83' lang='lat' dir='ltr'><strong>mea.</strong></span> <span class='ocrx_word' id='word_1_96' title='bbox 890 1372 1046 1461; x_wconf 83' lang='lat' dir='ltr'><strong>Alioquin,</strong></span> 
     </span>
     <span class='ocr_line' id='line_1_14' title="bbox 124 1458 1046 1541; baseline -0.001 -19"><span class='ocrx_word' id='word_1_97' title='bbox 124 1462 176 1541; x_wconf 85' lang='lat' dir='ltr'><strong>qui</strong></span> <span class='ocrx_word' id='word_1_98' title='bbox 196 1480 327 1523; x_wconf 81' lang='lat' dir='ltr'><strong>securus</strong></span> <span class='ocrx_word' id='word_1_99' title='bbox 347 1458 464 1521; x_wconf 80' lang='lat' dir='ltr'><strong>incedit</strong></span> <span class='ocrx_word' id='word_1_100' title='bbox 484 1458 646 1521; x_wconf 88' lang='lat' dir='ltr'><strong>iniustitia</strong></span> <span class='ocrx_word' id='word_1_101' title='bbox 667 1478 736 1536; x_wconf 89' lang='lat' dir='ltr'><strong>sua,</strong></span> <span class='ocrx_word' id='word_1_102' title='bbox 757 1461 878 1541; x_wconf 80' lang='lat' dir='ltr'><strong>rapient</strong></span> <span class='ocrx_word' id='word_1_103' title='bbox 892 1479 961 1541; x_wconf 85' lang='lat' dir='ltr'><strong>eum</strong></span> <span class='ocrx_word' id='word_1_104' title='bbox 983 1459 1046 1521; x_wconf 84' lang='lat' dir='ltr'><strong>vul·</strong></span> 
     </span>
     <span class='ocr_line' id='line_1_15' title="bbox 125 1539 1048 1625; baseline -0.001 -20"><span class='ocrx_word' id='word_1_105' title='bbox 125 1550 221 1621; x_wconf 73' lang='lat' dir='ltr'><strong>tures,</strong></span> <span class='ocrx_word' id='word_1_106' title='bbox 244 1542 450 1604; x_wconf 89' lang='lat' dir='ltr'><strong>crudelissimi</strong></span> <span class='ocrx_word' id='word_1_107' title='bbox 467 1541 647 1603; x_wconf 84' lang='lat' dir='ltr'><strong>daemones.</strong></span> <span class='ocrx_word' id='word_1_108' title='bbox 688 1539 771 1603; x_wconf 84' lang='lat' dir='ltr'><strong>Ecce</strong></span> <span class='ocrx_word' id='word_1_109' title='bbox 780 1549 884 1609; x_wconf 86' lang='lat' dir='ltr'><strong>autem</strong></span> <span class='ocrx_word' id='word_1_110' title='bbox 901 1543 1048 1625; x_wconf 87' lang='lat' dir='ltr'><strong>expandit</strong></span> 
     </span>
     <span class='ocr_line' id='line_1_16' title="bbox 125 1625 1047 1709; baseline 0.002 -22"><span class='ocrx_word' id='word_1_111' title='bbox 125 1627 279 1688; x_wconf 78' lang='lat' dir='ltr'><strong>Dominus</strong></span> <span class='ocrx_word' id='word_1_112' title='bbox 299 1632 406 1693; x_wconf 84' lang='lat' dir='ltr'><strong>noster</strong></span> <span class='ocrx_word' id='word_1_113' title='bbox 417 1625 484 1686; x_wconf 87' lang='lat' dir='ltr'><strong>alas</strong></span> <span class='ocrx_word' id='word_1_114' title='bbox 501 1643 573 1685; x_wconf 84' lang='lat' dir='ltr'><strong>snas</strong></span> <span class='ocrx_word' id='word_1_115' title='bbox 594 1625 626 1684; x_wconf 87' lang='lat' dir='ltr'><strong>in</strong></span> <span class='ocrx_word' id='word_1_116' title='bbox 641 1642 745 1703; x_wconf 88' lang='lat' dir='ltr'><strong>cruce,</strong></span> <span class='ocrx_word' id='word_1_117' title='bbox 769 1632 802 1686; x_wconf 91' lang='lat' dir='ltr'><strong>ut</strong></span> <span class='ocrx_word' id='word_1_118' title='bbox 822 1645 880 1688; x_wconf 91' lang='lat' dir='ltr'><strong>nos</strong></span> <span class='ocrx_word' id='word_1_119' title='bbox 892 1627 1047 1709; x_wconf 85' lang='lat' dir='ltr'><strong>suscipiat,</strong></span> 
     </span>
     <span class='ocr_line' id='line_1_17' title="bbox 125 1706 1047 1771; baseline 0.001 -1"><span class='ocrx_word' id='word_1_120' title='bbox 125 1729 209 1771; x_wconf 92' lang='lat' dir='ltr'><strong>nunc</strong></span> <span class='ocrx_word' id='word_1_121' title='bbox 230 1728 309 1770; x_wconf 84' lang='lat' dir='ltr'><strong>vero</strong></span> <span class='ocrx_word' id='word_1_122' title='bbox 331 1728 395 1770; x_wconf 90' lang='lat' dir='ltr'><strong>non</strong></span> <span class='ocrx_word' id='word_1_123' title='bbox 417 1714 535 1769; x_wconf 87' lang='lat' dir='ltr'><strong>tantum</strong></span> <span class='ocrx_word' id='word_1_124' title='bbox 560 1706 599 1767; x_wconf 85' lang='lat' dir='ltr'><strong>ab</strong></span> <span class='ocrx_word' id='word_1_125' title='bbox 623 1708 668 1767; x_wconf 90' lang='lat' dir='ltr'><strong>eis</strong></span> <span class='ocrx_word' id='word_1_126' title='bbox 690 1707 747 1769; x_wconf 88' lang='lat' dir='ltr'><strong>alis</strong></span> <span class='ocrx_word' id='word_1_127' title='bbox 768 1708 917 1770; x_wconf 86' lang='lat' dir='ltr'><strong>recedunt</strong></span> <span class='ocrx_word' id='word_1_128' title='bbox 937 1711 969 1770; x_wconf 89' lang='lat' dir='ltr'><strong>in</strong></span> <span class='ocrx_word' id='word_1_129' title='bbox 991 1729 1047 1771; x_wconf 88' lang='lat' dir='ltr'><strong>sna</strong></span> 
     </span>
     <span class='ocr_line' id='line_1_18' title="bbox 124 1790 1046 1873; baseline 0.001 -20"><span class='ocrx_word' id='word_1_130' title='bbox 124 1792 253 1873; x_wconf 84' lang='lat' dir='ltr'><strong>propria</strong></span> <span class='ocrx_word' id='word_1_131' title='bbox 280 1791 366 1853; x_wconf 85' lang='lat' dir='ltr'><strong>bona</strong></span> <span class='ocrx_word' id='word_1_132' title='bbox 387 1810 497 1872; x_wconf 85' lang='lat' dir='ltr'><strong>opera,</strong></span> <span class='ocrx_word' id='word_1_133' title='bbox 528 1790 652 1870; x_wconf 82' lang='lat' dir='ltr'><strong>insuper</strong></span> <span class='ocrx_word' id='word_1_134' title='bbox 672 1790 782 1851; x_wconf 88' lang='lat' dir='ltr'><strong>nolunt</strong></span> <span class='ocrx_word' id='word_1_135' title='bbox 809 1791 915 1854; x_wconf 87' lang='lat' dir='ltr'><strong>audire</strong></span> <span class='ocrx_word' id='word_1_136' title='bbox 936 1812 1046 1855; x_wconf 87' lang='lat' dir='ltr'><strong>vocem</strong></span> 
     </span>
     <span class='ocr_line' id='line_1_19' title="bbox 125 1872 1046 1956; baseline 0.002 -21"><span class='ocrx_word' id='word_1_137' title='bbox 125 1876 268 1936; x_wconf 82' lang='lat' dir='ltr'><strong>vocantis</strong></span> <span class='ocrx_word' id='word_1_138' title='bbox 291 1874 436 1955; x_wconf 86' lang='lat' dir='ltr'><strong>gallinae.</strong></span> <span class='ocrx_word' id='word_1_139' title='bbox 477 1872 609 1949; x_wconf 83' lang='lat' dir='ltr'><strong>Nolunt,</strong></span> <span class='ocrx_word' id='word_1_140' title='bbox 645 1873 787 1953; x_wconf 87' lang='lat' dir='ltr'><strong>inquam,</strong></span> <span class='ocrx_word' id='word_1_141' title='bbox 820 1875 941 1953; x_wconf 90' lang='lat' dir='ltr'><strong>audire,</strong></span> <span class='ocrx_word' id='word_1_142' title='bbox 963 1875 1046 1956; x_wconf 90' lang='lat' dir='ltr'><strong>quod</strong></span> 
     </span>
     <span class='ocr_line' id='line_1_20' title="bbox 124 1956 1046 2040; baseline 0 -22"><span class='ocrx_word' id='word_1_143' title='bbox 124 1959 261 2019; x_wconf 84' lang='lat' dir='ltr'><strong>iustitiae</strong></span> <span class='ocrx_word' id='word_1_144' title='bbox 283 1976 391 2018; x_wconf 87' lang='lat' dir='ltr'><strong>eorum</strong></span> <span class='ocrx_word' id='word_1_145' title='bbox 411 1961 541 2038; x_wconf 84' lang='lat' dir='ltr'><strong>peccata</strong></span> <span class='ocrx_word' id='word_1_146' title='bbox 573 1956 648 2034; x_wconf 87' lang='lat' dir='ltr'><strong>sint,</strong></span> <span class='ocrx_word' id='word_1_147' title='bbox 676 1974 755 2036; x_wconf 87' lang='lat' dir='ltr'><strong>quae</strong></span> <span class='ocrx_word' id='word_1_148' title='bbox 777 1957 893 2038; x_wconf 89' lang='lat' dir='ltr'><strong>gallina</strong></span> <span class='ocrx_word' id='word_1_149' title='bbox 925 1965 1046 2040; x_wconf 79' lang='lat' dir='ltr'><strong>egeant,</strong></span> 
     </span>
     <span class='ocr_line' id='line_1_21' title="bbox 126 2038 1046 2123; baseline 0 -22"><span class='ocrx_word' id='word_1_150' title='bbox 126 2041 187 2102; x_wconf 91' lang='lat' dir='ltr'><strong>imo</strong></span> <span class='ocrx_word' id='word_1_151' title='bbox 211 2040 299 2120; x_wconf 92' lang='lat' dir='ltr'><strong>quod</strong></span> <span class='ocrx_word' id='word_1_152' title='bbox 342 2041 407 2101; x_wconf 89' lang='lat' dir='ltr'><strong>eius</strong></span> <span class='ocrx_word' id='word_1_153' title='bbox 431 2046 492 2118; x_wconf 88' lang='lat' dir='ltr'><strong>est,</strong></span> <span class='ocrx_word' id='word_1_154' title='bbox 527 2038 607 2099; x_wconf 90' lang='lat' dir='ltr'><strong>versi</strong></span> <span class='ocrx_word' id='word_1_155' title='bbox 640 2039 671 2099; x_wconf 90' lang='lat' dir='ltr'><strong>in</strong></span> <span class='ocrx_word' id='word_1_156' title='bbox 704 2038 838 2101; x_wconf 87' lang='lat' dir='ltr'><strong>vultures</strong></span> <span class='ocrx_word' id='word_1_157' title='bbox 865 2042 957 2103; x_wconf 82' lang='lat' dir='ltr'><strong>etiarn</strong></span> <span class='ocrx_word' id='word_1_158' title='bbox 988 2042 1046 2123; x_wconf 92' lang='lat' dir='ltr'><strong>ipsi</strong></span> 
     </span>
     <span class='ocr_line' id='line_1_22' title="bbox 124 2061 1045 2205; baseline 0.001 -21"><span class='ocrx_word' id='word_1_159' title='bbox 124 2123 203 2184; x_wconf 89' lang='lat' dir='ltr'><strong>alios</strong></span> <span class='ocrx_word' id='word_1_160' title='bbox 226 2144 246 2183; x_wconf 90' lang='lat' dir='ltr'><strong>a</strong></span> <span class='ocrx_word' id='word_1_161' title='bbox 266 2061 385 2204; x_wconf 65' lang='lat' dir='ltr'><strong>galiinae</strong></span> <span class='ocrx_word' id='word_1_162' title='bbox 405 2141 513 2202; x_wconf 87' lang='lat' dir='ltr'><strong>rapere</strong></span> <span class='ocrx_word' id='word_1_163' title='bbox 531 2122 683 2200; x_wconf 90' lang='lat' dir='ltr'><strong>nituntur,</strong></span> <span class='ocrx_word' id='word_1_164' title='bbox 705 2129 737 2182; x_wconf 89' lang='lat' dir='ltr'><strong>et</strong></span> <span class='ocrx_word' id='word_1_165' title='bbox 758 2118 980 2205; x_wconf 83' lang='lat' dir='ltr'><strong>persequuntur</strong></span> <span class='ocrx_word' id='word_1_166' title='bbox 1001 2145 1045 2185; x_wconf 86' lang='lat' dir='ltr'><strong>re-</strong></span> 
     </span>
     <span class='ocr_line' id='line_1_23' title="bbox 126 2204 1045 2287; baseline 0.002 -22"><span class='ocrx_word' id='word_1_167' title='bbox 126 2206 226 2286; x_wconf 88' lang='lat' dir='ltr'><strong>liquos</strong></span> <span class='ocrx_word' id='word_1_168' title='bbox 254 2206 374 2286; x_wconf 83' lang='lat' dir='ltr'><strong>pullos,</strong></span> <span class='ocrx_word' id='word_1_169' title='bbox 408 2207 459 2284; x_wconf 91' lang='lat' dir='ltr'><strong>qni</strong></span> <span class='ocrx_word' id='word_1_170' title='bbox 496 2204 527 2264; x_wconf 93' lang='lat' dir='ltr'><strong>in</strong></span> <span class='ocrx_word' id='word_1_171' title='bbox 557 2204 766 2265; x_wconf 79' lang='lat' dir='ltr'><strong>misericordia</strong></span> <span class='ocrx_word' id='word_1_172' title='bbox 787 2206 874 2266; x_wconf 87' lang='lat' dir='ltr'><strong>huius</strong></span> <span class='ocrx_word' id='word_1_173' title='bbox 910 2206 1045 2287; x_wconf 78' lang='lat' dir='ltr'><strong>gallinae</strong></span> 
     </span>
     <span class='ocr_line' id='line_1_24' title="bbox 125 2286 1046 2370; baseline 0.001 -21"><span class='ocrx_word' id='word_1_174' title='bbox 125 2296 253 2370; x_wconf 88' lang='lat' dir='ltr'><strong>sperant</strong></span> <span class='ocrx_word' id='word_1_175' title='bbox 274 2289 403 2367; x_wconf 85' lang='lat' dir='ltr'><strong>salvari,</strong></span> <span class='ocrx_word' id='word_1_176' title='bbox 442 2293 475 2348; x_wconf 93' lang='lat' dir='ltr'><strong>ut</strong></span> <span class='ocrx_word' id='word_1_177' title='bbox 505 2286 675 2348; x_wconf 85' lang='lat' dir='ltr'><strong>abstractos</strong></span> <span class='ocrx_word' id='word_1_178' title='bbox 697 2308 716 2346; x_wconf 99' lang='lat' dir='ltr'><strong>a</strong></span> <span class='ocrx_word' id='word_1_179' title='bbox 737 2286 850 2350; x_wconf 85' lang='lat' dir='ltr'><strong>fiducia</strong></span> <span class='ocrx_word' id='word_1_180' title='bbox 872 2289 983 2350; x_wconf 84' lang='lat' dir='ltr'><strong>Christi</strong></span> <span class='ocrx_word' id='word_1_181' title='bbox 1015 2295 1046 2350; x_wconf 87' lang='lat' dir='ltr'><strong>et</strong></span> 
     </span>
     <span class='ocr_line' id='line_1_25' title="bbox 124 2368 1045 2452; baseline 0.001 -21"><span class='ocrx_word' id='word_1_182' title='bbox 124 2372 296 2452; x_wconf 83' lang='lat' dir='ltr'><strong>improprie</strong></span> <span class='ocrx_word' id='word_1_183' title='bbox 315 2371 449 2432; x_wconf 87' lang='lat' dir='ltr'><strong>iustitiae</strong></span> <span class='ocrx_word' id='word_1_184' title='bbox 463 2368 607 2431; x_wconf 84' lang='lat' dir='ltr'><strong>fiduciam</strong></span> <span class='ocrx_word' id='word_1_185' title='bbox 626 2370 750 2432; x_wconf 86' lang='lat' dir='ltr'><strong>indutos</strong></span> <span class='ocrx_word' id='word_1_186' title='bbox 764 2373 875 2433; x_wconf 89' lang='lat' dir='ltr'><strong>certius</strong></span> <span class='ocrx_word' id='word_1_187' title='bbox 888 2372 1045 2433; x_wconf 86' lang='lat' dir='ltr'><strong>devorent.</strong></span> 
     </span>
     <span class='ocr_line' id='line_1_26' title="bbox 125 2453 1045 2535; baseline 0.001 -21"><span class='ocrx_word' id='word_1_188' title='bbox 125 2454 171 2514; x_wconf 90' lang='lat' dir='ltr'><strong>lta</strong></span> <span class='ocrx_word' id='word_1_189' title='bbox 192 2453 237 2530; x_wconf 85' lang='lat' dir='ltr'><strong>fit,</strong></span> <span class='ocrx_word' id='word_1_190' title='bbox 260 2460 295 2514; x_wconf 92' lang='lat' dir='ltr'><strong>ut</strong></span> <span class='ocrx_word' id='word_1_191' title='bbox 315 2455 446 2534; x_wconf 85' lang='lat' dir='ltr'><strong>gratiam</strong></span> <span class='ocrx_word' id='word_1_192' title='bbox 460 2454 593 2513; x_wconf 74' lang='lat' dir='ltr'><strong>niaxinre</strong></span> <span class='ocrx_word' id='word_1_193' title='bbox 606 2453 801 2534; x_wconf 83' lang='lat' dir='ltr'><strong>impugnent,</strong></span> <span class='ocrx_word' id='word_1_194' title='bbox 825 2454 876 2535; x_wconf 91' lang='lat' dir='ltr'><strong>qui</strong></span> <span class='ocrx_word' id='word_1_195' title='bbox 892 2476 961 2516; x_wconf 88' lang='lat' dir='ltr'><strong>eam</strong></span> <span class='ocrx_word' id='word_1_196' title='bbox 984 2475 1045 2515; x_wconf 88' lang='lat' dir='ltr'><strong>ma-</strong></span> 
     </span>
     <span class='ocr_line' id='line_1_27' title="bbox 124 2535 1044 2619; baseline 0.002 -22"><span class='ocrx_word' id='word_1_197' title='bbox 124 2538 206 2598; x_wconf 84' lang='lat' dir='ltr'><strong>xime</strong></span> <span class='ocrx_word' id='word_1_198' title='bbox 228 2539 361 2597; x_wconf 81' lang='lat' dir='ltr'><strong>iactant:</strong></span> <span class='ocrx_word' id='word_1_199' title='bbox 385 2537 464 2597; x_wconf 92' lang='lat' dir='ltr'><strong>sicut</strong></span> <span class='ocrx_word' id='word_1_200' title='bbox 474 2535 580 2596; x_wconf 89' lang='lat' dir='ltr'><strong>Iudaei</strong></span> <span class='ocrx_word' id='word_1_201' title='bbox 596 2543 667 2597; x_wconf 88' lang='lat' dir='ltr'><strong>tunc</strong></span> <span class='ocrx_word' id='word_1_202' title='bbox 676 2539 801 2616; x_wconf 85' lang='lat' dir='ltr'><strong>pronius</strong></span> <span class='ocrx_word' id='word_1_203' title='bbox 823 2539 1044 2619; x_wconf 89' lang='lat' dir='ltr'><strong>iustitiamper-</strong></span> 
     </span>
     <span class='ocr_line' id='line_1_28' title="bbox 125 2619 1046 2701; baseline 0.001 -21"><span class='ocrx_word' id='word_1_204' title='bbox 125 2621 223 2681; x_wconf 87' lang='lat' dir='ltr'><strong>secuti</strong></span> <span class='ocrx_word' id='word_1_205' title='bbox 246 2625 333 2697; x_wconf 86' lang='lat' dir='ltr'><strong>snut,</strong></span> <span class='ocrx_word' id='word_1_206' title='bbox 357 2619 480 2699; x_wconf 89' lang='lat' dir='ltr'><strong>quando</strong></span> <span class='ocrx_word' id='word_1_207' title='bbox 493 2625 619 2700; x_wconf 89' lang='lat' dir='ltr'><strong>propter</strong></span> <span class='ocrx_word' id='word_1_208' title='bbox 639 2620 784 2680; x_wconf 87' lang='lat' dir='ltr'><strong>iustitiam</strong></span> <span class='ocrx_word' id='word_1_209' title='bbox 801 2622 954 2701; x_wconf 83' lang='lat' dir='ltr'><strong>persecuti</strong></span> <span class='ocrx_word' id='word_1_210' title='bbox 976 2628 1046 2682; x_wconf 87' lang='lat' dir='ltr'><strong>sunt</strong></span> 
     </span>
     <span class='ocr_line' id='line_1_29' title="bbox 125 2701 1045 2784; baseline 0.002 -22"><span class='ocrx_word' id='word_1_211' title='bbox 125 2703 288 2778; x_wconf 86' lang='lat' dir='ltr'><strong>iustitiam,</strong></span> <span class='ocrx_word' id='word_1_212' title='bbox 311 2702 342 2762; x_wconf 92' lang='lat' dir='ltr'><strong>id</strong></span> <span class='ocrx_word' id='word_1_213' title='bbox 365 2701 482 2762; x_wconf 86' lang='lat' dir='ltr'><strong>scilicet</strong></span> <span class='ocrx_word' id='word_1_214' title='bbox 502 2701 647 2762; x_wconf 88' lang='lat' dir='ltr'><strong>iustitiam</strong></span> <span class='ocrx_word' id='word_1_215' title='bbox 670 2709 855 2781; x_wconf 81' lang='lat' dir='ltr'><strong>statuentes,</strong></span> <span class='ocrx_word' id='word_1_216' title='bbox 883 2704 965 2784; x_wconf 90' lang='lat' dir='ltr'><strong>quod</strong></span> <span class='ocrx_word' id='word_1_217' title='bbox 987 2704 1045 2766; x_wconf 89' lang='lat' dir='ltr'><strong>sibi</strong></span> 
     </span>
     <span class='ocr_line' id='line_1_30' title="bbox 124 2784 1044 2868; baseline 0.001 -23"><span class='ocrx_word' id='word_1_218' title='bbox 124 2785 254 2865; x_wconf 79' lang='lat' dir='ltr'><strong>placuit:</strong></span> <span class='ocrx_word' id='word_1_219' title='bbox 278 2786 322 2845; x_wconf 89' lang='lat' dir='ltr'><strong>ita</strong></span> <span class='ocrx_word' id='word_1_220' title='bbox 343 2786 393 2845; x_wconf 90' lang='lat' dir='ltr'><strong>isti</strong></span> <span class='ocrx_word' id='word_1_221' title='bbox 415 2784 615 2864; x_wconf 86' lang='lat' dir='ltr'><strong>hocgretiam</strong></span> <span class='ocrx_word' id='word_1_222' title='bbox 628 2792 755 2863; x_wconf 89' lang='lat' dir='ltr'><strong>vocant,</strong></span> <span class='ocrx_word' id='word_1_223' title='bbox 778 2787 860 2865; x_wconf 88' lang='lat' dir='ltr'><strong>quod</strong></span> <span class='ocrx_word' id='word_1_224' title='bbox 882 2788 941 2868; x_wconf 89' lang='lat' dir='ltr'><strong>ipsi</strong></span> <span class='ocrx_word' id='word_1_225' title='bbox 963 2807 1044 2848; x_wconf 88' lang='lat' dir='ltr'><strong>som·</strong></span> 
     </span>
     <span class='ocr_line' id='line_1_31' title="bbox 124 2865 1044 2948; baseline 0.002 -21"><span class='ocrx_word' id='word_1_226' title='bbox 124 2869 219 2929; x_wconf 80' lang='lat' dir='ltr'><strong>nient.</strong></span> <span class='ocrx_word' id='word_1_227' title='bbox 271 2867 333 2928; x_wconf 84' lang='lat' dir='ltr'><strong>Sed</strong></span> <span class='ocrx_word' id='word_1_228' title='bbox 361 2874 441 2928; x_wconf 84' lang='lat' dir='ltr'><strong>state</strong></span> <span class='ocrx_word' id='word_1_229' title='bbox 476 2865 617 2945; x_wconf 88' lang='lat' dir='ltr'><strong>firmiter,</strong></span> <span class='ocrx_word' id='word_1_230' title='bbox 650 2887 750 2948; x_wconf 90' lang='lat' dir='ltr'><strong>neque</strong></span> <span class='ocrx_word' id='word_1_231' title='bbox 777 2877 938 2931; x_wconf 88' lang='lat' dir='ltr'><strong>moveatur</strong></span> <span class='ocrx_word' id='word_1_232' title='bbox 964 2870 1044 2930; x_wconf 89' lang='lat' dir='ltr'><strong>ullus</strong></span> 
     </span>
     <span class='ocr_line' id='line_1_32' title="bbox 124 2950 1044 3034; baseline 0.003 -23"><span class='ocrx_word' id='word_1_233' title='bbox 124 2950 433 3029; x_wconf 83' lang='lat' dir='ltr'><strong>contradictionibus,</strong></span> <span class='ocrx_word' id='word_1_234' title='bbox 455 2950 499 3010; x_wconf 88' lang='lat' dir='ltr'><strong>sic</strong></span> <span class='ocrx_word' id='word_1_235' title='bbox 509 2951 591 3011; x_wconf 87' lang='lat' dir='ltr'><strong>enim</strong></span> <span class='ocrx_word' id='word_1_236' title='bbox 608 2958 732 3031; x_wconf 90' lang='lat' dir='ltr'><strong>oportet</strong></span> <span class='ocrx_word' id='word_1_237' title='bbox 742 2950 817 3012; x_wconf 86' lang='lat' dir='ltr'><strong>fieri.</strong></span> <span class='ocrx_word' id='word_1_238' title='bbox 861 2953 1044 3034; x_wconf 80' lang='lat' dir='ltr'><strong>Prophetae,</strong></span> 
     </span>
     <span class='ocr_line' id='line_1_33' title="bbox 124 3032 1044 3116; baseline 0.003 -23"><span class='ocrx_word' id='word_1_239' title='bbox 124 3037 298 3116; x_wconf 84' lang='lat' dir='ltr'><strong>sapientes,</strong></span> <span class='ocrx_word' id='word_1_240' title='bbox 321 3033 455 3110; x_wconf 87' lang='lat' dir='ltr'><strong>scribae,</strong></span> <span class='ocrx_word' id='word_1_241' title='bbox 478 3032 550 3093; x_wconf 91' lang='lat' dir='ltr'><strong>dum</strong></span> <span class='ocrx_word' id='word_1_242' title='bbox 572 3033 731 3094; x_wconf 90' lang='lat' dir='ltr'><strong>mittuntur</strong></span> <span class='ocrx_word' id='word_1_243' title='bbox 752 3034 791 3094; x_wconf 88' lang='lat' dir='ltr'><strong>ad</strong></span> <span class='ocrx_word' id='word_1_244' title='bbox 814 3036 929 3114; x_wconf 87' lang='lat' dir='ltr'><strong>iustos,</strong></span> <span class='ocrx_word' id='word_1_245' title='bbox 957 3056 1044 3096; x_wconf 80' lang='lat' dir='ltr'><strong>sanc</strong></span> 
     </span>
     <span class='ocr_line' id='line_1_34' title="bbox 123 3115 1044 3198; baseline 0.002 -21"><span class='ocrx_word' id='word_1_246' title='bbox 123 3122 181 3194; x_wconf 85' lang='lat' dir='ltr'><strong>tos,</strong></span> <span class='ocrx_word' id='word_1_247' title='bbox 203 3117 290 3197; x_wconf 90' lang='lat' dir='ltr'><strong>pios,</strong></span> <span class='ocrx_word' id='word_1_248' title='bbox 312 3136 376 3176; x_wconf 88' lang='lat' dir='ltr'><strong>non</strong></span> <span class='ocrx_word' id='word_1_249' title='bbox 397 3116 582 3196; x_wconf 90' lang='lat' dir='ltr'><strong>recipiuntur</strong></span> <span class='ocrx_word' id='word_1_250' title='bbox 604 3115 642 3178; x_wconf 90' lang='lat' dir='ltr'><strong>ab</strong></span> <span class='ocrx_word' id='word_1_251' title='bbox 664 3116 755 3197; x_wconf 86' lang='lat' dir='ltr'><strong>ipsis,</strong></span> <span class='ocrx_word' id='word_1_252' title='bbox 778 3118 832 3178; x_wconf 87' lang='lat' dir='ltr'><strong>sed</strong></span> <span class='ocrx_word' id='word_1_253' title='bbox 855 3119 1044 3198; x_wconf 86' lang='lat' dir='ltr'><strong>occiduntur,</strong></span> 
     </span>
     <span class='ocr_line' id='line_1_35' title="bbox 123 3197 1043 3283; baseline 0.007 -26"><span class='ocrx_word' id='word_1_254' title='bbox 123 3200 311 3280; x_wconf 86' lang='lat' dir='ltr'><strong>recipiuntur</strong></span> <span class='ocrx_word' id='word_1_255' title='bbox 332 3208 435 3259; x_wconf 89' lang='lat' dir='ltr'><strong>autem</strong></span> <span class='ocrx_word' id='word_1_256' title='bbox 465 3197 503 3258; x_wconf 89' lang='lat' dir='ltr'><strong>ab</strong></span> <span class='ocrx_word' id='word_1_257' title='bbox 531 3199 650 3259; x_wconf 86' lang='lat' dir='ltr'><strong>iniustis</strong></span> <span class='ocrx_word' id='word_1_258' title='bbox 680 3207 711 3259; x_wconf 87' lang='lat' dir='ltr'><strong>et</strong></span> <span class='ocrx_word' id='word_1_259' title='bbox 731 3202 961 3280; x_wconf 82' lang='lat' dir='ltr'><strong>peccatoribus,</strong></span> <span class='ocrx_word' id='word_1_260' title='bbox 991 3223 1043 3283; x_wconf 94' lang='lat' dir='ltr'><strong>pu-</strong></span> 
     </span>
     <span class='ocr_line' id='line_1_36' title="bbox 123 3280 1044 3364; baseline 0.005 -23"><span class='ocrx_word' id='word_1_261' title='bbox 123 3280 253 3343; x_wconf 88' lang='lat' dir='ltr'><strong>blicanis</strong></span> <span class='ocrx_word' id='word_1_262' title='bbox 277 3289 308 3342; x_wconf 90' lang='lat' dir='ltr'><strong>et</strong></span> <span class='ocrx_word' id='word_1_263' title='bbox 328 3281 554 3360; x_wconf 89' lang='lat' dir='ltr'><strong>meretricibus,</strong></span> <span class='ocrx_word' id='word_1_264' title='bbox 577 3283 773 3360; x_wconf 79' lang='lat' dir='ltr'><strong>quoniamhi</strong></span> <span class='ocrx_word' id='word_1_265' title='bbox 796 3285 922 3364; x_wconf 91' lang='lat' dir='ltr'><strong>cupiunt</strong></span> <span class='ocrx_word' id='word_1_266' title='bbox 940 3285 1044 3346; x_wconf 85' lang='lat' dir='ltr'><strong>doceri</strong></span> 
     </span>
     <span class='ocr_line' id='line_1_37' title="bbox 122 3363 937 3443; baseline 0.005 -19"><span class='ocrx_word' id='word_1_267' title='bbox 122 3372 153 3424; x_wconf 89' lang='lat' dir='ltr'><strong>et</strong></span> <span class='ocrx_word' id='word_1_268' title='bbox 172 3369 246 3426; x_wconf 88' lang='lat' dir='ltr'><strong>eunt</strong></span> <span class='ocrx_word' id='word_1_269' title='bbox 267 3365 379 3443; x_wconf 90' lang='lat' dir='ltr'><strong>ieiuni,</strong></span> <span class='ocrx_word' id='word_1_270' title='bbox 401 3363 445 3424; x_wconf 90' lang='lat' dir='ltr'><strong>illi</strong></span> <span class='ocrx_word' id='word_1_271' title='bbox 468 3383 540 3424; x_wconf 87' lang='lat' dir='ltr'><strong>vcro</strong></span> <span class='ocrx_word' id='word_1_272' title='bbox 563 3365 658 3424; x_wconf 90' lang='lat' dir='ltr'><strong>saturi</strong></span> <span class='ocrx_word' id='word_1_273' title='bbox 681 3372 712 3425; x_wconf 90' lang='lat' dir='ltr'><strong>et</strong></span> <span class='ocrx_word' id='word_1_274' title='bbox 732 3365 814 3426; x_wconf 90' lang='lat' dir='ltr'><strong>docti</strong></span> <span class='ocrx_word' id='word_1_275' title='bbox 839 3368 937 3429; x_wconf 81' lang='lat' dir='ltr'><strong>nimie.</strong></span> 
     </span>
    </p>
   </div>
   <div class='ocr_carea' id='block_1_3' title="bbox 205 3470 1044 3660">
    <p class='ocr_par' dir='ltr' id='par_1_3' title="bbox 205 3470 1044 3660">
     <span class='ocr_line' id='line_1_38' title="bbox 412 3470 753 3548; baseline 0.006 -16"><span class='ocrx_word' id='word_1_276' title='bbox 412 3470 603 3532; x_wconf 89' lang='lat' dir='ltr'><strong>Doctrina</strong></span> <span class='ocrx_word' id='word_1_277' title='bbox 624 3472 753 3548; x_wconf 90' lang='lat' dir='ltr'><strong>prima.</strong></span> 
     </span>
     <span class='ocr_line' id='line_1_39' title="bbox 205 3576 1044 3660; baseline 0.004 -22"><span class='ocrx_word' id='word_1_278' title='bbox 205 3578 283 3639; x_wconf 83' lang='lat' dir='ltr'><strong>Cum</strong></span> <span class='ocrx_word' id='word_1_279' title='bbox 306 3578 389 3638; x_wconf 85' lang='lat' dir='ltr'><strong>Dens</strong></span> <span class='ocrx_word' id='word_1_280' title='bbox 408 3596 515 3637; x_wconf 87' lang='lat' dir='ltr'><strong>omnes</strong></span> <span class='ocrx_word' id='word_1_281' title='bbox 532 3576 673 3637; x_wconf 88' lang='lat' dir='ltr'><strong>homines</strong></span> <span class='ocrx_word' id='word_1_282' title='bbox 686 3577 761 3638; x_wconf 86' lang='lat' dir='ltr'><strong>velit</strong></span> <span class='ocrx_word' id='word_1_283' title='bbox 783 3579 912 3660; x_wconf 82' lang='lat' dir='ltr'><strong>salvari,</strong></span> <span class='ocrx_word' id='word_1_284' title='bbox 935 3588 966 3641; x_wconf 88' lang='lat' dir='ltr'><strong>et</strong></span> <span class='ocrx_word' id='word_1_285' title='bbox 980 3581 1044 3641; x_wconf 90' lang='lat' dir='ltr'><strong>nul-</strong></span> 
     </span>
    </p>
   </div>
   <div class='ocr_carea' id='block_1_4' title="bbox 121 3713 1044 3856">
    <p class='ocr_par' dir='ltr' id='par_1_4' title="bbox 121 3713 1044 3856">
     <span class='ocr_line' id='line_1_40' title="bbox 175 3713 1044 3782; baseline 0.01 -19"><span class='ocrx_word' id='word_1_286' title='bbox 175 3713 206 3778; x_wconf 82' lang='lat'><strong>⁸)</strong></span> <span class='ocrx_word' id='word_1_287' title='bbox 231 3713 347 3767; x_wconf 87' lang='lat' dir='ltr'><strong>Videtur</strong></span> <span class='ocrx_word' id='word_1_288' title='bbox 364 3714 487 3766; x_wconf 86' lang='lat' dir='ltr'><strong>indicare</strong></span> <span class='ocrx_word' id='word_1_289' title='bbox 508 3715 686 3778; x_wconf 83' lang='lat' dir='ltr'><strong>vexationes,</strong></span> <span class='ocrx_word' id='word_1_290' title='bbox 706 3730 775 3782; x_wconf 84' lang='lat' dir='ltr'><strong>quas</strong></span> <span class='ocrx_word' id='word_1_291' title='bbox 795 3722 859 3770; x_wconf 82' lang='lat' dir='ltr'><strong>ente</strong></span> <span class='ocrx_word' id='word_1_292' title='bbox 872 3720 1044 3772; x_wconf 76' lang='lat' dir='ltr'><strong>reformatio-</strong></span> 
     </span>
     <span class='ocr_line' id='line_1_41' title="bbox 121 3785 858 3856; baseline 0.005 -18"><span class='ocrx_word' id='word_1_293' title='bbox 121 3801 184 3838; x_wconf 81' lang='lat' dir='ltr'><strong>nem</strong></span> <span class='ocrx_word' id='word_1_294' title='bbox 202 3785 380 3854; x_wconf 75' lang='lat' dir='ltr'><strong>praedicatae</strong></span> <span class='ocrx_word' id='word_1_295' title='bbox 400 3787 523 3842; x_wconf 82' lang='lat' dir='ltr'><strong>veritatis</strong></span> <span class='ocrx_word' id='word_1_296' title='bbox 543 3800 628 3838; x_wconf 82' lang='lat' dir='ltr'><strong>cauas</strong></span> <span class='ocrx_word' id='word_1_297' title='bbox 645 3787 682 3839; x_wconf 83' lang='lat' dir='ltr'><strong>uit</strong></span> <span class='ocrx_word' id='word_1_298' title='bbox 699 3803 858 3856; x_wconf 77' lang='lat' dir='ltr'><strong>perpessus.</strong></span> 
     </span>
    </p>
   </div>
   <div class='ocr_carea' id='block_1_5' title="bbox 0 0 1182 4200">
    <p class='ocr_par' dir='ltr' id='par_1_5' title="bbox 0 0 1182 4200">
     <span class='ocr_line' id='line_1_42' title="bbox 0 0 1182 4200; baseline 0 1"><span class='ocrx_word' id='word_1_299' title='bbox 0 0 1182 4200; x_wconf 95' lang='lat' dir='ltr'><strong> </strong></span> 
     </span>
    </p>
   </div>
  </div>
 </body>
</html>
