2356 4200
356 334 359 341 .
391 275 722 340 nicolaitarum...
740 312 764 339 ι.
972 273 1014 340 13
1109 226 1111 233 Ι

171 444 228 519 ue,
245 445 425 525 initiantem
443 445 644 526 praeclarum
672 443 848 526 depositum
877 449 911 505 et
937 446 1015 511 nuti

88 530 180 611 pretii
203 528 757 610 thesaurus...p‚eriret,.eed,exstaret,
780 534 813 589 et
831 527 862 587 iu
877 529 1015 593 omnium

88 613 212 693 piorum
234 611 379 685 manibus
400 619 493 692 esset,
515 619 552 681 et
568 611 616 683 nsi¹
630 613 843 695 posteritatem
865 612 932 673 sine
949 630 1014 675 eon

86 695 218 776 ruptelis
240 695 280 757 ab
302 695 440 763 humana
459 696 613 777 sapientia
631 694 777 763 admmm
793 695 1011 761 transmittere,

88 792 150 858 tur,
184 780 368 851 necessario,
387 779 583 850 etsalutari
599 777 734 841 consilio.
751 777 829 839 haec
856 775 952 841 editio
980 777 1014 843 li.-

88 863 213 924 brorum
236 863 276 925 D.
286 861 411 937 Lutberi
425 861 585 935 ‚edornata
605 867 663 939 est,
684 861 799 939 inqua
819 858 918 929 lector
938 859 1015 925 nihil

87 947 309 1027 peregrinum„
323 952 377 1007 aut
401 944 528 1009 aliunde
554 946 753 1025 importatum
781 942 930 1022 reperiet„
958 943 1014 1007 sed

87 1031 190 1110 ipsam
212 1048 325 1090 vocem
347 1026 476 1093 Lutberi,
494 1047 569 1110 pure
600 1033 631 1088 et
651 1027 829 1105 incorrupte
850 1033 1013 1087 sonantem

88 1112 205 1190 audiet,
227 1119 326 1190 atque
343 1131 384 1173 ax
397 1131 516 1183 ¹eauon
538 1110 639 1173 solum
662 1110 702 1181 de
715 1106 939 1171 excellentibus
961 1106 1013 1173 do·

87 1197 146 1273 nis,
170 1194 280 1273 quibus
304 1197 349 1255 vir
360 1195 417 1255 Dei
431 1202 556 1256 ornatus
568 1194 633 1272 fuit,
656 1191 791 1253 iudicare
813 1192 936 1271 poterit,
958 1190 1013 1259 sed

88 1280 184 1338 etiarn
194 1277 234 1338 de
245 1279 441 1339 incrementis
451 1278 621 1358 sapientiae
631 1274 806 1357 spiritualis,
820 1272 1014 1352 eundemque

87 1360 259 1442 prudenter
280 1369 311 1422 et
334 1361 477 1422 ardenter
498 1361 654 1421 discernat
677 1359 715 1420 ab
739 1358 806 1417 aliis
823 1356 1013 1436 doctoribus,

88 1445 141 1524 qui
163 1444 416 1524 persuasibilibus
439 1445 590 1505 humanae
612 1443 782 1522 sapientiae
811 1438 914 1500 verbis
942 1458 1013 1499 suas

89 1529 262 1589 sententias
283 1527 322 1588 de
344 1528 494 1608 religione
525 1527 564 1588 ad
592 1527 749 1588 hominum
773 1523 948 1584 voluntates
970 1523 1013 1582 in-

89 1610 234 1688 flectunt,
264 1618 297 1671 ut
325 1611 356 1679 in
379 1611 609 1690 perturbatione
638 1607 826 1688 reipublicae
848 1606 914 1666 sine
937 1605 1013 1685 peri·

89 1694 160 1755 culo
186 1696 292 1754 vivere
313 1695 462 1774 possint·

175 1776 251 1836 Nam
275 1777 435 1858 Evangelii
465 1776 605 1836 doctrina
634 1781 681 1834 est
709 1771 834 1834 verbum
864 1772 961 1832 crucis
984 1777 1015 1832 et

90 1859 242 1936 scandali,
265 1859 427 1922 offendens
452 1859 644 1931 diabolorum
668 1866 699 1918 ct
720 1856 876 1917 hominum
894 1855 1013 1935 sapien-

90 1945 176 2021 tiam,
199 1944 250 2021 qui
263 1943 405 2005 omnibus
418 1942 606 2022 temporibus
621 1940 823 2020 Evangelium
841 1938 879 2002 de
892 1937 1013 1999 Christo

91 2027 246 2088 concinne
266 2028 459 2107 interpretari
482 2031 604 2103 norunt,
627 2032 658 2084 et
679 2022 862 2084 dexteritate
881 2021 1014 2101 explica·

91 2108 185 2170 tionis
210 2129 272 2170 non
297 2108 389 2171 modo
411 2109 575 2170 Lutherum
599 2114 630 2169 et
650 2105 821 2187 apostolos,
844 2104 897 2164 sed
922 2105 1014 2165 etiam

91 2192 246 2253 Christum
276 2213 426 2252 summum
452 2193 603 2253 ecclesiae
625 2191 784 2251 doctorem
814 2208 847 2248 se
870 2207 1014 2268 superare

91 2296 186 2356 posse
199 2278 364 2352 somniant,
387 2278 476 2355 eique
499 2285 643 2354 tanquam
662 2292 756 2353 puero
776 2272 903 2332 discenti
918 2273 1016 2351 prima

91 2360 248 2419 elementa
270 2361 415 2420 meliores
439 2359 476 2419 de
511 2358 672 2438 disciplina
695 2356 906 2416 ecclesiastica
928 2354 1013 2435 leges

92 2442 173 2502 ferre
187 2450 346 2521 conantur,
371 2451 403 2502 ut
425 2463 496 2503 vere
515 2442 553 2502 de
575 2442 649 2521 ipsis
672 2440 731 2500 dici
744 2440 858 2519 possit:
902 2435 1014 2498 Justifi·

93 2533 164 2586 cata
186 2532 234 2586 est
256 2527 408 2607 sapientia
430 2547 448 2586 a
470 2525 538 2584 filiis
562 2525 633 2584 suis.

176 2610 283 2688 ltaque
304 2609 416 2669 Paulus
441 2609 518 2669 tales
541 2608 685 2669 doctores
709 2605 845 2685 appellat
872 2604 1014 2664 inimicos

93 2693 191 2752 crucis
217 2692 329 2752 Christi
360 2700 391 2753 et
414 2692 567 2772 mancipia
589 2690 712 2750 ventris.
756 2688 832 2747 Cum
856 2687 935 2748 enim
959 2686 1011 2748 do·

93 2775 183 2836 cendi
213 2776 364 2836 rationem
393 2775 431 2835 ad
461 2776 617 2836 bominum
646 2772 773 2833 affectus
801 2775 1015 2850 attemperent,

93 2859 223 2919 ministri
250 2858 324 2919 iesu
357 2859 467 2918 Christi
496 2878 565 2919 esse
597 2864 769 2935 nequeunt,
804 2857 874 2933 quia
900 2874 961 2914 nor]
985 2853 1016 2914 id

92 2950 198 3022 agunt,
222 2950 255 3001 ut
276 2942 353 3002 tales
376 2945 437 3002 sint
459 2942 564 3021 quales
587 2940 691 3001 haberi
712 2939 834 3015 volunt,
864 2938 918 2998 sed
947 2944 1017 3000 sunt

93 3026 205 3086 servuli
234 3026 362 3101 ventris,
391 3027 441 3103 qui
471 3024 622 3105 evangelii
652 3023 822 3084 doctrinam
847 3023 890 3082 sic
913 3022 1015 3082 mode·

93 3119 214 3184 rantur,
238 3116 271 3169 ut
293 3128 399 3188 pacem
424 3117 454 3168 et
476 3107 724 3186 tranquillitatem
749 3107 909 3182 retineant,
933 3105 1015 3185 qnod

93 3192 159 3252 lieri
189 3191 274 3252 nullo
310 3191 406 3252 modo
441 3212 533 3271 posse
561 3191 697 3251 Christus
727 3189 876 3249 Dominus
909 3198 1016 3252 noster

93 3275 228 3335 affirmat
248 3276 402 3353 inquiens:
426 3275 495 3335 Non
509 3275 578 3334 veni
596 3294 703 3354 pacem
722 3275 850 3350 mittere,
874 3273 928 3333 sed
952 3274 1015 3355 gla-

93 3360 188 3433 dium,
212 3357 242 3418 id
265 3365 322 3434 est,
345 3358 417 3418 volo
439 3358 601 3418 ecclesiam
626 3379 724 3417 meam
749 3358 830 3417 crisci
846 3357 1013 3419 subiectam

93 3460 174 3519 esse,
197 3441 267 3500 ideo
280 3441 360 3500 eninr
374 3442 453 3519 veni,
470 3449 502 3501 ut
515 3462 689 3521 separarem
702 3441 807 3501 Filium
824 3462 843 3501 a
854 3441 943 3502 Patre
956 3450 1013 3503 etc.

179 3524 304 3583 Summa
325 3524 416 3603 igitur
438 3524 645 3585 conclusionis
669 3526 746 3585 haec
768 3533 828 3603 est,
851 3545 912 3585 nou
935 3524 1014 3587 bene

93 3608 261 3669 convenire
290 3625 347 3666 nec
375 3608 404 3667 iu
426 3627 487 3667 una
517 3607 591 3668 sede
622 3610 733 3668 morari
762 3610 954 3689 evangelium
984 3617 1014 3670 et
1089 3674 1092 3678 ,

92 3710 203 3771 pacem
228 3689 392 3768 politicam.
416 3689 546 3766 Quoties
570 3692 650 3751 enirn
673 3692 1013 3772 voxevangeliisonat,

93 3774 292 3856 hypocritae,
316 3774 367 3854 qui
389 3774 483 3835 falsos
516 3773 614 3837 cultus
642 3775 822 3847 detendunt,
847 3786 1014 3859 queruntur
