2356 4200
350 268 447 322 contu
464 263 526 320 Mul,
545 264 665 320 iohann.
685 264 761 321 Eccli
778 264 841 319 lud.
985 262 1047 335 493

127 438 177 493 tus
206 438 255 493 est
282 433 339 514 toti
369 432 437 494 orbi
461 432 597 513 honore,
618 438 650 494 et
675 433 708 495 in
730 433 880 495 ecclesiae
901 453 1047 518 persona,

128 533 207 594 quae
229 521 278 576 est
297 522 396 576 mater
416 517 554 578 omnium
574 521 723 581 nostrum.

210 595 325 673 Quinto
347 597 465 660 inducit
484 598 642 680 Leonem,
672 618 697 660 c.
714 599 918 661 Beatissimus
939 601 1046 665 Petrus

127 700 146 740 a
168 681 301 743 Domino
324 682 445 763 accepit
464 683 644 763 primurm,
670 701 775 744 verum
804 691 865 763 est,
895 684 950 745 sed
982 704 1046 749 non

65 776 68 781 ·
128 782 289 827 successor
308 765 390 826 Petri
410 764 503 826 idem.
534 758 598 828 hed
621 783 689 826 cum
711 765 850 826 Decretis
880 767 955 829 nihil
975 786 1047 850 ego,

86 852 88 857 ’
128 848 200 927 quia
220 847 416 929 frigidissime
436 854 570 911 tractent
589 847 686 911 verba
698 848 766 910 Dei.
787 847 879 924 Quod
892 851 1047 913 veroBer·

127 929 257 991 nardum
278 929 415 1010 inducit,
437 950 501 992 non
523 939 649 1013 pugnat.
679 931 766 992 Beda
786 932 855 1013 plus
878 952 934 1013 pro
956 934 1046 998 nobis

126 1014 214 1092 lacit,
236 1013 358 1075 Petrum
381 1013 541 1075 confidens
558 1014 773 1096 apostolorum
783 1033 957 1094 personam
979 1037 1047 1098 ges·

127 1097 214 1176 sisse,
235 1096 306 1158 ideo
329 1096 460 1160 subdole
480 1097 581 1159 solum
603 1117 719 1159 nomen
747 1099 812 1158 eius
834 1096 945 1160 Eccius
967 1108 1047 1162 retu·

126 1179 171 1259 lit,
193 1186 332 1242 metuens
356 1181 422 1241 eius
444 1180 627 1242 sententiam
650 1180 707 1243 sibi
730 1182 874 1261 noxiam,
897 1181 976 1244 adeo
999 1203 1048 1265 sy·

119 1262 321 1343 ‘cophantisat
341 1263 516 1345 theologus.

209 1345 279 1406 Jam
307 1352 339 1407 et
358 1345 541 1427 Dionysium
570 1364 639 1426 cap.
661 1347 691 1411 3.
719 1346 759 1407 de
787 1346 896 1409 divinis
918 1349 1047 1410 nomini·

126 1427 237 1507 bus1)
263 1427 402 1507 adducit,
438 1429 525 1508 quasi
553 1426 604 1490 hic
626 1427 664 1489 de
691 1448 773 1509 papa
797 1431 911 1492 vicario
935 1430 1046 1495 Christi

127 1518 158 1573 et
178 1510 286 1591 Petro,
322 1530 415 1592 anper
436 1529 545 1573 omnes
567 1511 713 1573 ecclesias
737 1515 919 1593 constituto,
955 1515 1046 1595 dicet,
1097 1513 1109 1526 ”

127 1613 196 1657 cum
220 1594 295 1656 nihil
316 1595 437 1656 illorum
460 1596 580 1675 uspiam
606 1594 647 1654 sit
672 1594 705 1655 in
727 1594 889 1677 Dionysio.
931 1596 1043 1678 Displi-¹

127 1683 178 1738 cet
199 1677 274 1738 mihi
295 1677 433 1740 Eccicna
451 1679 510 1738 ista
531 1677 677 1754 audacia,
704 1696 783 1757 quae
806 1686 867 1739 tam
890 1691 1047 1762 contemp·

126 1761 179 1822 tim
202 1758 241 1821 de
263 1761 399 1822 omnium
420 1761 553 1842 ingeniis
575 1766 607 1822 et
627 1759 735 1822 studiis
753 1763 860 1841 sentit,
889 1770 922 1824 ut
943 1771 1048 1845 speret

126 1862 160 1903 se
187 1845 353 1923 universis,
382 1862 445 1905 non
468 1862 558 1904 aecus
579 1861 617 1904 ac
638 1842 758 1904 stolidis
780 1852 811 1905 et
832 1846 960 1926 stupidis
983 1866 1046 1910 mo·
1158 1872 1162 1879 ·

123 1927 270 2004 sionibus,
292 1945 386 2007 posse
408 1926 509 2005 abuti,
532 1926 681 2006 allegans·
693 1945 771 2005 qnae
795 1947 943 2008 nusquam
966 1937 1046 2012 suut,

125 2009 309 2090 depravans,
334 2029 413 2089 quae
433 2027 562 2089 usquam
586 2016 671 2086 sunt,
695 2011 859 2089 omniaque
881 2031 937 2092 pro
960 2033 1045 2075 mere

125 2092 251 2154 libidine
263 2098 394 2156 tentans.
417 2092 549 2168 Quodsi
572 2093 697 2154 omuino
713 2092 826 2173 placet,
847 2096 974 2156 nomina
993 2116 1044 2157 au·

126 2184 226 2237 torum
247 2193 455 2254 coacervare,
477 2175 640 2237 consilium
661 2174 817 2255 dederim,
840 2183 872 2237 ut
893 2187 1045 2260 martyro-

125 2258 242 2340 logium
264 2265 317 2319 ant
338 2259 545 2320 calendarium
568 2257 834 2338 apprehenderet,
862 2280 901 2321 ne
923 2263 1044 2323 interim

125 2348 173 2402 tot
193 2342 362 2404 mendaciis
378 2342 501 2404 Patrum
525 2348 556 2403 et
577 2341 751 2421 scripturae
781 2342 876 2404 verba
897 2363 1044 2425 conspur-

127 2431 219 2488 caret.
514 2445 518 2451 “

208 2507 303 2571 Sexto
327 2507 472 2589 Cypriani
494 2507 624 2587 locum,
649 2526 740 2587 quem
762 2507 886 2589 Lipsiae
907 2529 970 2572 non
992 2531 1057 2592 pov

126 2591 184 2651 tuit
205 2590 357 2670 indicare,
378 2609 437 2652 nec
457 2590 551 2651 modo
573 2590 667 2652 audet
687 2593 862 2672 nominare,
884 2594 943 2654 nisi
963 2595 1046 2672 quod

126 2672 177 2737 lib.
201 2677 229 2737 1.
246 2673 455 2754 Epistularum
479 2674 566 2735 citat:
587 2672 667 2736 adeo
689 2693 752 2735 non
774 2675 842 2754 ipae
863 2675 938 2757 legit
959 2683 1046 2740 autc·

125 2776 193 2835 res,
214 2756 270 2817 aed
285 2768 346 2837 ‘per
368 2757 585 2837 compilatores
608 2758 745 2837 excerpit
766 2757 865 2837 dicta,
888 2777 967 2838 qnae
989 2779 1046 2822 suo

127 2840 262 2902 serviant
283 2841 377 2901 errori
400 2858 581 2919 quecunque
595 2841 709 2920 specie.
730 2840 917 2920 Respondes
932 2850 1045 2924 tamen,

127 2921 211 3002 quod
233 2929 282 2984 est
300 2922 444 3003 Epistola
464 2925 554 2983 tertia
574 2922 626 2984 lib.
641 2928 666 2986 1.
689 2922 729 2984 ed
751 2922 937 3005 Cornelium,
953 2945 1044 3005 quam

127 3005 247 3086 Lipsiae
269 3007 374 3067 nescio
397 3005 437 3065 ad
459 3024 550 3085 quem
570 3024 639 3065 esse
660 3007 826 3067 somniavit
845 3006 890 3090 ²).
1048 3018 1062 3029 ‘

208 3089 283 3152 Post
303 3090 363 3150 ista
388 3087 518 3168 (inquit)
531 3087 632 3149 adhuc
652 3089 778 3169 insuper
794 3089 1042 3172 pseudepiscopo

126 3170 184 3232 sibi
205 3171 244 3234 ab
265 3171 429 3233 haereticis
452 3172 617 3233 constituto
639 3173 786 3252 navigare
808 3172 931 3250 audent,
953 3175 1045 3236 etad

125 3255 207 3315 Petri
228 3254 403 3316 cathedram
425 3261 518 3335 atque
540 3254 702 3316 ecclesiam
724 3255 940 3336 principalem,
962 3257 1046 3321 unde

125 3337 226 3399 unitas
250 3338 450 3399 sacerdotalis
478 3344 588 3399 exorta
609 3344 656 3399 est
677 3345 736 3399 etc.
764 3338 851 3399 Tunc
877 3341 968 3403 infert
987 3341 1045 3402 Ec·

126 3421 208 3482 cius:
228 3420 312 3501 Ergo
331 3421 489 3482 Romanus
510 3421 651 3501 pontifex
677 3423 742 3482 iure
764 3424 926 3502 potestatis
949 3426 1045 3485 omni·

123 3503 181 3566 bns
204 3504 344 3584 superior
369 3509 426 3567 est.
458 3503 510 3567 Sic
531 3505 613 3565 enim
635 3512 785 3584 perpetuo
808 3503 938 3585 delirat,
959 3505 1045 3587 quid-

124 3586 197 3666 quid
217 3586 352 3649 voluerit
370 3586 535 3649 inPctrum
559 3586 646 3648 dictis
668 3587 854 3670 intelligens.
872 3586 1044 3670 Cyprianus

150 3808 164 3817 .,
176 3767 212 3839 1)
230 3769 264 3824 lu
281 3769 325 3827 ed
341 3769 443 3841 priucr
461 3767 498 3825 de
514 3767 554 3828 dt
571 3784 617 3824 uo.
653 3767 687 3837 2)
708 3768 776 3824 lbid.
790 3786 798 3826 ε
814 3772 966 3828 somniant.
