2356 4200
279 268 283 279 ¹
403 276 437 330 ad
457 274 490 331 ὓ.
509 276 583 335 rna
601 276 776 363 ElantSex.
986 272 1048 340 Μ

99 443 102 447 ’
126 452 231 507 teman
255 447 382 508 istorum
406 445 544 508 obtinere
565 446 707 527 potuerit,
729 446 783 506 sed
808 443 986 524 simpliciter
1008 443 1046 506 sd

126 529 371 591 Reroosbonem
393 530 475 590 mala
496 529 646 592 dictorum
670 547 794 590 suorum
818 546 892 589 eum·
911 528 1048 608 compsi

125 631 205 673 sum.
256 612 324 672 Nec
354 614 382 673 ei
406 612 480 672 illud
512 612 602 673 fidele
630 612 767 673 Pastoris
801 611 934 672 odicium
964 611 1047 692 prius

125 694 294 755 exhibitum
317 714 395 775 esse,
417 697 648 775 onerationem
670 693 799 755 reddere
821 699 944 775 oportet
961 695 1046 754 amni

124 778 277 858 poscenti,
299 785 329 840 et
351 796 411 839 non
434 779 533 839 solum
548 776 721 840 volentibus
737 777 849 848 doceri,
872 776 926 837 sad
948 777 1051 838 etiam-

127 860 312 936 solentibas,
321 863 674 949 opportunaimportnne
689 860 864 920 mandatum
873 860 1047 922 estinstari.

171 983 181 1011 ,
210 944 346 1023 Rogavit
367 946 470 1022 itaque
491 952 584 1024 atque
604 944 796 1024 impetravit,
825 951 858 1002 ut
879 942 960 1023 apud
983 943 1048 1003 illu-

126 1026 309 1088 strissimam
352 1033 435 1087 tuam
469 1027 687 1089 Oelsitudinem
712 1025 987 1086 intercederemus
1018 1031 1050 1086 st

130 1108 390 1190 supplicaremus,
414 1118 564 1190 quatenus
584 1109 789 1170 illustrissima
816 1116 870 1168 tua
892 1107 1048 1171 Oeleitudo

130 1193 289 1272 dignetur,
323 1192 363 1253 sd
405 1193 536 1254 eundem
563 1192 850 1253 reverendissimum
882 1191 1048 1252 Dominum

123 1275 274 1355 Legatum
303 1276 352 1336 vel
380 1278 480 1356 ipsum
518 1295 670 1337 summum
703 1273 883 1348 Pontillcem
916 1273 1049 1334 scribere

129 1365 159 1419 et
181 1359 318 1439 gratiose
337 1353 540 1441 intervenire,
566 1367 600 1418 ut
619 1359 650 1418 in
673 1360 793 1440 scriptis
815 1357 872 1418 eibi
894 1359 1048 1437 signaren-

78 1490 80 1494 ,
130 1447 178 1502 tur
202 1442 320 1501 articuli
343 1449 373 1501 et
395 1448 510 1521 puncta
530 1460 666 1502 emerem
688 1458 829 1519 suorum,
852 1449 882 1501 et
904 1440 1049 1502 adderen-

128 1531 177 1583 tur
197 1524 246 1583 vel
269 1525 403 1585 rationes
426 1524 473 1584 vel
497 1526 686 1601 autoritates,
709 1514 818 1603 quibus
848 1528 1051 1604 cognosceret

128 1625 197 1675 sese
220 1625 338 1668 errasse
360 1614 392 1668 et
412 1608 457 1667 sic
478 1612 663 1685 revocarat,
681 1626 739 1667 nec
770 1613 862 1668 antea
889 1613 1050 1686 cogeretur

128 1689 276 1750 damnare
302 1690 484 1769 sententies,
512 1708 604 1768 quam
635 1696 838 1769 cognosceret
865 1709 933 1751 esse
967 1689 1049 1749 dam·

128 1771 264 1847 modas,
297 1791 390 1852 quum
420 1773 465 1833 sic
493 1774 619 1853 antiqua
639 1773 728 1833 fuerit
750 1773 900 1833 ecclesiae
922 1790 1049 1834 consue·

130 1854 215 1925 tudo,
238 1865 268 1915 et
289 1855 412 1916 Petrum
434 1857 479 1915 sic
501 1855 634 1916 doceant
655 1856 814 1935 exempla,
850 1862 883 1914 ut
904 1854 982 1915 datis
1004 1874 1049 1914 ra·
1079 1869 1084 1888 ⁶

128 1937 263 1998 tionibus
299 1945 329 1999 et
357 1937 570 1999 autoritatibus
599 1938 637 1998 ad
661 1938 908 1998 emendationem
939 1938 1049 1998 erroris

129 2029 288 2100 urgerent,
327 2040 387 2082 non
417 2028 518 2082 autem
542 2020 625 2082 nuda
646 2040 703 2081 sua
724 2021 895 2081 assertione
913 2026 943 2079 et
964 2027 1049 2100 pote·

132 2111 212 2163 state
235 2103 416 2166 damnarent
437 2104 526 2177 ullius
545 2104 639 2167 dicta
746 2126 749 2133 ⁴

212 2186 277 2247 Nos
290 2183 411 2266 itaque,
425 2186 626 2247 illustrissime
642 2186 797 2266 Princeps,
819 2186 876 2246 etsi
889 2185 944 2245 viri
958 2183 1048 2246 huius

129 2269 309 2348 petitionem
331 2270 478 2350 repellere
500 2289 562 2331 non
583 2270 757 2350 potuimus,
770 2316 773 2321 ,
787 2274 820 2329 nt
838 2267 1048 2346 iustissimam,

129 2351 449 2413 narrationibuesuis
484 2352 660 2421 credentes,
705 2358 807 2412 tamen
841 2357 912 2411 anta
945 2351 1049 2412 omnia

130 2432 256 2495 min'flce
277 2435 395 2514 placet,
428 2434 512 2514 quod
532 2434 754 2497 illustrissimae
777 2440 847 2494 tuae
869 2432 1048 2496 eelsitudini

128 2517 308 2596 simpliciter
329 2527 359 2577 et
379 2537 455 2599 pure
473 2519 570 2579 defert
590 2517 739 2578 honorem
752 2524 880 2578 sanotae
896 2516 1048 2578 ecelesiae

129 2605 163 2660 et
183 2616 303 2660 summo
315 2599 465 2679 Pontifici,
487 2618 589 2681 neque
609 2618 666 2662 scs
686 2618 833 2680 nuquam·
845 2599 927 2660 uliud
949 2600 1047 2680 sapie·

130 2700 208 2742 mus.
251 2683 392 2767 Denique
411 2684 442 2743 id
465 2683 622 2762 addimus,
654 2684 679 2743 si
711 2689 850 2763 repertus
880 2682 971 2743 fuerit
998 2682 1049 2742 lric

125 2764 226 2826 bomo
243 2766 274 2826 in
296 2765 400 2846 aliquo
423 2767 504 2827 male
524 2767 676 2844 sensisse,
709 2767 822 2826 emmas
855 2766 963 2845 primi,
994 2765 1048 2846 qni

131 2847 357 2931 camelianum
379 2847 569 2926 babebimus,
592 2848 666 2914 nibil
688 2849 768 2909 euim
789 2847 1047 2928 antiquiusduai·

129 2947 199 2990 mus
220 2930 334 2993 iudicio
357 2939 484 2992 sanetae
504 2930 845 2993 senseresensere.
927 2962 930 2971 ·

112 3033 115 3039 ’
145 3038 149 3047 ·
213 3011 332 3074 idcirco
353 3013 383 3073 id
405 3014 504 3076 solnm
527 3014 738 3094 deprecamur,
761 3015 877 3094 optima
892 3013 1048 3094 Princeps,

129 3100 162 3154 et
191 3094 281 3157 buius
312 3098 408 3158 notul
442 3095 551 3172 studii,
584 3114 667 3157 nune
694 3095 752 3157 Dei
786 3096 901 3179 levore
933 3103 1048 3179 tuaque

100 3194 232 3257 opera-
247 3176 471 3258 dorantiasimi,
493 3180 616 3241 unicum
638 3178 834 3260 praesidinm,
857 3178 1046 3248 ut'illustrls

128 3260 208 3320 uma
229 3266 285 3322 tna
306 3261 464 3324 Gslsttudo
484 3280 547 3324 non
568 3261 643 3323 velit
663 3262 801 3343 gravam
830 3268 863 3324 at
882 3269 1048 3342 postquam

128 3341 357 3405 humillimam
385 3345 586 3406 devotissime
602 3345 764 3414 Romanae
792 3345 941 3406 eeclesiae
962 3344 1047 3406 reve·

127 3425 257 3486 rentiam
292 3427 344 3503 (ut
372 3428 438 3488 eine
459 3428 639 3510 magisterio
668 3433 774 3489 nostm
804 3442 896 3507 quam
931 3428 1048 3506 optime
1159 3474 1163 3479 .

128 3508 277 3569 iacturam
299 3510 428 3588 ammos)
453 3529 509 3592 per
530 3510 632 3572 literas
656 3509 844 3588 exhibuerit,
871 3510 967 3571 huius·
983 3517 1047 3572 tan-

130 3592 200 3652 dem
222 3591 355 3654 hominis
376 3594 565 3674 petitionem,
587 3594 766 3674 praesertim
787 3593 1048 3656 obrerelaudam

130 3675 268 3743 veritatis¹
287 3675 450 3755 puritatem
472 3677 651 3759 laborantis,
673 3695 736 3738 uon
754 3675 971 3757 obliviscatur,
992 3675 1047 3738 sed

129 3757 298 3838 implorare
316 3756 458 3840 dignetur
477 3759 580 3822 lucam
600 3760 646 3839 ei,
661 3778 752 3840 quem
770 3760 806 3821 in
822 3759 959 3849 tenebris
978 3777 1048 3822 csse
