<?xml version="1.0" encoding="UTF-8"?>
<!DOCTYPE html PUBLIC "-//W3C//DTD XHTML 1.0 Transitional//EN"
    "http://www.w3.org/TR/xhtml1/DTD/xhtml1-transitional.dtd">
<html xmlns="http://www.w3.org/1999/xhtml" xml:lang="en" lang="en">
 <head>
  <title>
</title>
<meta http-equiv="Content-Type" content="text/html;charset=utf-8" />
  <meta name='ocr-system' content='tesseract 3.04.00' />
  <meta name='ocr-capabilities' content='ocr_page ocr_carea ocr_par ocr_line ocrx_word'/>
</head>
<body>
  <div class='ocr_page' id='page_1' title='image "./dmartinilutheri01luthgoog_0431.png"; bbox 0 0 2356 4200; ppageno 0'>
   <div class='ocr_carea' id='block_1_1' title="bbox 123 272 647 340">
    <p class='ocr_par' dir='ltr' id='par_1_1' title="bbox 123 272 647 340">
     <span class='ocr_line' id='line_1_1' title="bbox 123 272 647 340; baseline -0.002 -12"><span class='ocrx_word' id='word_1_1' title='bbox 123 272 186 340; x_wconf 68' lang='grc'>428</span> <span class='ocrx_word' id='word_1_2' title='bbox 516 274 647 330; x_wconf 69' lang='lat' dir='ltr'>Armrisci</span> 
     </span>
    </p>
   </div>
   <div class='ocr_carea' id='block_1_2' title="bbox 56 454 1051 1946">
    <p class='ocr_par' dir='ltr' id='par_1_2' title="bbox 124 454 1051 1431">
     <span class='ocr_line' id='line_1_2' title="bbox 128 454 1048 541; baseline -0.003 -20"><span class='ocrx_word' id='word_1_3' title='bbox 128 459 219 538; x_wconf 80' lang='lat' dir='ltr'>dicid,</span> <span class='ocrx_word' id='word_1_4' title='bbox 239 460 289 520; x_wconf 87' lang='lat' dir='ltr'>hic</span> <span class='ocrx_word' id='word_1_5' title='bbox 310 454 753 541; x_wconf 73' lang='lat' dir='ltr'>intelligat¹rreeepturos1n</span> <span class='ocrx_word' id='word_1_6' title='bbox 776 463 886 520; x_wconf 87' lang='lat' dir='ltr'>morte</span> <span class='ocrx_word' id='word_1_7' title='bbox 919 458 980 519; x_wconf 89' lang='lat' dir='ltr'>Iste</span> <span class='ocrx_word' id='word_1_8' title='bbox 999 464 1048 518; x_wconf 87' lang='lat' dir='ltr'>est</span> 
     </span>
     <span class='ocr_line' id='line_1_3' title="bbox 125 540 1048 623; baseline -0.004 -19"><span class='ocrx_word' id='word_1_9' title='bbox 125 545 206 605; x_wconf 88' lang='lat' dir='ltr'>enim</span> <span class='ocrx_word' id='word_1_10' title='bbox 240 561 307 604; x_wconf 92' lang='lat' dir='ltr'>mos</span> <span class='ocrx_word' id='word_1_11' title='bbox 341 542 560 623; x_wconf 88' lang='lat' dir='ltr'>interpretandi</span> <span class='ocrx_word' id='word_1_12' title='bbox 594 561 711 603; x_wconf 89' lang='lat' dir='ltr'>sacram</span> <span class='ocrx_word' id='word_1_13' title='bbox 748 542 926 621; x_wconf 87' lang='lat' dir='ltr'>scripturam</span> <span class='ocrx_word' id='word_1_14' title='bbox 963 540 1048 621; x_wconf 82' lang='lat' dir='ltr'>apud</span> 
     </span>
     <span class='ocr_line' id='line_1_4' title="bbox 126 624 1047 705; baseline -0.004 -18"><span class='ocrx_word' id='word_1_15' title='bbox 126 626 335 687; x_wconf 75' lang='lat' dir='ltr'>scholasticos</span> <span class='ocrx_word' id='word_1_16' title='bbox 361 631 479 705; x_wconf 86' lang='lat' dir='ltr'>(paene</span> <span class='ocrx_word' id='word_1_17' title='bbox 490 625 632 685; x_wconf 86' lang='lat' dir='ltr'>illusores</span> <span class='ocrx_word' id='word_1_18' title='bbox 647 625 810 700; x_wconf 81' lang='lat' dir='ltr'>dixissem)</span> <span class='ocrx_word' id='word_1_19' title='bbox 828 624 1047 686; x_wconf 86' lang='lat' dir='ltr'>celeberrimus</span> 
     </span>
     <span class='ocr_line' id='line_1_5' title="bbox 125 706 1048 787; baseline -0.003 -18"><span class='ocrx_word' id='word_1_20' title='bbox 125 728 162 770; x_wconf 90' lang='lat' dir='ltr'>ac</span> <span class='ocrx_word' id='word_1_21' title='bbox 184 709 420 786; x_wconf 77' lang='lat' dir='ltr'>laudatissimus,</span> <span class='ocrx_word' id='word_1_22' title='bbox 445 709 469 768; x_wconf 94' lang='lat' dir='ltr'>si</span> <span class='ocrx_word' id='word_1_23' title='bbox 493 727 561 769; x_wconf 87' lang='lat' dir='ltr'>mos</span> <span class='ocrx_word' id='word_1_24' title='bbox 583 709 687 768; x_wconf 84' lang='lat' dir='ltr'>vocari</span> <span class='ocrx_word' id='word_1_25' title='bbox 710 712 817 787; x_wconf 89' lang='lat' dir='ltr'>posset</span> <span class='ocrx_word' id='word_1_26' title='bbox 833 712 895 767; x_wconf 74' lang='lat' dir='ltr'>tem</span> <span class='ocrx_word' id='word_1_27' title='bbox 919 706 1048 767; x_wconf 86' lang='lat' dir='ltr'>evidens</span> 
     </span>
     <span class='ocr_line' id='line_1_6' title="bbox 125 788 1049 871; baseline -0.002 -19"><span class='ocrx_word' id='word_1_28' title='bbox 125 792 217 852; x_wconf 85' lang='lat' dir='ltr'>furor.</span> <span class='ocrx_word' id='word_1_29' title='bbox 260 792 326 852; x_wconf 94' lang='lat' dir='ltr'>Hos</span> <span class='ocrx_word' id='word_1_30' title='bbox 347 791 428 851; x_wconf 86' lang='lat' dir='ltr'>Psal.</span> <span class='ocrx_word' id='word_1_31' title='bbox 454 796 478 853; x_wconf 92' lang='lat' dir='ltr'>l.</span> <span class='ocrx_word' id='word_1_32' title='bbox 504 790 663 851; x_wconf 84' lang='lat' dir='ltr'>describit:</span> <span class='ocrx_word' id='word_1_33' title='bbox 707 790 747 849; x_wconf 84' lang='lat' dir='ltr'>Et</span> <span class='ocrx_word' id='word_1_34' title='bbox 774 791 804 850; x_wconf 93' lang='lat' dir='ltr'>in</span> <span class='ocrx_word' id='word_1_35' title='bbox 828 788 975 852; x_wconf 79' lang='lat' dir='ltr'>cathedra</span> <span class='ocrx_word' id='word_1_36' title='bbox 996 809 1049 871; x_wconf 86' lang='lat' dir='ltr'>pe·</span> 
     </span>
     <span class='ocr_line' id='line_1_7' title="bbox 126 871 1048 953; baseline 0 -20"><span class='ocrx_word' id='word_1_37' title='bbox 126 875 279 935; x_wconf 88' lang='lat' dir='ltr'>stilentiae</span> <span class='ocrx_word' id='word_1_38' title='bbox 307 893 369 933; x_wconf 92' lang='lat' dir='ltr'>non</span> <span class='ocrx_word' id='word_1_39' title='bbox 399 874 486 934; x_wconf 88' lang='lat' dir='ltr'>sedit.</span> <span class='ocrx_word' id='word_1_40' title='bbox 532 874 615 934; x_wconf 89' lang='lat' dir='ltr'>Loco</span> <span class='ocrx_word' id='word_1_41' title='bbox 644 873 840 953; x_wconf 86' lang='lat' dir='ltr'>pestilentiae</span> <span class='ocrx_word' id='word_1_42' title='bbox 866 874 896 932; x_wconf 94' lang='lat' dir='ltr'>in</span> <span class='ocrx_word' id='word_1_43' title='bbox 914 871 1048 933; x_wconf 77' lang='lat' dir='ltr'>&#39;Ebraco</span> 
     </span>
     <span class='ocr_line' id='line_1_8' title="bbox 127 955 1050 1036; baseline -0.002 -18"><span class='ocrx_word' id='word_1_44' title='bbox 127 964 175 1018; x_wconf 85' lang='lat' dir='ltr'>ast</span> <span class='ocrx_word' id='word_1_45' title='bbox 196 957 308 1034; x_wconf 86' lang='lat' dir='ltr'>Lezirn,</span> <span class='ocrx_word' id='word_1_46' title='bbox 330 955 362 1015; x_wconf 91' lang='lat' dir='ltr'>id</span> <span class='ocrx_word' id='word_1_47' title='bbox 384 964 440 1036; x_wconf 92' lang='lat' dir='ltr'>est,</span> <span class='ocrx_word' id='word_1_48' title='bbox 463 957 642 1035; x_wconf 88' lang='lat' dir='ltr'>derisorum,</span> <span class='ocrx_word' id='word_1_49' title='bbox 664 956 822 1017; x_wconf 89' lang='lat' dir='ltr'>illusorum</span> <span class='ocrx_word' id='word_1_50' title='bbox 836 957 1050 1036; x_wconf 79' lang='lat' dir='ltr'>interpretum,</span> 
     </span>
     <span class='ocr_line' id='line_1_9' title="bbox 124 1039 1049 1119; baseline -0.001 -20"><span class='ocrx_word' id='word_1_51' title='bbox 124 1040 155 1100; x_wconf 94' lang='lat' dir='ltr'>id</span> <span class='ocrx_word' id='word_1_52' title='bbox 178 1047 241 1118; x_wconf 85' lang='lat' dir='ltr'>est,</span> <span class='ocrx_word' id='word_1_53' title='bbox 265 1041 316 1118; x_wconf 93' lang='lat' dir='ltr'>qui</span> <span class='ocrx_word' id='word_1_54' title='bbox 341 1039 435 1100; x_wconf 88' lang='lat' dir='ltr'>verba</span> <span class='ocrx_word' id='word_1_55' title='bbox 455 1041 623 1119; x_wconf 82' lang='lat' dir='ltr'>scripturae</span> <span class='ocrx_word' id='word_1_56' title='bbox 646 1039 691 1098; x_wconf 88' lang='lat' dir='ltr'>sic</span> <span class='ocrx_word' id='word_1_57' title='bbox 714 1039 828 1098; x_wconf 87' lang='lat' dir='ltr'>docent</span> <span class='ocrx_word' id='word_1_58' title='bbox 849 1046 880 1099; x_wconf 87' lang='lat' dir='ltr'>et</span> <span class='ocrx_word' id='word_1_59' title='bbox 901 1039 1049 1119; x_wconf 86' lang='lat' dir='ltr'>interpre-</span> 
     </span>
     <span class='ocr_line' id='line_1_10' title="bbox 126 1119 1049 1198; baseline -0.001 -15"><span class='ocrx_word' id='word_1_60' title='bbox 126 1130 239 1198; x_wconf 85' lang='lat' dir='ltr'>tantur,</span> <span class='ocrx_word' id='word_1_61' title='bbox 264 1129 296 1183; x_wconf 87' lang='lat' dir='ltr'>nt</span> <span class='ocrx_word' id='word_1_62' title='bbox 317 1121 447 1183; x_wconf 89' lang='lat' dir='ltr'>illudant</span> <span class='ocrx_word' id='word_1_63' title='bbox 470 1123 587 1182; x_wconf 88' lang='lat' dir='ltr'>animas</span> <span class='ocrx_word' id='word_1_64' title='bbox 610 1123 747 1182; x_wconf 85' lang='lat' dir='ltr'>sitientes</span> <span class='ocrx_word' id='word_1_65' title='bbox 763 1122 933 1182; x_wconf 85' lang='lat' dir='ltr'>veritatem.</span> <span class='ocrx_word' id='word_1_66' title='bbox 963 1119 1049 1182; x_wconf 77' lang='lat' dir='ltr'>‘ldco</span> 
     </span>
     <span class='ocr_line' id='line_1_11' title="bbox 127 1203 1050 1285; baseline -0.001 -19"><span class='ocrx_word' id='word_1_67' title='bbox 127 1224 240 1266; x_wconf 88' lang='lat' dir='ltr'>nomen</span> <span class='ocrx_word' id='word_1_68' title='bbox 264 1223 369 1265; x_wconf 87' lang='lat' dir='ltr'>eorum</span> <span class='ocrx_word' id='word_1_69' title='bbox 392 1213 453 1264; x_wconf 88' lang='lat' dir='ltr'>tam</span> <span class='ocrx_word' id='word_1_70' title='bbox 475 1210 739 1285; x_wconf 87' lang='lat' dir='ltr'>propeoonsonat</span> <span class='ocrx_word' id='word_1_71' title='bbox 755 1203 933 1280; x_wconf 84' lang='lat' dir='ltr'>adnomen,</span> <span class='ocrx_word' id='word_1_72' title='bbox 954 1223 1050 1283; x_wconf 84' lang='lat' dir='ltr'>quam</span> 
     </span>
     <span class='ocr_line' id='line_1_12' title="bbox 126 1285 1051 1370; baseline -0.005 -20"><span class='ocrx_word' id='word_1_73' title='bbox 126 1290 184 1370; x_wconf 85' lang='lat' dir='ltr'>ipsi</span> <span class='ocrx_word' id='word_1_74' title='bbox 207 1307 269 1348; x_wconf 96' lang='lat' dir='ltr'>non</span> <span class='ocrx_word' id='word_1_75' title='bbox 293 1294 363 1346; x_wconf 87' lang='lat' dir='ltr'>sunt</span> <span class='ocrx_word' id='word_1_76' title='bbox 384 1288 478 1367; x_wconf 82' lang='lat' dir='ltr'>longe</span> <span class='ocrx_word' id='word_1_77' title='bbox 500 1307 518 1347; x_wconf 91' lang='lat' dir='ltr'>a</span> <span class='ocrx_word' id='word_1_78' title='bbox 539 1307 582 1348; x_wconf 89' lang='lat' dir='ltr'>re.</span> <span class='ocrx_word' id='word_1_79' title='bbox 631 1285 710 1361; x_wconf 73' lang='lat' dir='ltr'>Quid</span> <span class='ocrx_word' id='word_1_80' title='bbox 733 1288 814 1346; x_wconf 90' lang='lat' dir='ltr'>enim</span> <span class='ocrx_word' id='word_1_81' title='bbox 839 1286 1051 1363; x_wconf 82' lang='lat' dir='ltr'>Scholasticus</span> 
     </span>
     <span class='ocr_line' id='line_1_13' title="bbox 125 1370 506 1431; baseline 0 -1"><span class='ocrx_word' id='word_1_82' title='bbox 125 1372 183 1430; x_wconf 93' lang='lat' dir='ltr'>nisi</span> <span class='ocrx_word' id='word_1_83' title='bbox 206 1370 336 1431; x_wconf 89' lang='lat' dir='ltr'>lusorius</span> <span class='ocrx_word' id='word_1_84' title='bbox 358 1370 506 1431; x_wconf 86' lang='lat' dir='ltr'>vocatur?</span> 
     </span>
    </p>

    <p class='ocr_par' dir='ltr' id='par_1_3' title="bbox 56 1442 1051 1946">
     <span class='ocr_line' id='line_1_14' title="bbox 208 1442 1051 1532; baseline -0.001 -20"><span class='ocrx_word' id='word_1_85' title='bbox 208 1453 382 1513; x_wconf 84' lang='lat' dir='ltr'>Terminum</span> <span class='ocrx_word' id='word_1_86' title='bbox 404 1455 482 1531; x_wconf 89' lang='lat' dir='ltr'>viae,</span> <span class='ocrx_word' id='word_1_87' title='bbox 505 1453 613 1532; x_wconf 88' lang='lat' dir='ltr'>inquit,</span> <span class='ocrx_word' id='word_1_88' title='bbox 629 1451 812 1523; x_wconf 84' lang='lat' dir='ltr'>confundit.</span> <span class='ocrx_word' id='word_1_89' title='bbox 831 1442 956 1513; x_wconf 87' lang='lat' dir='ltr'>Utinam</span> <span class='ocrx_word' id='word_1_90' title='bbox 968 1452 1051 1532; x_wconf 85' lang='lat' dir='ltr'>prin·</span> 
     </span>
     <span class='ocr_line' id='line_1_15' title="bbox 126 1534 1050 1617; baseline -0.001 -21"><span class='ocrx_word' id='word_1_91' title='bbox 126 1537 248 1617; x_wconf 87' lang='lat' dir='ltr'>cipium,</span> <span class='ocrx_word' id='word_1_92' title='bbox 272 1534 416 1608; x_wconf 89' lang='lat' dir='ltr'>medium,</span> <span class='ocrx_word' id='word_1_93' title='bbox 435 1534 538 1613; x_wconf 87' lang='lat' dir='ltr'>finem,</span> <span class='ocrx_word' id='word_1_94' title='bbox 553 1541 645 1614; x_wconf 89' lang='lat' dir='ltr'>atque</span> <span class='ocrx_word' id='word_1_95' title='bbox 664 1534 936 1610; x_wconf 84' lang='lat' dir='ltr'>omniatamviae,</span> <span class='ocrx_word' id='word_1_96' title='bbox 955 1552 1050 1614; x_wconf 88' lang='lat' dir='ltr'>quam</span> 
     </span>
     <span class='ocr_line' id='line_1_16' title="bbox 126 1616 1050 1698; baseline 0 -19"><span class='ocrx_word' id='word_1_97' title='bbox 126 1619 238 1679; x_wconf 87' lang='lat' dir='ltr'>erroris</span> <span class='ocrx_word' id='word_1_98' title='bbox 258 1617 409 1678; x_wconf 81' lang='lat' dir='ltr'>Scholast</span> <span class='ocrx_word' id='word_1_99' title='bbox 390 1627 518 1680; x_wconf 86' lang='lat' dir='ltr'>troorum</span> <span class='ocrx_word' id='word_1_100' title='bbox 531 1637 660 1698; x_wconf 91' lang='lat' dir='ltr'>possum</span> <span class='ocrx_word' id='word_1_101' title='bbox 673 1616 871 1696; x_wconf 88' lang='lat' dir='ltr'>confundere,</span> <span class='ocrx_word' id='word_1_102' title='bbox 891 1635 1050 1696; x_wconf 79' lang='lat' dir='ltr'>sperarem</span> 
     </span>
     <span class='ocr_line' id='line_1_17' title="bbox 126 1699 1050 1780; baseline -0.001 -18"><span class='ocrx_word' id='word_1_103' title='bbox 126 1702 261 1762; x_wconf 89' lang='lat' dir='ltr'>enimet</span> <span class='ocrx_word' id='word_1_104' title='bbox 230 1700 375 1761; x_wconf 87' lang='lat' dir='ltr'>etEocio</span> <span class='ocrx_word' id='word_1_105' title='bbox 398 1718 522 1780; x_wconf 77' lang='lat' dir='ltr'>quoqne</span> <span class='ocrx_word' id='word_1_106' title='bbox 542 1700 733 1780; x_wconf 87' lang='lat' dir='ltr'>placiturum,</span> <span class='ocrx_word' id='word_1_107' title='bbox 756 1700 808 1779; x_wconf 89' lang='lat' dir='ltr'>qui</span> <span class='ocrx_word' id='word_1_108' title='bbox 827 1718 862 1760; x_wconf 88' lang='lat' dir='ltr'>se</span> <span class='ocrx_word' id='word_1_109' title='bbox 879 1718 942 1760; x_wconf 93' lang='lat' dir='ltr'>uon</span> <span class='ocrx_word' id='word_1_110' title='bbox 961 1699 1050 1762; x_wconf 88' lang='lat' dir='ltr'>scho-</span> 
     </span>
     <span class='ocr_line' id='line_1_18' title="bbox 125 1781 1049 1863; baseline -0.001 -20"><span class='ocrx_word' id='word_1_111' title='bbox 125 1784 264 1845; x_wconf 90' lang='lat' dir='ltr'>lasticam</span> <span class='ocrx_word' id='word_1_112' title='bbox 287 1783 476 1863; x_wconf 81' lang='lat' dir='ltr'>theologiam</span> <span class='ocrx_word' id='word_1_113' title='bbox 497 1783 638 1863; x_wconf 89' lang='lat' dir='ltr'>promisit</span> <span class='ocrx_word' id='word_1_114' title='bbox 659 1788 867 1860; x_wconf 88' lang='lat' dir='ltr'>tractaturum,</span> <span class='ocrx_word' id='word_1_115' title='bbox 890 1783 950 1842; x_wconf 92' lang='lat' dir='ltr'>nisi</span> <span class='ocrx_word' id='word_1_116' title='bbox 966 1781 1049 1862; x_wconf 86' lang='lat' dir='ltr'>quod</span> 
     </span>
     <span class='ocr_line' id='line_1_19' title="bbox 56 1865 1049 1946; baseline -0.001 -19"><span class='ocrx_word' id='word_1_117' title='bbox 56 1878 59 1882; x_wconf 82' lang='grc'><strong>’</strong></span> <span class='ocrx_word' id='word_1_118' title='bbox 128 1867 207 1927; x_wconf 89' lang='lat' dir='ltr'>haec</span> <span class='ocrx_word' id='word_1_119' title='bbox 229 1866 328 1927; x_wconf 89' lang='lat' dir='ltr'>obiter</span> <span class='ocrx_word' id='word_1_120' title='bbox 349 1885 495 1946; x_wconf 84' lang='lat' dir='ltr'>parerga,</span> <span class='ocrx_word' id='word_1_121' title='bbox 523 1865 628 1925; x_wconf 89' lang='lat' dir='ltr'>nescio</span> <span class='ocrx_word' id='word_1_122' title='bbox 651 1882 710 1944; x_wconf 93' lang='lat' dir='ltr'>quo</span> <span class='ocrx_word' id='word_1_123' title='bbox 733 1866 857 1925; x_wconf 86' lang='lat' dir='ltr'>numine</span> <span class='ocrx_word' id='word_1_124' title='bbox 879 1871 1049 1946; x_wconf 86' lang='lat' dir='ltr'>correptus,</span> 
     </span>
    </p>
   </div>
   <div class='ocr_carea' id='block_1_3' title="bbox 7 1947 713 2038">
    <p class='ocr_par' dir='ltr' id='par_1_4' title="bbox 7 1947 713 2038">
     <span class='ocr_line' id='line_1_20' title="bbox 7 1947 713 2038; baseline -0.006 -28"><span class='ocrx_word' id='word_1_125' title='bbox 7 2024 19 2038; x_wconf 34' lang='lat' dir='ltr'><em>l</em></span> <span class='ocrx_word' id='word_1_126' title='bbox 126 1950 220 2010; x_wconf 89' lang='lat' dir='ltr'>dilata</span> <span class='ocrx_word' id='word_1_127' title='bbox 242 1948 398 2029; x_wconf 89' lang='lat' dir='ltr'>paululum</span> <span class='ocrx_word' id='word_1_128' title='bbox 419 1949 543 2030; x_wconf 90' lang='lat' dir='ltr'>reipsa</span> <span class='ocrx_word' id='word_1_129' title='bbox 565 1947 713 2027; x_wconf 74' lang='lat' dir='ltr'>depinxit,</span> 
     </span>
    </p>
   </div>
   <div class='ocr_carea' id='block_1_4' title="bbox 437 2074 732 2152">
    <p class='ocr_par' dir='ltr' id='par_1_5' title="bbox 437 2074 732 2152">
     <span class='ocr_line' id='line_1_21' title="bbox 437 2074 732 2152; baseline 0 -17"><span class='ocrx_word' id='word_1_130' title='bbox 437 2075 488 2136; x_wconf 88' lang='lat' dir='ltr'>lX.</span> <span class='ocrx_word' id='word_1_131' title='bbox 511 2075 682 2137; x_wconf 88' lang='lat' dir='ltr'>Obeliscus.</span> <span class='ocrx_word' id='word_1_132' title='bbox 695 2074 732 2152; x_wconf 68' lang='lat' dir='ltr'>*J</span> 
     </span>
    </p>
   </div>
   <div class='ocr_carea' id='block_1_5' title="bbox 124 2191 1086 3598">
    <p class='ocr_par' dir='ltr' id='par_1_6' title="bbox 124 2191 1047 2667">
     <span class='ocr_line' id='line_1_22' title="bbox 209 2191 1046 2272; baseline 0 -19"><span class='ocrx_word' id='word_1_133' title='bbox 209 2193 263 2253; x_wconf 86' lang='lat' dir='ltr'>Ec.</span> <span class='ocrx_word' id='word_1_134' title='bbox 292 2193 422 2254; x_wconf 88' lang='lat' dir='ltr'>Falsitas</span> <span class='ocrx_word' id='word_1_135' title='bbox 451 2192 539 2252; x_wconf 92' lang='lat' dir='ltr'>huius</span> <span class='ocrx_word' id='word_1_136' title='bbox 569 2212 607 2253; x_wconf 84' lang='lat' dir='ltr'>ex</span> <span class='ocrx_word' id='word_1_137' title='bbox 628 2192 780 2272; x_wconf 82' lang='lat' dir='ltr'>prioribus</span> <span class='ocrx_word' id='word_1_138' title='bbox 801 2191 956 2272; x_wconf 80' lang='lat' dir='ltr'>proditur,</span> <span class='ocrx_word' id='word_1_139' title='bbox 978 2211 1046 2255; x_wconf 80' lang='lat' dir='ltr'>nam</span> 
     </span>
     <span class='ocr_line' id='line_1_23' title="bbox 127 2275 1047 2355; baseline 0 -18"><span class='ocrx_word' id='word_1_140' title='bbox 127 2295 189 2337; x_wconf 93' lang='lat' dir='ltr'>non</span> <span class='ocrx_word' id='word_1_141' title='bbox 213 2276 376 2355; x_wconf 83' lang='lat' dir='ltr'>pauciora,</span> <span class='ocrx_word' id='word_1_142' title='bbox 400 2276 463 2336; x_wconf 92' lang='lat' dir='ltr'>imo</span> <span class='ocrx_word' id='word_1_143' title='bbox 485 2275 573 2355; x_wconf 89' lang='lat' dir='ltr'>plura</span> <span class='ocrx_word' id='word_1_144' title='bbox 594 2276 707 2353; x_wconf 91' lang='lat' dir='ltr'>sciunt,</span> <span class='ocrx_word' id='word_1_145' title='bbox 737 2293 827 2355; x_wconf 85' lang='lat' dir='ltr'>quarn</span> <span class='ocrx_word' id='word_1_146' title='bbox 850 2294 909 2336; x_wconf 94' lang='lat' dir='ltr'>nos</span> <span class='ocrx_word' id='word_1_147' title='bbox 929 2275 963 2336; x_wconf 94' lang='lat' dir='ltr'>in</span> <span class='ocrx_word' id='word_1_148' title='bbox 985 2294 1047 2337; x_wconf 85' lang='lat' dir='ltr'>cor·</span> 
     </span>
     <span class='ocr_line' id='line_1_24' title="bbox 126 2357 1046 2440; baseline -0.001 -21"><span class='ocrx_word' id='word_1_149' title='bbox 126 2378 212 2440; x_wconf 89' lang='lat' dir='ltr'>pore,</span> <span class='ocrx_word' id='word_1_150' title='bbox 235 2357 318 2438; x_wconf 89' lang='lat' dir='ltr'>quod</span> <span class='ocrx_word' id='word_1_151' title='bbox 333 2366 482 2438; x_wconf 81' lang='lat' dir='ltr'>aggravat</span> <span class='ocrx_word' id='word_1_152' title='bbox 493 2359 637 2436; x_wconf 90' lang='lat' dir='ltr'>animam,</span> <span class='ocrx_word' id='word_1_153' title='bbox 652 2359 837 2435; x_wconf 70' lang='lat' dir='ltr'>exsistente,</span> <span class='ocrx_word' id='word_1_154' title='bbox 859 2359 961 2418; x_wconf 89' lang='lat' dir='ltr'>sciunt</span> <span class='ocrx_word' id='word_1_155' title='bbox 976 2376 1046 2440; x_wconf 78' lang='lat' dir='ltr'>ergo</span> 
     </span>
     <span class='ocr_line' id='line_1_25' title="bbox 126 2440 1045 2523; baseline 0.002 -23"><span class='ocrx_word' id='word_1_156' title='bbox 126 2462 160 2501; x_wconf 88' lang='lat' dir='ltr'>se</span> <span class='ocrx_word' id='word_1_157' title='bbox 182 2449 337 2518; x_wconf 87' lang='lat' dir='ltr'>mortuos,</span> <span class='ocrx_word' id='word_1_158' title='bbox 361 2447 392 2501; x_wconf 95' lang='lat' dir='ltr'>et</span> <span class='ocrx_word' id='word_1_159' title='bbox 412 2460 474 2502; x_wconf 94' lang='lat' dir='ltr'>non</span> <span class='ocrx_word' id='word_1_160' title='bbox 497 2440 682 2521; x_wconf 89' lang='lat' dir='ltr'>desperare,</span> <span class='ocrx_word' id='word_1_161' title='bbox 702 2460 762 2501; x_wconf 90' lang='lat' dir='ltr'>neo</span> <span class='ocrx_word' id='word_1_162' title='bbox 782 2441 839 2500; x_wconf 83' lang='lat' dir='ltr'>frui</span> <span class='ocrx_word' id='word_1_163' title='bbox 861 2441 946 2519; x_wconf 86' lang='lat' dir='ltr'>Deo,</span> <span class='ocrx_word' id='word_1_164' title='bbox 975 2459 1045 2523; x_wconf 79' lang='lat' dir='ltr'>ergo</span> 
     </span>
     <span class='ocr_line' id='line_1_26' title="bbox 125 2524 1046 2605; baseline 0 -22"><span class='ocrx_word' id='word_1_165' title='bbox 125 2525 226 2584; x_wconf 88' lang='lat' dir='ltr'>sciunt</span> <span class='ocrx_word' id='word_1_166' title='bbox 247 2543 281 2583; x_wconf 88' lang='lat' dir='ltr'>se</span> <span class='ocrx_word' id='word_1_167' title='bbox 303 2542 371 2583; x_wconf 89' lang='lat' dir='ltr'>esse</span> <span class='ocrx_word' id='word_1_168' title='bbox 393 2524 422 2583; x_wconf 91' lang='lat' dir='ltr'>in</span> <span class='ocrx_word' id='word_1_169' title='bbox 445 2524 634 2605; x_wconf 84' lang='lat' dir='ltr'>purgatorio,</span> <span class='ocrx_word' id='word_1_170' title='bbox 657 2541 717 2602; x_wconf 93' lang='lat' dir='ltr'>quo</span> <span class='ocrx_word' id='word_1_171' title='bbox 732 2524 868 2604; x_wconf 87' lang='lat' dir='ltr'>cognito,</span> <span class='ocrx_word' id='word_1_172' title='bbox 892 2525 996 2584; x_wconf 86' lang='lat' dir='ltr'>sciunt</span> <span class='ocrx_word' id='word_1_173' title='bbox 1015 2541 1046 2583; x_wconf 86' lang='lat' dir='ltr'>se</span> 
     </span>
     <span class='ocr_line' id='line_1_27' title="bbox 124 2605 526 2667; baseline 0 -1"><span class='ocrx_word' id='word_1_174' title='bbox 124 2607 185 2667; x_wconf 88' lang='lat' dir='ltr'>iarn</span> <span class='ocrx_word' id='word_1_175' title='bbox 209 2625 278 2666; x_wconf 90' lang='lat' dir='ltr'>esse</span> <span class='ocrx_word' id='word_1_176' title='bbox 300 2605 339 2666; x_wconf 93' lang='lat' dir='ltr'>de</span> <span class='ocrx_word' id='word_1_177' title='bbox 361 2605 526 2667; x_wconf 86' lang='lat' dir='ltr'>salvandis</span> 
     </span>
    </p>

    <p class='ocr_par' dir='ltr' id='par_1_7' title="bbox 126 2687 1047 2853">
     <span class='ocr_line' id='line_1_28' title="bbox 209 2687 1047 2767; baseline 0.001 -18"><span class='ocrx_word' id='word_1_178' title='bbox 209 2689 297 2749; x_wconf 88' lang='lat' dir='ltr'>Luth</span> <span class='ocrx_word' id='word_1_179' title='bbox 320 2688 425 2749; x_wconf 91' lang='lat' dir='ltr'>Dulcis</span> <span class='ocrx_word' id='word_1_180' title='bbox 448 2688 501 2750; x_wconf 90' lang='lat' dir='ltr'>ille</span> <span class='ocrx_word' id='word_1_181' title='bbox 521 2689 621 2767; x_wconf 82' lang='lat' dir='ltr'>lesus,</span> <span class='ocrx_word' id='word_1_182' title='bbox 643 2709 684 2748; x_wconf 85' lang='lat' dir='ltr'>mr</span> <span class='ocrx_word' id='word_1_183' title='bbox 676 2687 779 2766; x_wconf 85' lang='lat' dir='ltr'>Eccr,</span> <span class='ocrx_word' id='word_1_184' title='bbox 801 2688 1047 2766; x_wconf 81' lang='lat' dir='ltr'>misereaturtui,</span> 
     </span>
     <span class='ocr_line' id='line_1_29' title="bbox 126 2771 1044 2853; baseline -0.001 -21"><span class='ocrx_word' id='word_1_185' title='bbox 126 2792 165 2832; x_wconf 91' lang='lat' dir='ltr'>ne</span> <span class='ocrx_word' id='word_1_186' title='bbox 199 2771 364 2850; x_wconf 87' lang='lat' dir='ltr'>aliquando</span> <span class='ocrx_word' id='word_1_187' title='bbox 400 2789 475 2851; x_wconf 90' lang='lat' dir='ltr'>prae</span> <span class='ocrx_word' id='word_1_188' title='bbox 506 2771 621 2832; x_wconf 90' lang='lat' dir='ltr'>invidia</span> <span class='ocrx_word' id='word_1_189' title='bbox 650 2771 710 2831; x_wconf 91' lang='lat' dir='ltr'>mei</span> <span class='ocrx_word' id='word_1_190' title='bbox 732 2772 884 2849; x_wconf 88' lang='lat' dir='ltr'>insanias,</span> <span class='ocrx_word' id='word_1_191' title='bbox 914 2771 965 2832; x_wconf 89' lang='lat' dir='ltr'>vel</span> <span class='ocrx_word' id='word_1_192' title='bbox 992 2789 1044 2853; x_wconf 93' lang='lat' dir='ltr'>pro</span> 
     </span>
    </p>

    <p class='ocr_par' dir='ltr' id='par_1_8' title="bbox 126 2853 1086 3017">
     <span class='ocr_line' id='line_1_30' title="bbox 126 2853 1046 2928; baseline 0.001 -13.038"><span class='ocrx_word' id='word_1_193' title='bbox 126 2862 291 2915; x_wconf 84' lang='lat' dir='ltr'>tenorum</span> <span class='ocrx_word' id='word_1_194' title='bbox 278 2853 447 2915; x_wconf 88' lang='lat' dir='ltr'>sutdiorum</span> <span class='ocrx_word' id='word_1_195' title='bbox 476 2853 587 2914; x_wconf 82' lang='lat' dir='ltr'>affectu</span> <span class='ocrx_word' id='word_1_196' title='bbox 621 2854 770 2915; x_wconf 89' lang='lat' dir='ltr'>moriaris.</span> <span class='ocrx_word' id='word_1_197' title='bbox 821 2853 901 2928; x_wconf 76' lang='lat' dir='ltr'>Quid</span> <span class='ocrx_word' id='word_1_198' title='bbox 924 2855 1046 2916; x_wconf 85' lang='lat' dir='ltr'>tandem</span> 
     </span>
     <span class='ocr_line' id='line_1_31' title="bbox 126 2935 1086 3017; baseline 0.003 -21"><span class='ocrx_word' id='word_1_199' title='bbox 126 2937 226 2998; x_wconf 92' lang='lat' dir='ltr'>dicam</span> <span class='ocrx_word' id='word_1_200' title='bbox 246 2936 358 2996; x_wconf 86' lang='lat' dir='ltr'>miser?</span> <span class='ocrx_word' id='word_1_201' title='bbox 400 2935 548 3017; x_wconf 82' lang='lat' dir='ltr'>Indignor</span> <span class='ocrx_word' id='word_1_202' title='bbox 569 2937 623 3013; x_wconf 87' lang='lat' dir='ltr'>rei,</span> <span class='ocrx_word' id='word_1_203' title='bbox 647 2942 678 2996; x_wconf 91' lang='lat' dir='ltr'>et</span> <span class='ocrx_word' id='word_1_204' title='bbox 699 2937 1032 3014; x_wconf 78' lang='lat' dir='ltr'>misereorhominis..</span> <span class='ocrx_word' id='word_1_205' title='bbox 1082 2965 1086 2970; x_wconf 89' lang='lat'><em>·</em></span> 
     </span>
    </p>

    <p class='ocr_par' dir='ltr' id='par_1_9' title="bbox 126 3019 1047 3264">
     <span class='ocr_line' id='line_1_32' title="bbox 206 3019 1045 3100; baseline 0.001 -22"><span class='ocrx_word' id='word_1_206' title='bbox 206 3020 275 3100; x_wconf 82' lang='lat' dir='ltr'>Ego</span> <span class='ocrx_word' id='word_1_207' title='bbox 298 3021 328 3079; x_wconf 93' lang='lat' dir='ltr'>in</span> <span class='ocrx_word' id='word_1_208' title='bbox 354 3022 400 3084; x_wconf 89' lang='grc'>19.</span> <span class='ocrx_word' id='word_1_209' title='bbox 423 3020 580 3099; x_wconf 87' lang='lat' dir='ltr'>positione</span> <span class='ocrx_word' id='word_1_210' title='bbox 601 3019 681 3097; x_wconf 86' lang='lat' dir='ltr'>dixi,</span> <span class='ocrx_word' id='word_1_211' title='bbox 704 3037 773 3079; x_wconf 88' lang='lat' dir='ltr'>esse</span> <span class='ocrx_word' id='word_1_212' title='bbox 794 3038 907 3099; x_wconf 85' lang='lat' dir='ltr'>posse,</span> <span class='ocrx_word' id='word_1_213' title='bbox 930 3027 1045 3082; x_wconf 88' lang='lat' dir='ltr'>utnon</span> 
     </span>
     <span class='ocr_line' id='line_1_33' title="bbox 126 3101 1047 3183; baseline 0.002 -21"><span class='ocrx_word' id='word_1_214' title='bbox 126 3121 234 3163; x_wconf 88' lang='lat' dir='ltr'>omues</span> <span class='ocrx_word' id='word_1_215' title='bbox 263 3103 324 3162; x_wconf 88' lang='lat' dir='ltr'>siut</span> <span class='ocrx_word' id='word_1_216' title='bbox 352 3103 426 3162; x_wconf 88' lang='lat' dir='ltr'>certi</span> <span class='ocrx_word' id='word_1_217' title='bbox 455 3103 484 3161; x_wconf 91' lang='lat' dir='ltr'>in</span> <span class='ocrx_word' id='word_1_218' title='bbox 512 3103 688 3183; x_wconf 86' lang='lat' dir='ltr'>purgatorio</span> <span class='ocrx_word' id='word_1_219' title='bbox 712 3101 828 3162; x_wconf 89' lang='lat' dir='ltr'>desua</span> <span class='ocrx_word' id='word_1_220' title='bbox 852 3103 1047 3179; x_wconf 83' lang='lat' dir='ltr'>beatitudine,</span> 
     </span>
     <span class='ocr_line' id='line_1_34' title="bbox 127 3183 1047 3264; baseline -0.002 -18"><span class='ocrx_word' id='word_1_221' title='bbox 127 3185 218 3246; x_wconf 86' lang='lat' dir='ltr'>etad</span> <span class='ocrx_word' id='word_1_222' title='bbox 240 3185 270 3245; x_wconf 92' lang='lat' dir='ltr'>id</span> <span class='ocrx_word' id='word_1_223' title='bbox 293 3183 468 3264; x_wconf 85' lang='lat' dir='ltr'>exemplum</span> <span class='ocrx_word' id='word_1_224' title='bbox 496 3183 597 3246; x_wconf 89' lang='lat' dir='ltr'>habeo</span> <span class='ocrx_word' id='word_1_225' title='bbox 631 3192 664 3245; x_wconf 86' lang='lat' dir='ltr'>ut</span> <span class='ocrx_word' id='word_1_226' title='bbox 698 3204 790 3264; x_wconf 90' lang='lat' dir='ltr'>supra</span> <span class='ocrx_word' id='word_1_227' title='bbox 820 3183 905 3263; x_wconf 85' lang='lat' dir='ltr'>dixi,</span> <span class='ocrx_word' id='word_1_228' title='bbox 938 3184 1047 3247; x_wconf 85' lang='lat' dir='ltr'>deinde</span> 
     </span>
    </p>

    <p class='ocr_par' dir='ltr' id='par_1_10' title="bbox 125 3265 1047 3598">
     <span class='ocr_line' id='line_1_35' title="bbox 148 3265 1046 3348; baseline 0 -20"><span class='ocrx_word' id='word_1_229' title='bbox 148 3266 318 3328; x_wconf 90' lang='lat' dir='ltr'>uorundam</span> <span class='ocrx_word' id='word_1_230' title='bbox 349 3267 536 3348; x_wconf 90' lang='lat' dir='ltr'>opinionem.</span> <span class='ocrx_word' id='word_1_231' title='bbox 589 3267 630 3327; x_wconf 85' lang='lat' dir='ltr'>Et</span> <span class='ocrx_word' id='word_1_232' title='bbox 657 3265 727 3327; x_wconf 93' lang='lat' dir='ltr'>ideo</span> <span class='ocrx_word' id='word_1_233' title='bbox 762 3266 794 3326; x_wconf 95' lang='lat' dir='ltr'>id</span> <span class='ocrx_word' id='word_1_234' title='bbox 831 3267 933 3328; x_wconf 87' lang='lat' dir='ltr'>solum</span> <span class='ocrx_word' id='word_1_235' title='bbox 966 3267 1046 3330; x_wconf 89' lang='lat' dir='ltr'>volui</span> 
     </span>
     <span class='ocr_line' id='line_1_36' title="bbox 127 3287 1047 3432; baseline -0.002 -21"><span class='ocrx_word' id='word_1_236' title='bbox 127 3287 209 3432; x_wconf 52' lang='grc' dir='ltr'>ἳιιοιι</span> <span class='ocrx_word' id='word_1_237' title='bbox 234 3349 317 3431; x_wconf 88' lang='lat' dir='ltr'>quod</span> <span class='ocrx_word' id='word_1_238' title='bbox 340 3369 410 3410; x_wconf 88' lang='lat' dir='ltr'>mea</span> <span class='ocrx_word' id='word_1_239' title='bbox 432 3350 546 3431; x_wconf 91' lang='lat' dir='ltr'>positio</span> <span class='ocrx_word' id='word_1_240' title='bbox 569 3357 652 3410; x_wconf 88' lang='lat' dir='ltr'>esset</span> <span class='ocrx_word' id='word_1_241' title='bbox 673 3354 787 3427; x_wconf 86' lang='lat' dir='ltr'>certa),</span> <span class='ocrx_word' id='word_1_242' title='bbox 810 3350 864 3411; x_wconf 87' lang='lat' dir='ltr'>sed</span> <span class='ocrx_word' id='word_1_243' title='bbox 886 3349 971 3430; x_wconf 91' lang='lat' dir='ltr'>quod</span> <span class='ocrx_word' id='word_1_244' title='bbox 993 3367 1047 3411; x_wconf 90' lang='lat' dir='ltr'>nec</span> 
     </span>
     <span class='ocr_line' id='line_1_37' title="bbox 126 3431 1045 3515; baseline 0 -20"><span class='ocrx_word' id='word_1_245' title='bbox 126 3435 305 3515; x_wconf 88' lang='lat' dir='ltr'>opinionem</span> <span class='ocrx_word' id='word_1_246' title='bbox 335 3431 596 3494; x_wconf 71' lang='lat' dir='ltr'>scholasticorum</span> <span class='ocrx_word' id='word_1_247' title='bbox 634 3450 761 3493; x_wconf 90' lang='lat' dir='ltr'>necesse</span> <span class='ocrx_word' id='word_1_248' title='bbox 796 3433 836 3494; x_wconf 89' lang='lat' dir='ltr'>sit</span> <span class='ocrx_word' id='word_1_249' title='bbox 868 3443 902 3493; x_wconf 91' lang='lat' dir='ltr'>ut</span> <span class='ocrx_word' id='word_1_250' title='bbox 935 3439 1045 3495; x_wconf 82' lang='lat' dir='ltr'>certam</span> 
     </span>
     <span class='ocr_line' id='line_1_38' title="bbox 125 3515 1045 3598; baseline 0 -21"><span class='ocrx_word' id='word_1_251' title='bbox 125 3516 284 3589; x_wconf 78' lang='lat' dir='ltr'>haberi.²)</span> <span class='ocrx_word' id='word_1_252' title='bbox 339 3515 555 3577; x_wconf 90' lang='lat' dir='ltr'>Temeritatem</span> <span class='ocrx_word' id='word_1_253' title='bbox 587 3515 686 3576; x_wconf 91' lang='lat' dir='ltr'>eolum</span> <span class='ocrx_word' id='word_1_254' title='bbox 716 3535 811 3595; x_wconf 88' lang='lat' dir='ltr'>arguo</span> <span class='ocrx_word' id='word_1_255' title='bbox 842 3535 965 3595; x_wconf 86' lang='lat' dir='ltr'>eorum,</span> <span class='ocrx_word' id='word_1_256' title='bbox 998 3517 1045 3598; x_wconf 89' lang='lat' dir='ltr'>qni</span> 
     </span>
    </p>
   </div>
   <div class='ocr_carea' id='block_1_6' title="bbox 126 3656 334 3669">
    <p class='ocr_par' dir='ltr' id='par_1_11' title="bbox 126 3656 334 3669">
     <span class='ocr_line' id='line_1_39' title="bbox 126 3656 334 3669; baseline -0.005 0"><span class='ocrx_word' id='word_1_257' title='bbox 126 3656 334 3669; x_wconf 50' lang='lat' dir='ltr'>w</span> 
     </span>
    </p>
   </div>
   <div class='ocr_carea' id='block_1_7' title="bbox 181 3711 1045 3852">
    <p class='ocr_par' dir='ltr' id='par_1_12' title="bbox 181 3711 1045 3852">
     <span class='ocr_line' id='line_1_40' title="bbox 181 3711 1045 3784; baseline 0.004 -19.057"><span class='ocrx_word' id='word_1_258' title='bbox 181 3711 780 3784; x_wconf 78' lang='lat' dir='ltr'>1)lnedit.Witt.etap.Loesch.:intelliget</span> <span class='ocrx_word' id='word_1_259' title='bbox 801 3716 830 3782; x_wconf 86' lang='grc'>2)</span> <span class='ocrx_word' id='word_1_260' title='bbox 840 3714 925 3770; x_wconf 86' lang='lat' dir='ltr'>lbrd</span> <span class='ocrx_word' id='word_1_261' title='bbox 938 3716 1045 3772; x_wconf 82' lang='lat' dir='ltr'>hebere</span> 
     </span>
     <span class='ocr_line' id='line_1_41' title="bbox 181 3782 715 3852; baseline 0 -16"><span class='ocrx_word' id='word_1_262' title='bbox 181 3782 374 3852; x_wconf 77' lang='lat' dir='ltr'>)Adversns</span> <span class='ocrx_word' id='word_1_263' title='bbox 393 3785 437 3840; x_wconf 88' lang='grc'>19.</span> <span class='ocrx_word' id='word_1_264' title='bbox 454 3787 576 3841; x_wconf 86' lang='lat' dir='ltr'>conclus.</span> <span class='ocrx_word' id='word_1_265' title='bbox 596 3782 715 3837; x_wconf 83' lang='lat' dir='ltr'>Lntberi.</span> 
     </span>
    </p>
   </div>
   <div class='ocr_carea' id='block_1_8' title="bbox 0 0 1184 4200">
    <p class='ocr_par' dir='ltr' id='par_1_13' title="bbox 0 0 1184 4200">
     <span class='ocr_line' id='line_1_42' title="bbox 0 0 1184 4200; baseline 0 0"><span class='ocrx_word' id='word_1_266' title='bbox 0 0 1184 4200; x_wconf 95' lang='lat' dir='ltr'> </span> 
     </span>
    </p>
   </div>
  </div>
 </body>
</html>
