2356 4200
188 237 250 304 120
392 239 532 307 ,lindum
551 239 889 299 mantuanensem

189 454 213 477 ί.
240 449 243 457 ,
268 407 385 479 Exstat
405 406 717 488 epistola:euinsdam
731 406 805 468 boni
817 405 1109 491 rtrulacobtttnyer

187 491 370 561 cancellarii
391 490 564 570 Moguntini
593 489 631 552 ad
657 490 851 553 Gardinalem
874 491 1107 573 Aeneam-:Syl

186 577 267 641 vium
291 573 536 654 expostulaton'a
565 573 604 640 de
632 573 795 652 tyrannide
815 574 918 655 Papae
950 581 982 634 et
1007 578 1108 638 curiae

188 677 272 738 anae,
294 656 349 718 sed
362 657 485 718 Aeneas
507 656 652 736 Sylvius,
662 656 757 717 humo
780 675 844 719 non
865 662 982 724 tantum
1005 658 1109 735 Italas,

188 740 244 802 sed
268 739 449 813 cardinalis
481 758 605 819 quoque
637 740 762 818 gemina
793 741 951 819 superbia,
982 748 1109 820 utraque

187 827 348 902 immensa,
371 823 489 884 scilicet
510 823 618 885 Italica
639 830 671 882 et
685 821 897 920 cardinalitia,
919 825 972 884 ita
985 843 1109 904 reapon-

188 907 241 975 det
260 907 406 968 anociter
428 906 660 978 amico,ut1us
683 924 753 966 esse
774 906 958 984 contendat
974 926 1045 968 non
1067 914 1109 988 ty·

187 989 368 1068 rannidem,
401 952 544 1068 quioquid
574 989 697 1068 Papa'
689 1008 720 1047 m
759 988 932 1058 Germanos
954 991 1108 1068 saeviret,

190 1093 290 1147 ansus
305 1073 368 1134 hoc
384 1091 543 1168 asserere,
538 1071 752 1142 Germaniam
767 1071 827 1132 hoe
838 1072 962 1138 debere
959 1090 1109 1147 romanae

188 1157 271 1235 sedi,
298 1154 412 1235 quud
403 1155 564 1234 imperium
586 1173 748 1216 romanum
769 1155 912 1232 haberet,
934 1142 1107 1235 quodiam

190 1241 272 1307 culta
293 1239 376 1305 tactu
397 1244 482 1298 esset
502 1257 541 1299 ex
562 1237 688 1298 horrida
710 1244 741 1297 et
761 1237 891 1299 barbara
913 1246 1004 1317 terra,
1022 1238 1107 1318 ,quod

190 1330 251 1386 tam
273 1321 337 1382 late
358 1327 390 1382 et
411 1321 515 1400 ampla
536 1340 618 1381 nunc
639 1320 773 1399 floreret,
794 1321 877 1401 prius
898 1323 1039 1403 angustis
1055 1328 1109 1383 ter·

191 1407 281 1472 minis
303 1403 432 1480 inclusa,
454 1403 597 1482 breviter,
619 1403 817 1467 Germaniam
838 1424 920 1484 pene
941 1413 1109 1467 creaturam

190 1489 294 1568 Papae
308 1487 403 1566 facit,
423 1486 497 1548 ideo
521 1486 634 1549 debere
656 1489 775 1566 patient
776 1507 824 1547 em
848 1494 879 1548 et
900 1494 1023 1568 gratam
1044 1507 1110 1550 asse

191 1570 354 1702 expilaturi
377 1589 517 1639 rumano
585 1627 588 1639 ,

273 1644 418 1713 Credidit
429 1652 524 1714 homo
546 1651 643 1718 ltalici
666 1652 819 1733 supercilii
841 1659 873 1714 et
892 1652 1081 1732 fastrat
1020 1654 1110 1715 histo

191 1737 251 1796 rias
273 1755 292 1795 a
313 1735 475 1796 Germanis
497 1753 598 1813 neque
620 1735 681 1816 legi
704 1754 803 1814 neque
826 1737 933 1816 teneri,
957 1757 1027 1797 cum
1041 1738 1110 1797 satis

193 1835 269 1883 cons
271 1824 316 1879 et
337 1838 376 1885 ex
398 1816 541 1880 omnibus
563 1819 708 1898 historiis,
732 1818 875 1879 Gerulum
888 1820 1035 1900 Magnum
1052 1839 1110 1880 non

192 1900 292 1964 solum
315 1901 391 1967 nihil
403 1902 562 1981 accepisse
575 1920 594 1961 a
606 1921 735 1967 rumano
752 1902 909 1982 episcopo,
933 1902 987 1962 sed
1007 1908 1111 1964 contm

192 1985 287 2052 multa
308 1984 351 2045 illi
375 1984 517 2062 dedisse,
545 1990 579 2044 ut
606 1985 708 2064 potius
730 2005 805 2046 rom.
831 1985 995 2065 epiecopus
1016 1987 1110 2065 ipsam

191 2087 278 2129 snam
299 2067 413 2129 sedem
437 2067 549 2129 Garolo
579 2066 696 2135 salvam
726 2067 875 2144 debebat,
905 2076 940 2138 nt
967 2088 1059 2148 quam
1085 2069 1111 2128 ei

192 2151 323 2211 restituit
358 2150 515 2211 defensam
553 2157 662 2211 contra
693 2170 797 2231 regern
827 2151 1110 2232 Langobardorum.

191 2234 269 2294 Nam
284 2232 413 2301 Carolus
435 2234 495 2294 iam
520 2241 584 2293 tum
601 2233 727 2294 tenebat
741 2233 947 2310 Germaniam,
971 2234 1111 2308 Galliam,

191 2315 421 2393 Lombardiam,
454 2322 527 2376 ante
559 2319 790 2378 coronationem
820 2317 980 2396 papalem,
1015 2337 1112 2396 neque

192 2399 291 2460 voluit
312 2419 336 2460 a
358 2400 442 2478 Papa
464 2400 556 2476 etiam
584 2401 684 2478 ipsum
712 2398 832 2459 titulum
863 2401 982 2479 imperii
1013 2401 1112 2462 daturo

193 2483 350 2561 accipere,
387 2481 441 2542 sed
476 2481 514 2543 ab
545 2483 731 2562 imperatore
760 2482 1112 2562 Constantinopolitano,

194 2572 227 2627 nt
250 2584 374 2644 prorsus
399 2565 473 2625 nihil
495 2563 637 2627 Pontifici
660 2565 801 2645 deberet,
831 2566 884 2626 sed
908 2576 1017 2627 contra
1039 2567 1112 2628 Pon·

195 2649 270 2708 tifex
291 2648 336 2708 illi
359 2647 485 2708 deberet
507 2650 619 2712 omnia

277 2730 337 2792 Sed
360 2731 418 2796 heo
441 2731 587 2792 historiae
618 2733 746 2793 veritate
717 2731 851 2791 tnihil
881 2740 1028 2793 commoti
1007 2733 1113 2793 itto-

96 2881 99 2888 ,
195 2833 357 2883 mancosos
387 2816 506 2894 tyranni
536 2824 685 2894 perpetua
713 2816 832 2874 insania
862 2834 931 2875 sese
956 2816 1113 2896 largitores

194 2897 312 2976 imperii
340 2897 611 2976 clamaverunt,u
634 2899 699 2975 ,si
734 2917 794 2976 qua
830 2898 893 2958 fata
921 2899 1059 2959 sinerent
1087 2894 1115 2958 et

128 3001 136 3016 ·
194 2989 334 3059 tempora
347 2980 592 3056 concederent
584 2983 642 3060 rpsi
660 2980 718 3042 sibi
740 2980 862 3040 tandem
888 2982 1046 3076 imposito
1057 2981 1114 3044 dia·

194 3063 336 3138 demate,
362 3063 485 3142 regibus
509 3064 650 3123 omnibus
679 3083 732 3122 exa
736 3064 854 3140 tinctis,
887 3065 1020 3143 priscum
1044 3063 1115 3124 illud

195 3163 355 3213 romanum
378 3147 538 3225 imperium
569 3153 802 3226 recuperarent,
835 3148 929 3206 etita
951 3147 1055 3208 alieno
1077 3148 1120 3208 la·‚

175 3228 272 3303 ,bore
293 3235 411 3307 partam
435 3230 565 3309 gloriam
599 3231 629 3289 in
660 3249 729 3298 sese
755 3229 968 3307 transferrent,
998 3238 1031 3290 et
1063 3249 1115 3310 pru

197 3311 361 3379 titulat
308 3310 393 3381 datu
403 3331 466 3372 rem
490 3313 587 3392 ipsam
611 3314 813 3390 acquirerent
856 3312 936 3372 Tant
925 3319 986 3372 tum
1010 3322 1066 3393 put
1055 3320 1117 3373 tant

197 3414 265 3455 sese
286 3394 403 3457 habere
424 3396 495 3455 salis
520 3395 690 3456 nebulones
712 3395 832 3475 perditi

277 3476 328 3537 Ex
349 3478 474 3540 istorum
499 3498 626 3541 numero
649 3477 745 3539 offero
770 3477 822 3539 tibi
849 3478 1012 3558 legendnm
1049 3477 1118 3561 (op-

198 3528 272 3621 time
293 3559 410 3638 lector]
435 3561 593 3623 ridendum
614 3559 708 3622 etiam
732 3560 812 3620 hunc
826 3561 1008 3640 prophetam
1022 3563 1076 3622 Vit
1065 3570 1117 3623 ter·

198 3643 350 3720 biennem,
383 3652 415 3705 nt
437 3644 560 3723 videas,
590 3644 661 3723 quid
677 3642 875 3724 spectarint?
906 3644 977 3722 quid
1003 3644 1117 3706 hinnie

197 3725 276 3785 rint?
306 3725 377 3804 quid
410 3727 713 3807 hiaverint-semper
736 3746 883 3793 romanae
906 3726 1011 3788 lernae
1035 3747 1119 3795 mon·
