2356 4200
302 274 477 370 apudncsrd.
497 274 525 328 S.
543 274 614 327 Sixll
633 275 714 330 Rom
733 275 809 331 Post.
831 273 894 343 leg.
984 269 1045 336 397

124 447 221 508 alesia
242 447 337 527 prius,
358 447 384 506 si
405 443 706 526 quid-damnandum
730 449 786 521 est,
809 450 841 505 et
861 443 927 506 eius
948 450 987 510 tu.
1001 445 1044 511 iu·

123 529 238 591 dicium
260 548 418 610 sequerep
429 549 493 591 non
521 528 576 589 illa
602 533 686 588 tuum
714 533 861 606 sequatur
890 524 1044 607 iudicium,

124 613 284 692 atquetita
304 614 404 673 victus
425 611 512 673 cado.

209 695 321 756 Valeat
340 697 445 776 itaqua
466 693 724 757 reverendissima
737 694 906 772 paternitas
930 700 992 772 tua,-
1012 694 1043 755 ia

124 779 249 840 Christo
271 779 346 841 mihi
369 777 660 841 observandissime.

165 861 213 922 Ex
240 861 384 923 Carmelo
412 862 620 943 Augustensi,
645 859 695 920 die
722 858 752 924 S.
774 859 875 921 Lucae
904 859 1003 922 Eran-

417 941 766 1027 gelistaeleXVlll,
812 1020 816 1027 ⁵

210 1028 496 1089 Reverendissimae
516 1028 708 1108 paternitatis
728 1032 800 1087 tuae

293 1111 413 1173 deditus
435 1111 515 1172 filius

382 1195 415 1257 F.
437 1195 584 1257 Martinus
606 1194 768 1256 Lutlrerius
790 1191 1046 1273 Augustinicorrs.

212 1400 461 1543 Appellatio
490 1372 549 1497 D(
568 1399 750 1499 ldartini
779 1398 961 1497 lothari

123 1604 226 1683 prims
253 1623 272 1664 a
294 1602 442 1664 Caietano
465 1601 504 1663 ad
525 1603 639 1682 Papam
661 1602 742 1663 facta
755 1602 932 1682 Augustae,
954 1602 1046 1663 Anno

314 1685 518 1748 otbxvlss.
542 1684 649 1747 Mense
670 1684 797 1748 Octobri
822 1685 861 1762 ¹).

209 1836 245 1899 Iu
268 1839 393 1899 nomine
420 1838 556 1901 Domini.
579 1838 688 1899 Amen.
731 1836 823 1897 Anno
848 1856 867 1895 a
887 1837 1047 1898 nativitate
1089 1854 1091 1859 ’

125 1919 263 1981 eiusdem
283 1920 484 1988 ¹bl.D.XVlll.
506 1919 675 1981 indictione
691 1917 741 1979 VI.
765 1917 815 1979 die
828 1938 903 1980 vero
915 1918 1046 1996 sabbati,

124 2003 206 2064 XVl.
236 2005 348 2085 mensis
375 2002 540 2076 Octobris,
575 2000 772 2084 pontificatus
803 2001 986 2063 sanctissimi
1014 2004 1044 2063 in

125 2085 247 2147 Christo
269 2088 364 2167 patris
388 2093 418 2148 et
439 2085 555 2147 domini
577 2086 696 2163 nostri,
718 2082 835 2145 domiui
857 2083 980 2161 Leonis,
1003 2085 1046 2146 di-

121 2168 200 2230 'vina
220 2170 415 2249 providentia
435 2188 535 2250 papae
552 2168 600 2251 X,
622 2186 704 2231 anno
728 2166 777 2229 Vl.
821 2168 855 2229 lu
877 2169 937 2228 mei
959 2175 1045 2231 nota-

123 2253 162 2313 rii
185 2251 297 2331 publici
320 2254 504 2332 testiumque
525 2252 603 2313 infra
619 2252 811 2332 scriptorum,
833 2251 873 2313 ad
896 2251 957 2313 hoc
978 2271 1046 2333 spe·

125 2335 243 2397 cialiter
256 2343 435 2398 vocatorum
459 2342 491 2397 et
500 2342 678 2416 rogatorum
694 2337 879 2416 praesentis,
899 2353 1044 2416 persona-

124 2418 196 2479 liter
209 2420 391 2479 constitutus
408 2418 681 2480 reverendissimus
694 2425 791 2498 pater,
813 2417 955 2479 dominus
969 2419 1046 2479 llar-

124 2503 207 2562 tinus
214 2501 373 2563 Lutherius
388 2501 634 2583 Augustinensis,
656 2519 762 2562 sacrae
783 2501 961 2583 theologiae
977 2520 1045 2582 pro·

124 2585 243 2662 sessor,
267 2584 465 2664 eiusdemque
485 2586 516 2645 in
540 2583 809 2668 Vuittenbergensi
830 2583 932 2646 studio
953 2584 1047 2645 Bran-

126 2666 347 2748 denburgensis
369 2667 523 2730 dioecesis
541 2668 639 2729 lector
665 2667 835 2729 ordinarius
857 2667 1046 2748 principalis,

126 2751 337 2832 principaliter
357 2770 414 2832 pro
436 2771 471 2812 se
494 2752 563 2831 ipso
573 2757 681 2812 teneus
693 2749 850 2813 ethabens
862 2751 894 2811 in
906 2749 1046 2814 manibus

126 2834 190 2893 suis
212 2833 364 2912 quandam
386 2835 617 2914 provocationis
641 2840 672 2894 et
692 2833 908 2914 appellationis
936 2835 1046 2917 papyri

127 2915 316 2996 schedulam,
337 2919 423 2978 iuxta
444 2918 537 2993 cuius,
550 2918 770 2979 continentiam
788 2922 820 2976 et
840 2923 980 2979 tenorem
1001 2937 1045 3001 se,

127 3007 161 3061 ut
181 3002 326 3081 asseruit,
360 3020 379 3060 a
409 3000 540 3079 quadam
564 3001 799 3078 commissione,
826 3019 845 3060 a
873 2998 1043 3081 praelibato

126 3084 320 3147 sanctissimo
344 3083 469 3145 domino
487 3088 594 3145 nostm
608 3101 690 3163 papa
702 3101 765 3145 non
779 3083 859 3144 bene
879 3083 1043 3145 informato

126 3163 167 3227 ad
189 3165 325 3227 eiusdem
346 3167 554 3248 procuratoris
582 3165 695 3227 fiscalis
717 3167 906 3228 instantiam
923 3166 1045 3248 signati,

126 3267 165 3309 ac
184 3250 354 3328 praetensis
375 3249 526 3327 iudicibus
548 3253 579 3309 st
600 3248 816 3327 citationibus,
845 3267 882 3311 ac
903 3248 1045 3312 omnibus

126 3340 158 3391 et
179 3331 306 3412 singulis
328 3331 401 3393 iude
423 3333 556 3412 secutis,
578 3332 748 3411 secuturis,
769 3351 827 3393 nec
848 3348 911 3393 non
933 3353 952 3394 a
971 3330 1044 3415 quo·

127 3413 202 3476 libet
222 3416 401 3495 gravamine
422 3415 522 3477 futuro
545 3415 627 3477 velle
648 3415 725 3476 dixit
745 3433 916 3497 provocare
941 3422 972 3478 et
992 3435 1045 3499 ap·

127 3497 253 3578 psllsre,
275 3516 366 3577 quam
387 3499 419 3558 in
440 3498 574 3561 medium
595 3498 742 3578 exhibuit,
764 3517 802 3560 ac
821 3500 853 3559 in
877 3502 1046 3575 continenti

126 3583 213 3641 iuxta
233 3580 370 3643 eiusdem
391 3583 612 3665 coutipentiam
633 3582 674 3647 ad
694 3580 898 3663 praelibatum
920 3585 1045 3645 sanctis-

184 3770 214 3833 1)
235 3767 285 3820 Hic
304 3768 399 3821 titulus
419 3785 475 3822 nou
493 3770 595 3839 legitur
613 3771 642 3823 in
660 3769 726 3824 edit.
746 3771 833 3838 princ.
