2356 4200
131 280 195 350 210
391 285 587 339 Resolutioneu
603 283 712 354 Disput
730 283 808 338 Lnth.

131 455 207 515 timo
228 454 382 532 contritio,
404 455 444 514 sit
461 454 675 516 tantummodo
695 455 842 533 violente,
864 435 973 531 tristis,
997 470 1057 513 me.

131 555 225 616 reque
246 535 371 616 taetitia,
392 537 433 598 tie
454 545 536 598 metu
553 557 720 618 poenarum
732 537 875 598 simulate
892 535 1057 598 duntaxat.

132 619 184 680 Sin
204 621 285 680 enirn
308 620 455 682 donemur
475 629 604 701 peoeete
625 622 758 699 conteri,
786 620 817 680 id
839 626 904 698 est,
933 618 984 679 nd.
1003 619 1059 679 in*

16 726 18 730 ’
131 702 279 783 possibile
300 704 351 764 vel
373 704 411 764 ad
432 707 520 785 peius
542 706 657 766 conari.

217 785 293 845 Cum
322 807 396 849 vere
426 788 567 849 contritio
592 789 631 847 sit
663 785 839 868 incipiendo
868 804 887 844 a
916 783 1058 929 benp'ffi

132 875 197 929 tete
217 876 249 929 et
270 868 426 931 benefieiis
449 871 516 950 Dei,
539 872 718 951 praesertim
737 890 760 930 u
774 866 952 929 vulneribus
1014 876 1018 883 '
1038 867 1058 925 '·.

131 953 180 1030 eti,
202 959 236 1012 ut
256 952 350 1014 bomo
374 953 413 1014 nd
436 956 483 1014 sui
496 953 744 1035 ingratitudinem
767 952 866 1033 primo
888 950 999 1012 veniet
1018 968 1057 1011 ex

130 1036 241 1095 intuitu
270 1035 395 1096 divinoe
422 1036 584 1116 bonitatis,
611 1043 643 1097 et
671 1056 710 1096 ex
737 1036 789 1096 ille
810 1036 842 1094 in
865 1033 973 1094 odium
1010 1032 1057 1095 sui

132 1137 170 1177 eo
195 1136 332 1178 umorem
361 1118 558 1200 benignitatis
581 1120 651 1181 Dei.
681 1119 759 1179 Turn
780 1117 876 1178 fluent
896 1115 1057 1193 lacrimae,

131 1206 166 1261 et
183 1199 269 1261 odiet
289 1220 323 1260 se
339 1203 438 1282 ipsum
462 1223 501 1263 ex
523 1203 627 1281 eorde,
649 1203 726 1262 uitro
746 1208 850 1262 tomen
865 1199 1058 1279 desperatio

131 1302 212 1344 nem.
254 1283 332 1343 Turn
362 1285 458 1346 odiet
474 1278 652 1366 perustum,
675 1304 737 1346 nnn
760 1289 888 1364 propter
908 1300 1057 1362 poenum,

131 1365 196 1426 seri
213 1375 339 1446 propter
373 1370 512 1429 intuitum
542 1368 687 1430 bonitatis
716 1369 789 1445 Dei,
825 1384 887 1445 que
914 1365 1058 1446 inspwts

131 1459 340 1528 conservetur,
362 1471 401 1512 ne
423 1452 574 1533 desperet,
598 1459 711 1513 etsese
723 1449 939 1511 ardentissime
958 1447 1058 1523 odiar,

131 1532 224 1591 etiem
246 1550 315 1592 cnm
350 1535 474 1614 gaudio.
524 1534 575 1596 Sin
602 1535 675 1595 dum
701 1533 793 1596 fuerit
819 1531 907 1592 unius
936 1531 1058 1610 pennoti

128 1633 202 1674 vern
215 1617 368 1693 contritio,
391 1619 527 1677 omnium
538 1619 627 1678 simul
649 1619 715 1678 erit.
738 1613 941 1678 SieRom.2:
964 1613 1058 1694 Igno·

129 1715 190 1775 rus,
211 1697 294 1776 quod
316 1698 488 1780 benignitas
511 1701 569 1760 Dei
590 1707 620 1760 te
643 1700 682 1760 ed
710 1698 934 1779 poenitentium
960 1696 1057 1759 addu-

131 1779 192 1839 eit?
214 1780 343 1860 Oqusm
354 1784 440 1844 multi
451 1783 482 1843 id
493 1785 646 1862 ignorent,
661 1783 803 1857 S.Paule,
815 1782 907 1842 etiarn
923 1780 1066 1843 eliorum.

131 1864 277 1942 magistri.
312 1865 363 1925 Sin
381 1867 462 1925 enim
486 1867 516 1925 in
530 1866 639 1926 Nume.
653 1864 688 1940 ²¹¹)
716 1866 845 1947 legimus
863 1862 945 1924 filios
958 1862 1057 1925 lsrael

130 1965 194 2006 non
208 1947 302 2007 fuisse
319 1949 540 2028 aeerpentibus
553 1948 882 2030 suisignitisliberntos
896 1965 954 2026 per
965 1946 1056 2007 intui-

130 2035 196 2089 tum
212 2036 245 2090 et
255 2030 414 2092 horrorem
437 2052 553 2111 eorum,
577 2032 630 2093 sed
642 2033 744 2111 potius
757 2049 867 2092 everso
889 2029 1005 2090 intuitu
1019 2028 1058 2093 ub

128 2113 172 2172 eis
199 2119 230 2173 et
251 2111 290 2173 ed
312 2121 488 2194 serpentem
508 2134 637 2176 aeneum
656 2115 705 2190 (id
721 2120 778 2193 est,
791 2113 963 2185 Christum)
980 2131 1055 2175 non·

129 2213 230 2255 verso.
243 2195 318 2256 Item
332 2203 364 2257 et
376 2197 415 2258 eb
428 2199 590 2280 Aegyptiis
602 2199 676 2258 visis
698 2198 791 2258 territi
809 2203 888 2272 sunt,
910 2194 966 2257 sed
979 2193 1062 2259 uan-

130 2279 175 2337 eie
192 2278 285 2340 dorsu
301 2299 386 2340 mere
402 2287 593 2342 transeuntes
606 2281 716 2341 salvati
743 2279 891 2357 sunt**).
913 2278 961 2340 lta
985 2284 1058 2341 suut

128 2369 257 2440 pensate
290 2372 396 2424 nostra
428 2365 458 2425 in
488 2365 647 2424 vulnerato
680 2365 801 2425 Christo
825 2363 924 2442 magis
960 2381 1054 2442 quern

128 2446 159 2503 in
181 2452 288 2505 nostre
309 2449 502 2508 eoneeientia
527 2448 694 2508 tractanda.
738 2448 805 2507 Illis
827 2447 906 2506 enirn
932 2452 1066 2508 mortus.

128 2534 219 2606 suut,
254 2529 304 2588 hio
331 2531 446 2592 vivunt.
490 2530 635 2609 Alioquin
666 2532 691 2590 si
722 2531 842 2590 illorum
876 2526 1056 2590 earnifieiuu

128 2612 280 2671 servanda
302 2620 363 2691 eet,
386 2613 488 2692 fieret,
522 2623 568 2688 ut,
591 2615 616 2672 si
640 2616 706 2692 quis
733 2612 834 2674 subito
857 2610 898 2671 ed
920 2618 1054 2673 mortem

128 2702 301 2773 raperetur,
324 2717 385 2757 non
409 2699 508 2777 possit
530 2697 658 2775 salvari,
688 2698 760 2776 quin
781 2693 957 2756 nonhabet
978 2703 1052 2756 tem·

128 2797 186 2856 pus
218 2778 385 2858 colligendi
414 2788 551 2860 pennata.
596 2779 656 2839 Sed
684 2778 800 2839 habent
832 2776 913 2856 quod
937 2777 989 2837 hio
1011 2778 1052 2838 di·

129 2867 201 2918 eunt
226 2861 267 2935 ¹).

211 2944 313 3018 Quare
333 2945 371 3004 ed
395 2951 600 3004 commentum
620 2945 700 3004 illius
715 2944 969 3005 commentatoris
992 2943 1053 3004 diei

127 3036 251 3105 potest:
281 3028 314 3087 In
338 3029 420 3089 omni
444 3029 624 3088 remissione
646 3029 755 3087 summi
777 3025 943 3106 pontificis,
966 3046 1053 3107 prae-

127 3111 230 3170 sertim
252 3110 449 3190 illapubliea
471 3117 627 3188 eteorum
649 3111 781 3172 eeclesia
817 3117 868 3183 (ut
889 3108 924 3168 tit
945 3110 976 3168 in
999 3129 1054 3170 ve·

127 3192 222 3274 niis),
257 3192 350 3254 debet
383 3193 569 3273 subintelligi
597 3196 657 3255 istu
684 3193 820 3254 clausula
848 3191 888 3251 de
907 3193 1052 3254 iniunctis

126 3278 340 3355 poenitentiis,
378 3278 444 3336 sive
473 3278 534 3337 sint
566 3285 695 3356 pensate
723 3275 840 3353 oblito,
870 3276 936 3335 sive
964 3277 1051 3356 iguo·

123 3366 200 3418 rute.
242 3360 327 3420 Heee
359 3361 440 3420 enim
468 3359 506 3419 ad
537 3361 635 3420 torum
672 3359 823 3420 eeclesiae
859 3378 923 3420 non
955 3360 1047 3439 perti·

127 3449 209 3502 nent.

187 3527 293 3588 Ortum
307 3533 354 3587 est
365 3534 468 3586 eutem
478 3525 559 3586 istud
570 3525 699 3606 pelagus
717 3543 895 3585 sermonum
909 3526 963 3602 (ut
977 3524 1048 3586 mibi

179 3729 207 3790 ³)
227 3728 325 3780 Nnme.
346 3727 370 3781 2.
427 3727 472 3791 ”J
492 3729 581 3782 Exod.
602 3729 646 3784 14.

178 3799 210 3870 1)
231 3800 262 3852 In
282 3799 325 3851 ed.
340 3799 417 3852 tem:
437 3798 537 3855 dieunt.
