2356 4200
282 293 288 300 ¹
376 272 531 342 Responsio
550 272 623 328 Frid.
642 273 707 328 Sex.
727 273 812 329 nicar
988 269 1050 335 351

224 611 229 618 ⁸
311 498 546 625 Responsio
575 507 622 600 D.
652 503 871 600 Fridorioi

127 701 246 764 Ducis
290 703 502 784 saxoniae,
545 706 657 767 Sacri
696 706 856 785 Imperii
892 703 1051 766 Electo·
1103 693 1108 707 “

126 786 197 866 ris,
219 786 268 847 ad
290 787 508 868 Epistolam
533 792 644 868 (quarn
664 788 894 869 desideramus)
928 788 966 848 Ι).
988 786 1051 848 Ra·

168 868 344 953 phaelis,
375 870 507 934 ‚Tituli
542 871 573 934 S.
602 870 765 952 Georgii
804 870 850 931 ad
881 871 1013 933 velum

506 973 669 1015 aureum.

210 1140 469 1222 Reverentissime
491 1144 522 1201 in
544 1142 665 1203 Christo
688 1141 794 1220 Pater,
816 1141 1000 1201 amicissime
1022 1147 1053 1202 et

127 1222 260 1285 Domine
290 1231 321 1285 et
353 1227 467 1304 amice,
496 1224 638 1286 Caritatis
666 1232 787 1285 vestrae
808 1224 932 1302 literae,
964 1223 1051 1286 datas
1163 1263 1166 1267 -

126 1304 246 1366 Romae
269 1305 318 1367 die
341 1307 387 1368 ΙΙΙ.
409 1307 534 1388 Aprilis,
557 1307 629 1367 mihi
652 1307 702 1367 die
724 1307 788 1369 VII.
811 1306 884 1367 Julii
906 1305 1051 1387 redditas,

128 1395 161 1448 ut
183 1389 310 1471 perlegi,
331 1390 374 1450 ita
396 1399 533 1450 amanter
555 1409 574 1451 a
596 1389 730 1450 Caritate
758 1397 861 1450 vestra
882 1390 988 1470 accepi
1009 1396 1052 1451 at-

127 1491 188 1551 que
209 1473 357 1552 intellexi,
381 1475 522 1549 maxime,
545 1472 627 1553 quod
650 1472 853 1552 adhucpatris
867 1475 927 1533 mei
948 1492 1052 1533 aman-

126 1555 237 1614 tissimi
258 1554 367 1617 beatae
389 1558 557 1616 memoriae
580 1555 765 1616 recordetur.
792 1555 945 1636 Perpetuo
969 1557 1051 1619 enim

126 1636 279 1699 honorem
311 1648 343 1699 et
370 1639 487 1720 optima
517 1658 658 1718 quaeque
686 1637 760 1697 mihi
794 1637 833 1698 de
855 1635 925 1700 Gar.
947 1646 1051 1699 restra
1098 1706 1101 1719 ,

126 1719 283 1800 pollicitus
304 1741 381 1800 sum,
404 1722 661 1801 quemadmodum
686 1721 754 1783 Car.
778 1727 882 1781 vestra
914 1720 953 1782 eri
977 1723 1051 1783 meis

125 1803 276 1863 hactenus
304 1804 399 1864 literis
425 1804 515 1865 facile
547 1806 647 1885 potuit
668 1802 918 1884 deprehendere,
950 1822 1052 1885 neque

124 1885 272 1946 inferiora
293 1888 457 1947 etiamnum
486 1887 558 1948 mihi
586 1888 624 1948 de
653 1887 722 1949 Gar.
761 1893 863 1947 vestra
891 1885 1051 1967 polliceor,

124 1969 337 2050 paratissimus
371 1971 463 2032 etiam
490 1971 642 2048 vicissim,
672 1969 739 2052 Gar.
766 1975 887 2030 vestrae
921 1971 1050 2052 gratiam

125 2051 249 2112 reterre.
291 2051 332 2113 Et
361 2054 505 2132 quoniam
540 2053 679 2114 intellexi
701 2051 768 2115 (lar.
792 2059 914 2112 restrae
942 2055 1049 2114 nescio

125 2153 206 2214 quae
238 2134 369 2196 adversa
400 2135 569 2214 accidisse,
604 2136 754 2217 gravatim
785 2136 884 2195 vicem
916 2140 1051 2196 vestram

125 2217 190 2278 tuli.

188 2299 278 2374 Quod
301 2302 326 2360 si
349 2320 397 2361 res
420 2303 541 2361 interim
554 2301 757 2363 (larvesmae
781 2299 923 2361 meliores
946 2301 1048 2362 factae

127 2388 206 2449 sunt.
229 2402 293 2443 non
316 2385 383 2444 sine
410 2403 522 2465 magna
542 2385 636 2445 enimi
659 2392 690 2444 et
702 2382 861 2465 voluptate
883 2391 914 2444 et
935 2384 1052 2445 laetitia

125 2465 342 2546 intelligerem.

212 2549 325 2627 Porro,
360 2569 440 2628 quae
461 2549 531 2611 Car.
563 2556 666 2610 vestra
695 2549 740 2610 de
760 2550 896 2610 Doctore
918 2549 1049 2613 Martino

124 2631 258 2694 Luthero
281 2631 393 2710 scribit,
417 2634 558 2713 cognovi.
593 2636 696 2712 ltaque
718 2631 835 2693 Caritas
857 2639 970 2712 vestra,
982 2633 1049 2695 Deo

125 2715 267 2794 volente,
297 2735 453 2795 nunquam
474 2715 627 2796 intelliget
654 2735 703 2777 me
732 2734 820 2776 secus
843 2714 981 2777 daturum
1004 2724 1051 2778 aa

126 2816 186 2876 que
208 2797 358 2868 futurum,
390 2799 461 2859 mihi
484 2800 577 2859 etiam
598 2818 699 2878 neque
720 2800 855 2859 animum
875 2816 977 2878 neque
998 2818 1050 2862 vo·

125 2879 276 2940 luntatem
299 2880 390 2941 aliam
413 2882 496 2958 fore,
524 2900 616 2960 quam
645 2901 694 2942 me
721 2880 984 2960 obtemperantem
1007 2889 1050 2943 at-

126 2981 188 3042 que
210 2962 292 3024 dicto
315 2963 490 3024 audientem
512 2971 729 3025 sacrosanctae
751 2964 903 3026 ecclesiae
924 2965 1050 3026 catholi-

126 3063 185 3107 cae
207 3045 310 3108 dandi.

209 3129 318 3209 Neque
339 3131 429 3191 etiam
442 3129 591 3190 hactenns
612 3148 745 3210 unquam
768 3129 842 3190 mihi
862 3131 979 3210 sumpsi
1000 3131 1051 3194 vel

126 3212 241 3292 scripta
267 3213 318 3273 vel
344 3213 511 3274 conciones
533 3213 676 3275 Doctoris
703 3213 825 3277 Martini
851 3212 974 3276 Lutheri
1005 3221 1050 3274 tu-

126 3294 214 3375 endi,
250 3296 314 3356 imo
344 3316 384 3356 ne
405 3295 498 3357 hodie
525 3295 657 3375 quidem.
700 3294 968 3378 Quemadmodum
990 3316 1049 3378 ego

125 3377 158 3439 id
179 3379 281 3458 ipsum
309 3380 400 3439 etiam
435 3377 612 3460 pontificiae
635 3378 811 3441 sanctitatis
837 3377 955 3460 Legata
978 3378 1049 3440 Oar-

125 3460 223 3523 dinali
245 3460 277 3524 S.
299 3460 388 3540 Sixti,
410 3463 473 3524 imo
496 3470 527 3523 et
547 3460 707 3543 pontificio
729 3461 842 3522 nuncio
855 3460 967 3524 (lcrolo
983 3462 1049 3524 Mil·

126 3543 213 3624 titio,
230 3549 296 3605 tum
315 3544 425 3625 literis,
446 3551 509 3606 tam
531 3564 636 3608 coram
657 3544 780 3607 ostendi
801 3543 851 3625 *).

182 3782 212 3849 ¹⁸)
233 3782 266 3836 cl.
284 3777 430 3832 Loescheri
448 3776 569 3832 Reform.
588 3775 659 3832 Acta
675 3777 710 3846 11,
728 3793 757 3847 p.
775 3775 839 3834 316.
