2356 4200
348 365 353 374 p
427 285 457 343 F.
475 285 607 354 Iohpnnis
626 287 749 343 Tetzelil.
792 316 813 347 ,·ε
992 287 1053 354 311

126 475 195 517 rum
217 456 364 536 interest,
386 464 494 519 contra
517 458 593 520 tales
616 459 786 519 sententias
808 459 1055 521 excommunica

127 540 226 601 tionis
247 539 392 619 pluerent
413 550 466 602 aut
484 541 721 620 grandinarent,
753 549 825 602 sunt
846 561 901 621 pro
924 543 1054 621 pertine

127 621 217 685 cibus
240 622 405 685 haereticis
428 625 553 685 tenendi
585 630 679 703 atque
699 624 739 684 ab
762 624 904 695 omnibus
927 625 1055 695 vitandi.

213 703 274 788 45)
298 707 440 769 Ducendi
468 715 539 767 sunt
560 707 739 786 Christiani,
768 708 851 786 quod
874 709 904 767 in
927 707 1056 771 baereti-

128 808 187 850 cae
209 788 424 859 defensionem
445 792 605 870 pravitatis
638 810 738 852 novos
762 810 881 854 errores
903 790 1056 872 lingentes

128 892 170 936 ac
198 871 417 952 defendentes,
449 893 486 934 eo
510 874 592 953 quod
615 875 726 954 corrigi
748 881 780 935 et
800 881 890 935 cauta
911 874 1056 935 sollicitu-

128 955 205 1016 dine
225 957 387 1018 veritatem
408 958 638 1036 inquirerenon
661 966 732 1017 sunt
754 959 866 1036 parati,
888 976 943 1038 pro
966 958 1056 1038 perti·

128 1039 265 1101 nacibus'
280 1041 312 1100 in
336 1041 399 1101 suis
421 1040 599 1102 haeresibus
623 1041 803 1120 simpliciter
824 1048 896 1101 sunt
919 1039 1055 1106 tenendi.

213 1123 273 1198 46)
297 1122 438 1185 Ducendi
470 1130 541 1184 suut
563 1124 742 1202 Christiani,
782 1123 865 1203 quod
895 1122 1056 1186 inferiores

128 1225 253 1269 summo
276 1204 433 1288 pondlice,
456 1207 481 1266 si
504 1206 639 1286 aliquam
650 1207 853 1268 assertionem
867 1206 1054 1269 haereticam

128 1309 187 1370 per
209 1291 396 1351 sententiam
418 1289 566 1351 definient
578 1290 844 1369 determinentque
867 1309 937 1351 esse
950 1297 1054 1351 tenen-

128 1372 214 1450 dam,
236 1377 329 1451 atque
351 1371 419 1434 aliis
441 1374 613 1453 imponunt,
636 1392 698 1452 quo
722 1374 820 1453 ipsam
832 1379 977 1454 reputent
988 1391 1057 1434 esse

128 1453 327 1535 catholicam,
349 1462 421 1516 sunt
440 1455 598 1536 haeretici,
622 1457 796 1536 pertinaces
819 1477 881 1516 una
903 1475 971 1516 cum
994 1475 1056 1517 orn·
1171 1521 1175 1528 ,

129 1537 222 1600 nibus
244 1556 351 1600 eorum
374 1538 427 1598 tali
450 1539 699 1600 determinationi
722 1540 990 1600 consentientibus
1014 1544 1056 1600 te·

128 1620 226 1681 nendi
248 1628 280 1682 et
300 1621 509 1702 praedicandi.
617 1672 620 1677 .

215 1704 273 1785 47)
298 1704 439 1768 Docendi
466 1712 537 1765 sunt
559 1704 740 1783 Christiani,
776 1724 830 1766 eos
854 1705 1056 1785 pertinaciter

129 1806 255 1865 errare,
278 1789 328 1867 qui
349 1787 465 1848 habent
486 1795 673 1868 potestatem
695 1786 859 1848 resistendi
880 1788 1058 1848 haereticae

128 1870 291 1952 pravitati,
313 1890 372 1931 nec
393 1877 496 1931 tamen
518 1873 671 1948 resistunt,
694 1878 866 1951 atque-per
886 1869 947 1932 hoc
969 1871 1057 1950 ipsos

128 1953 253 2014 haeresi
277 1952 492 2033 erroribusque
513 1953 628 2015 favere.
928 1955 932 1963 '

215 2033 273 2119 48)
297 2036 439 2098 Docendi
452 2043 522 2097 sunt
534 2036 709 2116 Christiani,
732 2035 816 2116 quod
828 2036 1056 2097 haereticorum

129 2119 334 2180 defendentes
356 2139 489 2181 errorem
514 2127 545 2181 et
566 2121 626 2181 hoc
647 2140 703 2180 sua
724 2118 1074 2200 potentiaefficientes,¹

130 2222 171 2263 ne
200 2201 240 2262 ad
269 2222 376 2263 manus
399 2203 506 2263 iudicis
528 2204 654 2263 veniant
676 2201 890 2278 examinandi,
925 2222 981 2282 pro
1006 2221 1057 2262 ex-

130 2286 377 2364 communicatisr,
400 2293 431 2346 et
452 2287 477 2345 si
500 2305 562 2347 non
585 2287 659 2346 satis
681 2286 810 2346 fecerint
830 2285 908 2345 infra
930 2305 1055 2363 annum,

129 2371 199 2448 ipso
223 2369 288 2428 iure
311 2387 367 2448 pro
389 2368 551 2430 infamibus
574 2377 644 2429 sunt
666 2369 802 2447 tenendi,
826 2370 877 2447 qui
891 2369 983 2429 etiam
1001 2387 1058 2448 per

127 2453 203 2512 iuris
226 2451 361 2532 capitula
381 2451 555 2513 terribiliter
577 2452 679 2512 multis
694 2453 867 2532 plectentur
881 2453 1002 2531 poenis,
1026 2453 1056 2510 in

131 2535 271 2596 omnium
293 2534 451 2595 hominum
475 2542 634 2596 terrorem.

216 2619 275 2694 49)
299 2617 438 2678 Ducendi
469 2625 539 2678 sunt
563 2618 742 2695 Christiani,
774 2638 813 2678 ne
841 2619 872 2677 in
895 2616 956 2677 fide
978 2617 1060 2677 circa

131 2719 235 2782 papae
267 2702 463 2762 autoritatem
491 2703 635 2781 ipsasque
656 2701 863 2782 indulgentias
892 2720 931 2760 ex
954 2699 1058 2760 haere·

121 2786 263 2844 'ticorum
286 2803 323 2844 ac
344 2786 547 2864 pertinacium
570 2803 645 2844 ausu
667 2791 866 2861 moveantur,
889 2801 951 2843 non
976 2783 1057 2841 enim

131 2869 200 2947 pius
223 2868 373 2928 Dominus
397 2867 523 2928 etDeus
546 2874 652 2928 noster
674 2867 817 2943 haereses
841 2867 912 2927 oriri
935 2866 1057 2945 permit·

132 2957 227 3029 teret,
258 2951 316 3010 nisi
344 2969 450 3011 eorum
474 2958 541 3021 ortu
565 2949 636 3010 fidei
659 2951 771 3010 veritas
795 2950 893 3029 magis
916 2949 1058 3027 liqueret,

134 3041 164 3094 et
186 3053 245 3095 nos
267 3033 385 3094 brutam
409 3054 464 3113 per
486 3034 547 3094 hoc
569 3031 767 3093 evaderemus
797 3031 975 3107 infantiam,
1006 3030 1059 3090 sed

132 3117 237 3197 potius
260 3125 405 3177 maneant
427 3118 509 3176 circa
531 3117 707 3194 veritatem,
730 3115 768 3175 de
791 3114 928 3194 partibus
951 3114 1060 3193 poeni--

133 3201 250 3260 tentiae
264 3206 295 3258 et
304 3199 502 3278 indulgentiis
518 3199 736 3278 praedicatam,
760 3197 885 3270 creduli,
898 3217 953 3276 per
968 3215 1059 3275 quarn

134 3301 220 3342 suam
244 3283 275 3342 in
299 3281 380 3342 dicta
403 3281 464 3343 fide
486 3283 691 3342 constantiam
715 3301 821 3342 eorum
837 3281 934 3340 aDeo
949 3298 1060 3359 appro-

134 3365 219 3426 batio
244 3366 300 3426 toti
324 3365 436 3427 mundo
460 3364 514 3426 fiat
534 3365 650 3444 liquida
672 3372 703 3424 et
724 3364 894 3425 manifesta.

219 3451 277 3522 50)
303 3448 452 3509 Volentes
482 3450 585 3527 itaque
614 3447 653 3507 de
682 3448 817 3527 partibus
849 3445 1059 3526 poenitentiae

135 3532 342 3612 potissimum,
366 3532 428 3592 oris
451 3539 552 3591 autem
577 3531 774 3592 confessione
796 3536 827 3589 et
848 3529 950 3610 operis
974 3527 1060 3587 salis-

135 3615 272 3675 factione
300 3632 319 3672 a
341 3614 408 3675 Deo
432 3622 462 3675 et
484 3614 647 3694 evangelio
662 3614 830 3672 insinuatis
854 3620 884 3672 et
905 3611 1062 3686 institutis,

135 3696 173 3757 ab
198 3696 413 3776 apostolisque
436 3698 669 3778 promulgatis,·
690 3706 721 3758 et
745 3696 907 3755 universali
931 3693 1063 3754 eeclesia

136 3779 318 3862 approbatis
356 3786 387 3842 et
420 3782 606 3861 observatis,
644 3786 800 3841 ettamen
823 3777 861 3841 ab
885 3775 1061 3838 adversario
