2356 4200
363 244 792 334 adnia1.asilv.Prieriatis.
1004 271 1044 342 at
1096 305 1097 308 κ

120 494 125 499 .
201 444 257 508 ¹Ad
281 437 510 528 sexagesimam
533 444 693 531 septimam
723 436 815 526 dicis,
848 445 1045 508 medeserto

122 530 271 611 pontifice
294 532 385 591 etiam
409 530 498 591 donis
517 532 639 610 spiritus
653 529 751 590 sancti
774 528 944 593 detrahere.
976 529 1045 612 Ego

123 612 218 675 miror
239 613 502 674 tesenemadeo
527 613 662 692 fervere,
696 620 729 674 ut
758 632 816 673 nec
848 632 898 672 me
928 631 987 673 nec
1015 623 1046 673 te

123 697 299 779 intelligere
320 697 432 777 possis.
475 695 543 776 Ego
573 717 636 757 non
664 694 727 755 dixi
754 695 861 756 venias
892 715 954 757 nou
977 715 1047 757 esse

123 779 225 860 utiles,
248 778 302 840 sed
325 781 445 840 animae
468 799 536 840 esse
558 779 646 840 utiles
670 797 767 859 nego,
789 778 847 839 nisi
869 797 929 858 quo
952 776 1046 839 modo

122 862 268 923 licentiae
291 869 322 922 et
342 864 560 944 permissiones
596 862 683 922 utiles
712 866 800 940 sunt,
833 860 915 941 quod
944 867 1047 922 autem

123 952 156 1005 tu
178 945 211 1006 id
232 944 453 1025 blasphemiam
477 945 571 1021 dieas,
594 944 668 1014 nihil
689 964 773 1006 curo,

206 1027 256 1089 Ad
293 1029 517 1108 sexagesimam
547 1035 687 1088 octavam
716 1025 910 1088 excusandos
938 1046 1046 1088 censes

125 1128 199 1191 eos,
232 1111 284 1190 qui
315 1111 421 1171 venias
449 1111 632 1173 astruxerint
654 1111 803 1171 maximas
825 1111 956 1192 gratias,
991 1108 1047 1182 sed

124 1213 181 1275 per
200 1193 402 1276 hyperbolen.
447 1192 599 1276 Obsecro,
635 1212 687 1253 cur
717 1199 747 1254 et
774 1213 825 1253 me
853 1213 917 1254 non
945 1191 1048 1272 aliqua

124 1275 223 1359 figura
251 1295 360 1337 censes
395 1276 618 1352 excusandum,
650 1277 701 1355 qui
735 1276 810 1337 nihil
839 1295 959 1353 assero,
991 1274 1058 1343 sed¹

125 1360 226 1420 solum
250 1359 393 1439 disputo?
417 1358 477 1418 Cur
499 1359 553 1418 tibi
574 1359 659 1436 facis,
682 1358 765 1438 quod
782 1358 856 1443 mihi
871 1379 934 1419 non
951 1357 1046 1418 facis?

124 1441 256 1525 Deinde,
279 1443 304 1501 si
329 1448 399 1501 sunt
420 1461 476 1521 per
497 1440 687 1521 hyperbolen
707 1440 884 1519 excusandi,
909 1461 962 1501 our
983 1460 1045 1502 non

126 1527 219 1586 etiam
242 1531 312 1583 sunt
334 1544 388 1604 per
411 1523 599 1604 cyrologiam
623 1522 808 1584 accusandi?
843 1544 912 1584 enm
935 1524 1046 1585 veritas

124 1609 184 1668 hae
205 1606 302 1688 figura
324 1625 415 1687 quam
449 1607 582 1666 maxime
617 1605 767 1686 gaudeat,
804 1612 835 1667 et
862 1609 930 1687 ipsa
956 1625 1047 1687 quam

126 1691 244 1773 optime
278 1690 413 1749 veritatis
446 1688 588 1750 doctores
617 1688 742 1766 deceat,
769 1688 853 1750 illam
873 1709 965 1768 vern,
996 1689 1048 1750 ubi

124 1779 248 1855 potest,
277 1773 409 1853 fugiant,
446 1773 507 1832 imo
537 1772 566 1832 id
602 1773 690 1833 unice
723 1791 848 1851 queror,
883 1772 966 1851 qnod
992 1792 1061 1853 per¹

125 1853 317 1939 hyperbolen
340 1861 411 1915 sunt
431 1854 536 1915 locuti.
565 1855 596 1917 si
624 1863 724 1916 autem
753 1855 841 1915 vobis
864 1855 1047 1934 permittitis,

125 1940 167 1999 mi
197 1939 233 2000 R.
264 1937 315 2015 P.,
354 1939 520 2018 improprie
554 1945 584 1997 et
613 1937 828 2017 hyperbolice,
863 1948 894 1999 et
922 1957 1046 2017 quoquo

125 2020 220 2083 modo
244 2021 364 2081 libuerit
379 2021 472 2100 loqui,
495 2040 547 2080 cnr
566 2040 627 2080 non
643 2027 674 2081 et
687 2021 834 2081 loannem
845 2020 1046 2082 Renehlinum

124 2107 278 2187 integrum
313 2110 344 2163 et
366 2102 516 2164 eruditum
538 2105 634 2163 virum
664 2102 773 2185 eadem
794 2104 949 2183 aequitate
971 2109 1047 2164 trac

125 2189 229 2265 tastis,
265 2194 295 2246 et
328 2186 431 2265 aliqua
459 2185 554 2268 figura
578 2206 647 2246 eum
670 2185 905 2258 excusastis¹)?
938 2185 1001 2246 Aut
1023 2188 1048 2247 si

126 2272 160 2330 in
183 2271 266 2330 hunc
289 2276 349 2329 tam
382 2268 472 2349 rigidi
499 2270 595 2330 fuistis
619 2289 779 2348 censores,
808 2276 840 2328 ut
868 2269 898 2328 in
921 2268 1048 2350 syllabis

127 2352 265 2414 innoxiis
288 2353 467 2412 inveniretis
489 2372 650 2431 venenum,
672 2360 753 2413 certe
775 2371 837 2415 non
859 2353 1050 2432 permittetur

126 2435 216 2497 vobis
255 2442 317 2494 tam
355 2435 440 2516 larga
477 2442 508 2495 et
540 2434 635 2496 libera
666 2435 846 2517 figurandae
886 2435 1050 2498 locutionis

129 2518 270 2596 licentia,
292 2523 325 2577 ut
346 2517 423 2578 salsa
446 2517 527 2578 dieta
549 2538 604 2598 pro
627 2519 713 2580 libito
736 2519 887 2579 seminare
910 2525 941 2580 et
960 2521 1051 2580 inter·

127 2603 241 2684 pretori
272 2601 407 2680 possitis.
455 2600 518 2661 Aut
545 2601 570 2660 si
597 2621 656 2680 qua
689 2604 779 2663 venia
807 2601 894 2662 vobis
921 2601 1051 2680 dabitur,

128 2684 225 2766 dupla
246 2683 318 2743 hnic
335 2682 478 2764 debetur,
515 2691 546 2744 et
579 2704 616 2745 eo
650 2684 793 2747 absoluto
826 2704 882 2745 vos
908 2687 952 2746 rei
984 2706 1050 2767 per·

127 2767 299 2828 manebitis.
891 2770 896 2779 ‘
952 2840 955 2844 Δ

212 2848 354 2912 Secundo
378 2870 461 2910 nova
482 2870 554 2910 usus
586 2848 780 2910 distinetione
807 2855 896 2930 putas
927 2870 977 2911 me
1006 2850 1049 2911 in-

129 2931 357 3011 excusabilem,
398 2935 469 3013 quia
511 2934 615 2993 venias
653 2932 872 3012 appellaverim
908 2934 1050 2995 minimas

130 3018 263 3098 gratias,
287 3035 354 3075 cum
378 3018 439 3076 sint
462 3022 493 3075 et
514 3015 593 3075 aliae
615 3017 741 3095 gratiae,
765 3022 796 3075 et
817 3013 901 3109 daga
921 3017 1051 3096 minora,

131 3100 251 3162 scilieet
270 3098 354 3160 bona
374 3099 516 3159 fortunae
539 3104 596 3158 etc.
626 3097 658 3159 Si
681 3104 783 3158 mente
804 3098 915 3159 fuisses
938 3101 1051 3178 quieta,
1144 3134 1147 3139 ,

131 3182 291 3260 vidisses,
309 3201 361 3241 our
387 3181 465 3241 haee
494 3180 678 3261 addiderim,
708 3180 747 3240 ad
776 3183 906 3262 gratiam
934 3182 991 3242 Dei
1021 3190 1068 3253 et¹

131 3267 230 3327 amois
257 3266 402 3346 pietatem
432 3271 639 3344 comparatae.
688 3264 754 3346 Ego
788 3265 1050 3344 comparationem

130 3350 189 3411 feci
217 3347 256 3408 ad
284 3367 421 3425 erucem,
455 3348 535 3407 hane
568 3349 652 3427 qnasi
688 3367 750 3408 uon
780 3346 901 3426 videas,
938 3368 1050 3408 novam

132 3432 396 3512 comparationem
418 3431 493 3489 facis
523 3431 562 3490 ad
590 3431 672 3491 bona
701 3430 850 3492 fortunae.
893 3430 924 3492 Si
946 3431 991 3490 sic
1012 3429 1051 3491 ad

131 3517 324 3595 iniquitatem
348 3521 379 3574 et
401 3513 583 3573 calumniam
606 3520 723 3574 tantum
745 3514 870 3595 vigilas,
899 3516 965 3594 quis
998 3533 1052 3594 po·

132 3601 204 3660 terit
223 3598 278 3659 tibi
300 3617 394 3658 verax
415 3595 520 3656 videri.

132 3721 221 3728 ...ρ

188 3783 221 3845 1)
243 3781 274 3831 In
294 3779 334 3834 ed.
355 3779 428 3833 Jem:
450 3780 597 3833 excusatis.
