2356 4200
465 270 581 344 a'lbtd
597 285 695 344 liabitl.
1002 282 1043 350 61

130 456 204 537 sipat
224 455 359 517 consilia
379 457 528 539 gentium,
549 455 696 538 reprobat
716 461 819 516 autern
841 454 1047 536 cogitationes

128 539 313 621 populorum
342 545 375 601 ει
405 539 537 603 consilia
568 541 750 620 principum.
793 538 845 600 Sic
872 554 936 619 per·
949 542 1047 599 totum

128 622 278 703 psalmum
293 622 489 685 octonarium
510 640 566 702 par
583 622 726 704 singulos
747 640 829 702 pene
852 638 958 683 versus
981 638 1048 682 cra-

90 756 98 765 .
127 714 169 766 tur
188 705 260 786 lex,
293 705 492 784 mandatum,
514 705 658 785 verbum,
686 704 858 783 eloquium,
889 701 1046 782 iudicium,

124 790 256 867 iustitia,
278 787 531 865 iustificationes,
553 790 574 849 i.
595 808 623 850 ε.
644 792 763 848 rectum
784 785 919 847 medium
940 785 1046 848 alico

126 871 161 932 sd
182 869 297 951 tinem,
326 890 418 951 quern
441 890 549 932 omnes
572 871 699 950 volunt,
729 870 898 930 non-enim
918 886 1047 931 necessa

124 953 359 1026 saturandum,
382 960 416 1015 ut
435 954 552 1017 bonum
573 954 714 1032 velimus,
736 953 791 1014 sed
814 959 848 1013 ιιι
867 958 951 1013 recte
972 951 1046 1012 veli·

125 1054 187 1097 runs
208 1042 375 1109 alvarum
397 1037 522 1100 bonurn.
565 1035 655 1098 Unde
683 1043 715 1097 et
744 1037 776 1095 in
797 1036 859 1097 hoc
881 1034 1045 1115 evangelio

123 1120 273 1181 Dominus
296 1138 361 1193 non
382 1120 497 1199 iustos,
524 1119 640 1199 bonos,
671 1119 758 1200 pios,
792 1118 847 1180 sed
868 1117 1046 1198 prophetas,

124 1204 298 1284 sapientes,
332 1202 448 1264 scribas
479 1203 633 1283 promittit
653 1220 687 1262 sc
708 1203 887 1280 missurum,
919 1200 1046 1281 scilicet,

124 1286 189 1366 qnia
211 1285 311 1346 duces
333 1293 367 1346 et
387 1292 540 1364 rectores,
569 1283 763 1347 consiliarios
784 1290 887 1346 rectos
909 1301 965 1364 per
985 1302 1046 1343 ma
1097 1293 1101 1301 '

123 1367 171 1429 dia
189 1375 282 1429 recta
304 1368 452 1428 missurus
474 1375 541 1428 tota
562 1386 636 1428 cura
656 1373 764 1427 contra
778 1368 961 1448 sapientiam
982 1385 1045 1427 car·

124 1452 167 1510 nis
190 1456 224 1511 ει
247 1450 415 1511 consilinm
436 1450 571 1512 hominis
592 1450 714 1512 laborat
753 1455 787 1512 et
817 1449 967 1511 sollicitus
988 1455 1045 1511 ast.

124 1533 174 1594 list
194 1534 286 1615 enini
305 1534 459 1614 sapientia
480 1535 596 1612 carnis,
626 1551 706 1612 qnae
734 1532 829 1613 vulgo
858 1530 1047 1612 significatur

123 1617 322 1696 straturus,
347 1616 529 1678 sensualitas
551 1618 582 1675 in
603 1617 762 1696 proprium
785 1615 963 1688 consilium,
985 1614 1046 1675 hoc

124 1706 175 1778 est,
197 1697 328 1781 quando
342 1700 421 1760 ratic
443 1700 525 1780 sapit
545 1707 578 1760 ει
598 1698 703 1776 dictat,
727 1717 807 1778 quaa
828 1698 885 1759 sibi
907 1704 993 1759 recta
1014 1705 1047 1758 at

124 1782 203 1843 bona
223 1781 389 1861 videntur,
422 1800 492 1845 cum
519 1782 580 1842 hoc
606 1800 669 1842 non
691 1783 805 1861 possit,
838 1780 893 1841 sed
915 1780 954 1841 da
976 1780 1044 1840 Deo

125 1871 227 1945 petere
259 1864 390 1944 debeat,
422 1870 455 1924 ιιι
486 1864 634 1926 doceatur
665 1884 685 1925 a
713 1866 819 1944 spiritu
848 1865 932 1942 aius,
966 1880 1045 1942 quae

122 1952 201 2010 recta
223 1954 256 2009 et
280 1947 365 2010 bona
380 1946 626 2027 nonvideantur,
648 1946 704 2007 sed
726 1948 795 2007 sint.
826 1944 1045 2007 Hincvarbnm

123 2030 232 2092 iactum
247 2037 298 2091 est
309 2036 342 2091 st
352 2030 504 2111 sapientia
514 2030 573 2090 Dei
585 2029 768 2091 abscondita
782 2030 989 2106 etexinanita,
1013 2034 1046 2088 ιιι

123 2120 259 2175 nostrum
283 2131 409 2195 quoqne
428 2113 509 2175 hanc
529 2113 892 2193 pessimam-sapientiam
914 2113 1044 2173 abscon·

124 2196 206 2258 deret
228 2204 261 2257 et
279 2197 463 2276 exinaniret,
487 2213 565 2274 quae
587 2202 636 2256 est
657 2195 751 2276 plena
770 2195 917 2274 vanitate,
941 2204 1044 2256 errore

124 2286 150 2340 ει
169 2287 315 2360 peccato.

381 2414 575 2475 Doctrina
596 2412 786 2475 secunda.

200 2530 387 2610 Quicunque
399 2549 461 2591 non
473 2529 585 2592 Christi
599 2530 736 2592 consiliis
759 2529 865 2592 obedit
886 2534 917 2591 et
937 2548 956 2590 a
972 2545 1042 2610 pro·

125 2615 192 2694 priis
216 2614 282 2674 suis
305 2614 402 2692 radit,
436 2615 493 2674 etsi
525 2634 589 2675 non
611 2614 742 2694 occidit,
775 2620 877 2675 tauron
906 2614 978 2692 quia
1006 2612 1045 2672 de

126 2698 327 2777 generatione
349 2696 554 2757 occidentium
569 2702 639 2776 est,
670 2698 770 2758 omnis
801 2697 925 2777 sanguis
946 2697 1043 2755 iustus

127 2799 216 2861 super
238 2799 312 2840 enm
333 2781 400 2840 erit.
442 2779 483 2840 Et
504 2781 549 2839 sic
570 2779 644 2841 dicit
657 2780 810 2841 Christus:
833 2778 892 2854 Qui
914 2798 977 2840 non
998 2785 1046 2839 est

126 2881 261 2940 mecum,
293 2869 402 2923 contra
425 2880 475 2922 me
497 2872 557 2942 est,
580 2870 611 2924 et
634 2863 715 2945 apud
736 2862 940 2922 Matthaenm:
973 2860 1044 2921 Pro·

125 2946 201 3007 iacto
224 2943 444 3023 testificamini,
467 2946 550 3024 quod
567 2946 748 3007 consentitis
771 2943 1045 3025 operibuspatrnm

127 3037 307 3107 vesucrum,
329 3028 374 3087 illi
390 3029 472 3088 anim
488 3028 667 3090 occiderunt
687 3034 756 3107 etc,
779 3046 848 3088 cum
862 3036 964 3088 tamen
981 3044 1045 3086 non

126 3110 313 3172 occidissent
333 3112 392 3191 ipsi
414 3122 479 3171 eos.
522 3111 563 3172 lat
582 3113 662 3173 ratio
685 3118 747 3191 est,
770 3112 906 3190 quinon
928 3107 1046 3170 recedit

126 3194 367 3275 agenerationa
389 3193 596 3255 occidentium
616 3194 801 3274 prophetas,
832 3211 926 3272 opere
953 3198 1044 3252 testa·

125 3284 185 3356 tur,
219 3296 255 3337 sc
282 3275 343 3336 illis
375 3279 566 3357 consentire,
598 3279 677 3338 sicut
707 3277 758 3356 qui
786 3294 855 3335 cnm
876 3275 991 3337 iuribus
1014 3280 1045 3336 ει

125 3358 293 3423 latronibus
315 3366 530 3440 conversatur,
562 3366 594 3420 et
624 3361 653 3421 ai
674 3359 799 3441 placent
826 3359 874 3419 fur
900 3365 932 3419 ct
953 3359 1044 3438 latro,

127 3449 171 3502 est
191 3443 430 3524 participaturus
461 3448 492 3504 at
522 3461 673 3523 poenam,
712 3443 757 3502 sic
787 3443 984 3522 participavit
1014 3447 1045 3503 et

128 3525 262 3606 culpam,
298 3526 355 3586 etsi
382 3527 538 3603 neminem
567 3528 634 3607 ipse
661 3525 785 3586 laeserit
812 3542 915 3605 opere.
958 3524 1044 3588 Sicut

128 3605 217 3669 hodie
238 3607 353 3669 Paulus
374 3604 624 3689 Slbteplranum·
648 3608 814 3689 lapidavit,
849 3615 882 3668 nt
913 3609 979 3688 ipse
1010 3611 1042 3669 in

130 3689 252 3754 Actibus
275 3689 448 3770 confitetur,
469 3690 656 3753 ludaeorum
672 3690 872 3771 lapidantium
892 3691 1042 3754 manibus.

131 3771 177 3832 Sic
208 3772 351 3837 omnibus
382 3774 557 3839 hominibus
592 3774 681 3836 malis
719 3775 884 3855 imputatur
918 3776 1041 3856 sanguis
