2356 4200
66 3882 101 3952 k

199 278 272 349 460,
475 285 632 354 Responsio
651 278 780 338 indemni
799 284 841 338 nt.

419 470 639 637 Principis
668 516 884 613 Electoris

199 741 398 804 Saxonioe
431 740 555 803 Ducis
584 738 786 802 Frid'eriei
815 738 1046 826 Responsio
1080 744 1121 807 ed

365 822 563 909 Erasmum
584 823 889 886 Roterodemum
907 827 958 909 *).

197 1013 254 1075 Dei
275 1013 382 1075 Gratia
395 1012 575 1090 Fridericus,
597 1012 668 1071 Dux
691 974 857 1090 Senoniae,
880 974 969 1076 seori
991 1015 1121 1077 Romani

197 1095 320 1176 Imperii
341 1095 634 1170 Archimsrscellus,
655 1095 812 1177 Princeps,
834 1097 965 1160 Elector
986 1106 1019 1158 et
1039 1099 1122 1158 Vicu-

197 1181 276 1252 rius‚
303 1179 516 1259 Landgrcvius
539 1178 748 1258 Thuringioe,
782 1188 814 1240 et
835 1181 1120 1262 MerohioMisuue,

624 1258 654 1321 S.
677 1260 710 1321 P.

262 1449 409 1525 Quamvis
432 1467 494 1509 non
519 1448 703 1526 dubitemus,
722 1449 851 1509 Erosme
862 1450 1080 1530 eruditissime,
1095 1458 1121 1512 tc

199 1533 356 1594 extiteris
390 1532 503 1593 nostris
526 1531 649 1591 Jodoco
672 1531 773 1592 Jonee
800 1532 839 1592 ed
862 1539 893 1594 te
913 1553 1015 1615 nuper
1037 1533 1120 1616 profi·

200 1617 325 1678 oiscenti
348 1614 428 1676 detis
450 1615 543 1694 plone
566 1615 771 1694 cogniturum,
793 1621 875 1676 tuam
890 1636 967 1699 erga
988 1636 1049 1678 nos
1070 1619 1120 1677 siu-

128 1706 133 1715 '
199 1698 336 1780 gularem
358 1699 448 1758 istem
472 1697 737 1774 benevoientium,
759 1704 793 1757 ut
811 1698 936 1779 alioqui,
957 1701 1002 1761 itu
1024 1702 1055 1760 in
1077 1700 1120 1761 de·

199 1781 355 1842 dictatione
377 1780 516 1842 Suetonii
538 1786 570 1839 et
590 1779 719 1841 aliorum
739 1781 955 1842 historicorum
977 1783 1119 1844 illustrem

198 1864 290 1926 nobis
313 1883 383 1925 esse
405 1864 627 1945 gratissimam,
659 1863 908 1943 respondendum
939 1871 1045 1927 tamen
1070 1867 1120 1927 tuis

199 1949 461 2024 existimavimus,
495 1944 534 2006 cd
561 1963 620 2006 nos
647 1946 835 2026 Antverpiee
855 1948 962 2012 xvlss.
999 1948 1120 2010 Gelend.

198 2032 295 2092 licias
319 2031 458 2110 scriptis,
483 2047 551 2088 cum
575 2028 616 2089 ob
638 2029 782 2090 alienon
805 2044 919 2110 peuce,
956 2039 1022 2092 tum
1046 2030 1119 2112 quod

196 2114 421 2175 eruditissimae
442 2111 576 2172 simulet
597 2111 845 2192 elegantissimae
861 2123 946 2174 tuum
961 2135 1039 2196 erge
1059 2134 1119 2189 nos,

198 2199 348 2258 sinceram
359 2194 392 2279 1)
417 2201 448 2256 et
462 2213 566 2254 venem
578 2194 690 2255 christi
712 2195 912 2257 eruditionem
926 2204 959 2258 et
970 2199 1119 2280 evengeli-

199 2299 266 2342 cum
293 2281 449 2340 veritatem
465 2277 597 2338 studium
620 2284 652 2338 et
662 2297 798 2338 amorem
815 2281 1043 2359 pientissimum
1065 2283 1119 2342 iem

200 2364 317 2444 pridem
337 2362 426 2422 nobis
449 2361 642 2441 exploratum
665 2361 803 2422 fecerunt
824 2366 1079 2443 perspectionem.

281 2446 345 2520 Est,
369 2452 403 2504 ut
424 2444 542 2521 scribis,
565 2445 643 2505 miro
659 2462 781 2504 osorum
805 2446 942 2507 melioris
966 2447 1120 2508 doctrinae

197 2530 385 2610 conspiratio
420 2528 450 2585 in
474 2526 505 2586 id
528 2527 627 2586 solum
648 2526 784 2610 idonec2
812 2535 844 2588 ut
866 2528 978 2607 bonis,
1008 2532 1069 2611 piis
1095 2537 1122 2589 et

144 2674 148 2681 ⁴
196 2613 295 2694 probe
316 2611 443 2673 literatis
467 2616 589 2670 noceat.

278 2695 359 2756 Non*
383 2693 522 2753 damnari
549 2692 588 2753 eb
613 2691 738 2752 eruditis
766 2711 891 2752 causam
919 2694 1120 2756 Luthercuem

198 2785 229 2839 et
250 2779 394 2838 Doctoris
413 2777 547 2836 'Martini
578 2774 806 2836 lucubrationes
841 2774 879 2835 ab
912 2780 1040 2857 optimis
1064 2779 1121 2859 qui·

196 2861 315 2938 busque
337 2861 407 2920 istic
430 2858 627 2939 cupidissime
648 2859 721 2939 legi,
744 2858 909 2936 laetamur,
939 2880 1044 2940 eoque
1066 2881 1120 2920 mu

197 2944 252 3022 gis,
272 2942 355 3020 quod
377 2942 515 3022 plerique
537 2941 688 3001 bonorum
712 2947 743 3001 et
764 2941 951 3002 eruditorum
968 2945 1001 3003 in
1014 2946 1121 3005 uostris

197 3043 320 3103 quoque
341 3024 530 3106 Regionibus
560 3029 591 3083 et
619 3023 858 3103 PrincipetibuS,
890 3025 1006 3086 nedum
1031 3038 1122 3087 exter·

196 3109 254 3184 nie,
277 3109 409 3169 hominis
425 3114 485 3167 tom
500 3108 594 3166 vitam
618 3114 649 3166 et
670 3126 782 3181 mores,
805 3126 896 3186 quem
919 3109 1122 3172 eruditionem

197 3193 273 3251 miro
287 3209 440 3251 consensu
464 3190 600 3250 laudant.
623 3188 715 3263 Quod
727 3191 807 3249 enim
819 3189 967 3250 hactenus
980 3193 1014 3252 in
1031 3193 1122 3254 Saxo·

196 3274 285 3334 nibus
308 3274 420 3334 nostris
444 3272 548 3353 degit,
570 3290 632 3331 non
656 3279 719 3332 tam
739 3272 873 3344 homini,
896 3292 990 3352 quem
1015 3295 1123 3336 cousus

172 3350 177 3361 ‘
196 3355 347 3434 dedimus,
364 3355 439 3415 nihil
454 3358 554 3415 minus
568 3374 702 3434 uuquam
715 3357 829 3427 conati,
852 3374 944 3435 quem
958 3365 993 3418 ut
1016 3359 1124 3442 dignos

195 3439 347 3519 praemiis
368 3457 473 3519 poene
493 3445 655 3519 premeret.
689 3438 797 3517 Neque
813 3436 885 3500 Deo
908 3442 1125 3523 omnipotente

250 3636 281 3705 *)
301 3637 405 3691 Textus
424 3637 506 3689 huius
525 3636 716 3703 responsionis
736 3635 857 3690 redditus
877 3643 919 3690 est
938 3655 975 3690 ex
996 3641 1043 3694 ed.
1060 3640 1124 3709 ΟΡΡ.

194 3707 276 3765 lauth.
292 3709 414 3781 «lenensi,
433 3708 463 3759 T.
482 3709 504 3773 Ι,
524 3725 551 3777 p.
571 3707 633 3761 222.

250 3780 277 3846 l)
295 3778 327 3833 In
347 3779 389 3835 ed.
410 3779 486 3834 Jen.:
503 3785 579 3833 tuom
599 3795 666 3849 erge
680 3793 731 3832 nos
748 3779 885 3833 sinceram
907 3785 960 3836 etc.
