2356 4200
156 279 221 346 214
413 278 610 335 &solutiones
630 277 734 345 Disput.
754 276 832 330 luth.

162 448 309 525 construi,
332 465 394 507 uno
417 445 522 523 modo,
544 453 577 506 ut
598 444 637 506 ad
658 444 817 524 ligantem,
838 442 902 505 ulio
924 440 1023 503 modo
1044 440 1083 500 ad

157 531 316 615 ligandum
339 531 509 610 pertineat,
530 534 565 588 ut
586 528 632 589 sic
653 527 839 588 concludant
859 523 1084 604 nobis„ponti·

158 612 249 677 licem
272 631 367 694 posse
388 612 484 694 ligare
507 610 563 672 sub
587 617 688 690 terre,
709 611 741 670 in
763 608 943 690 purgatorio
956 653 971 687 ,⁸
987 606 1084 668 modo

158 696 190 758 id
213 715 353 759 curemus
378 694 491 777 (opere
512 693 657 755 videlicet
679 692 909 766 medicorum),
932 699 969 752 ut
988 689 1023 751 id
1044 691 1086 750 vi·

159 800 216 843 vus
238 779 340 857 faciet,
362 786 393 839 et
414 777 486 838 dum
502 777 594 838 fuerit
609 784 836 856 superterram,
858 794 930 835 nam
944 780 1085 835 mortuus

159 882 223 927 non
245 867 353 943 posset
374 860 479 942 ligere.
523 858 613 936 Quod
636 861 660 919 si
682 861 743 920 iste
763 860 861 939 prima
879 876 952 937 pera
977 855 1086 917 verbo·

159 965 226 1009 rum
243 944 354 1007 Christi
376 963 439 1005 non
459 944 569 1024 recipit
589 943 670 1003 hanc
691 949 838 1003 torturam
860 947 893 1001 et
912 939 1085 1001 violentam

161 1028 342 1104 elusionem,
365 1034 398 1087 ut
407 1027 541 1107 ipsimet,
562 1024 786 1106 quantumlibet
797 1027 858 1085 sint
874 1024 942 1085 siue
958 1022 1086 1100 iudicio,

161 1114 322 1175 asserunt:
356 1128 416 1188 qua
435 1109 537 1170 fronte
558 1107 714 1170 audebunt
736 1108 822 1169 alteri
836 1108 913 1187 parti
928 1125 999 1167 eem
1024 1107 1085 1167 vim

161 1194 279 1271 fecere,
309 1192 440 1259 comsit
461 1192 553 1252 simili
576 1192 734 1254 schemate
754 1211 810 1272 per
831 1191 935 1252 omnia
959 1208 1087 1269 compo·

161 1276 241 1339 sita?
283 1273 349 1335 Nisi
372 1274 450 1336 forte
476 1275 538 1335 illis
561 1294 648 1337 more
669 1293 725 1336 suo
755 1275 859 1336 omnia
879 1273 1002 1333 licuerit
1023 1272 1086 1333 uni·

161 1377 286 1433 vocare,
307 1363 339 1417 et
360 1359 566 1437 aequivocare
588 1366 620 1418 et
641 1357 923 1438 amphibologisarc
945 1363 979 1416 et
999 1373 1087 1435 pare·

161 1443 308 1523 logisare,
332 1441 411 1501 sicut
431 1441 554 1502 libuerit
575 1448 607 1501 et
627 1440 678 1501 ubi
699 1440 829 1501 libuerit.
872 1438 986 1499 Dicent
1000 1456 1087 1518 ergo,

163 1523 246 1607 quod
276 1543 368 1603 super
396 1530 508 1584 terram
536 1525 566 1583 in
609 1525 687 1585 rima
713 1530 801 1603 parte
829 1523 964 1602 pertinet
991 1521 1034 1583 ad
1055 1520 1087 1581 li·

226 1605 319 1683 dum,
353 1605 408 1666 scd
429 1607 460 1667 in
482 1543 617 1667 secunrlla
638 1616 726 1685 parte
746 1607 880 1686 pertinet
900 1603 939 1666 ad
964 1604 1087 1665 solven-

155 1627 242 1837 ἓ,
278 1688 527 1769 quandoquidem
556 1696 587 1748 et
615 1691 733 1750 maiora
760 1696 897 1750 monstra
925 1688 958 1747 in
981 1706 1088 1749 seems

206 1791 256 1833 am
278 1772 383 1832 literas
407 1772 435 1850 ¹)
474 1773 657 1833 invexerunt
684 1791 739 1852 pro
762 1791 818 1833 sua
839 1770 987 1834 laudabili
1008 1789 1087 1833 cou-

163 1854 336 1919 suetudine.

245 1937 347 2013 Quare
369 1957 438 1999 cum
461 1956 568 1999 omnes
591 1948 724 2019 negent,
746 1937 849 1999 claves
872 1955 968 2016 posse
990 1937 1088 2017 ligare

156 2020 193 2095 ,in
216 2020 406 2102 purgatorio,
426 2039 556 2089 neeesse
575 2027 626 2089 ¹est
637 2040 762 2102 negare,
785 2020 869 2099 quod
891 2020 1014 2099 possint
1026 2019 1087 2080 eol·

163 2122 250 2181 vere,
289 2123 357 2164 cnm
384 2106 444 2164 sint
471 2101 543 2164 illae
565 2103 645 2163 duae
666 2111 836 2183 potestates
858 2103 1029 2181 aequales,
1058 2109 1089 2163 et

163 2187 334 2267 aequaliter
355 2208 373 2247 a
395 2186 516 2247 Christo
547 2186 699 2247 ecclesiae
731 2205 805 2246 suee
827 2185 927 2247 datae.
972 2186 1005 2246 ln
1031 2185 1089 2245 hee

164 2272 318 2331 sententia
339 2277 410 2330 sunt
432 2269 554 2348 quidam
577 2286 639 2329 non
661 2270 788 2349 pessimi
809 2271 951 2343 iuristee,
975 2288 1015 2328 en
1042 2287 1087 2329 ea-

164 2353 267 2413 riores
291 2354 410 2430 ceteris,
432 2351 564 2412 viderint
584 2351 637 2412 illi.

248 2434 391 2496 Secundo
414 2454 453 2496 ex
475 2436 542 2514 ipsa
564 2435 709 2495 antithesi
731 2436 790 2495 iste
813 2435 966 2495 sententia
995 2435 1086 2495 etiam

165 2519 359 2596 confutetur,
383 2518 471 2596 quia,
496 2519 574 2577 sicut
594 2517 630 2577 In
653 2517 749 2577 coelis
778 2518 882 2596 utique
903 2516 943 2577 ad
965 2517 1088 2577 solven-

165 2600 236 2663 dum
258 2602 289 2660 in
311 2600 406 2661 coelis
428 2601 562 2679 respicit,
584 2601 627 2659 ita
649 2607 874 2680 superterram
896 2599 936 2663 ad
966 2600 1087 2661 solven-

165 2683 236 2744 dum
261 2689 481 2762 superterram
504 2683 648 2761 respiciat
671 2690 803 2763 oportet.
845 2682 886 2743 Et
906 2700 1034 2758 rursus,
1055 2683 1088 2743 ln

165 2766 271 2845 coelis,
293 2765 331 2825 ed
354 2765 497 2845 ligatum,
528 2784 622 2843 quare
644 2774 676 2826 et
697 2765 795 2846 Super
817 2773 928 2826 terram
951 2765 992 2824 ad
1015 2765 1089 2846 lign-

166 2856 228 2908 tum
251 2849 355 2908 referri
378 2847 478 2910 debet.
501 2847 591 2917 Unde
613 2848 750 2909 Christus
773 2849 857 2909 velut
879 2847 917 2908 de
938 2847 1090 2909 industria

166 2938 228 2991 non
251 2930 342 2990 dixit:
375 2929 443 3010 Ego
465 2930 585 2991 solvam
606 2932 637 2991 in
661 2932 774 3006 coelis,
798 2931 853 2990 sed
876 2930 1010 2991 solutum
1033 2931 1091 2991 erit

164 3014 196 3072 in
218 3013 334 3091 coelis,
357 3020 404 3089 ut,
433 3015 458 3073 si
483 3015 549 3092 quis
571 3015 669 3093 primo
692 3013 802 3090 verbe,
826 3014 962 3090 scilicet,
987 3012 1090 3088 Quod·

123 3114 131 3125 ·
166 3115 286 3174 cunque
308 3094 436 3155 solveris
466 3116 558 3176 super
587 3106 712 3174 terram,
746 3097 841 3157 falsae
864 3098 1090 3177 intelligentiae

166 3179 349 3242 calumniam
373 3186 552 3256 quaereret,
583 3180 765 3259 insequente
787 3180 1011 3252 retunderetur,
1033 3200 1091 3240 nec

164 3263 391 3343 permitteretur
419 3261 458 3321 ad
487 3261 668 3323 solvendum
691 3271 818 3344 aptare,
852 3265 924 3341 quia
954 3263 1090 3324 solutum

165 3346 195 3404 in
218 3344 313 3404 coelis
336 3345 419 3425 cogit
441 3352 524 3405 certe
544 3345 673 3427 intelligi
701 3347 834 3407 solutum
858 3348 888 3406 in
911 3353 1003 3424 terre,
1027 3366 1089 3408 non

166 3420 353 3503 solventem,
401 3433 432 3486 et
470 3427 490 3485 li
513 3433 595 3489 alum
631 3430 661 3489 in
703 3429 798 3490 coelis
842 3430 927 3509 cogit
959 3430 1091 3510 intelligi

165 3514 228 3570 nc'n
262 3509 425 3589 ligantem,
459 3447 513 3569 sel
542 3510 667 3591 ligatum
703 3515 732 3571 in
769 3520 865 3589 terra,
900 3521 952 3572 eut
983 3513 1091 3572 saltem

166 3600 335 3670 utrumque.

223 3769 249 3830 1)
268 3766 352 3837 ibid:
372 3770 457 3825 sacris
477 3771 560 3823 etiam
579 3768 673 3837 literis.
