2356 4200
380 298 422 374 ἐδ
440 301 514 375 dtu.
532 302 562 373 tr.
576 280 648 372 adv.
666 296 816 373 menidi.
1028 306 1070 378 oo

219 490 281 552 nd
303 493 588 576 quinquagesimam
610 494 729 557 sextam
754 488 917 555 autoiitats
931 489 1072 555 Thomas

148 572 241 648 dicis,
278 574 438 637 thesauros
474 576 624 638 ecclesiae
655 594 723 637 esse
750 576 859 637 merita
881 574 1008 654 Christi,
1040 574 1070 635 in

148 665 296 739 quantum
320 660 555 721 satisfactiones.
596 659 635 720 Et
664 659 744 721 idem
767 678 822 740 per
843 657 923 719 idem
946 656 1072 739 probas,

147 747 178 800 et
202 740 293 820 dicis,
329 743 410 822 quod
434 743 463 804 S.
487 742 654 823 Gregorius
684 741 767 803 dedit
788 741 953 822 aliquando
976 740 1072 801 indul·

146 824 284 966 gentius,
306 833 340 885 ut
361 827 562 888 communiter
584 825 709 902 dicitur,
732 843 793 885 non
816 831 918 905 potest
939 822 1075 906 probarit

162 907 222 966 deo
245 926 303 968 nec
325 907 355 970 S.
376 909 512 970 Thomas
535 906 648 988 aliquid
670 910 699 970 in
724 908 782 969 hac
803 928 835 968 re
858 907 961 971 eflicit.

234 989 302 1070 Ego
326 991 446 1072 quidem
469 1011 530 1053 non
555 1010 622 1052 cum
646 993 789 1052 universo
814 988 887 1051 orbe
909 1010 958 1053 me
974 988 1073 1071 dispu-

150 1078 285 1132 taturum
310 1073 421 1152 obtuli,
456 1077 527 1154 quia
560 1073 752 1151 nesciebam,
788 1073 881 1154 quod
904 1072 1073 1154 positiones

151 1173 242 1215 meae
268 1165 381 1217 essent
407 1167 468 1219 tam
501 1159 561 1218 late
590 1167 773 1236 rogaturae,
803 1157 874 1218 ideo
907 1156 970 1217 noli
1001 1154 1073 1219 milri

151 1240 361 1319 arrogantiam
384 1241 465 1302 hanc
487 1240 664 1301 asscribere.
708 1241 805 1302 Casus
823 1259 871 1301 me
894 1241 925 1300 in
947 1240 1001 1300 has
1024 1256 1073 1300 res

147 1320 311 1402 perduxit,
350 1342 389 1383 ex
418 1324 527 1401 quibus
556 1343 625 1384 cum
657 1323 777 1385 silentio
801 1343 850 1383 me
872 1324 990 1405 eripere
1011 1340 1073 1385 non

147 1423 290 1485 possum,
322 1404 399 1466 forts
422 1402 505 1467 Deus
528 1407 569 1467 ita
594 1405 697 1467 voluit.
750 1405 818 1486 Ego
854 1413 954 1467 tarneu
984 1407 1072 1469 istam

149 1486 381 1569 conclusionem
405 1508 466 1549 nou
499 1489 631 1565 asserui,
661 1487 713 1549 sed
751 1496 781 1549 et
810 1488 910 1550 adhuc
941 1489 1073 1570 disputo,

148 1576 335 1651 'exspectans
359 1573 479 1633 concilii
504 1571 799 1648 determinationem,
822 1573 900 1635 sicut
922 1578 952 1633 et
966 1589 1073 1633 omues

148 1651 236 1729 alias,
259 1671 339 1731 quae
363 1654 473 1716 dubiae
495 1663 566 1716 sunt
588 1661 641 1715 aut
667 1656 695 1715 in
716 1655 925 1717 controversia
938 1654 1074 1716 haerent.

232 1736 280 1796 Ad
303 1738 588 1818 quinquagesimam
611 1739 772 1818 septimam
797 1739 870 1798 mire
886 1757 977 1818 quam
1000 1757 1074 1819 pun·

147 1819 250 1897 geris,
272 1820 354 1898 quod
378 1822 536 1882 avaritiam
559 1820 715 1901 paululum
739 1821 900 1882 momordi,
944 1820 1021 1887 Nam
1044 1824 1075 1881 et

148 1908 179 1960 tu
204 1920 327 1982 quoque
349 1903 513 1983 patientius
535 1904 613 1965 ferra
636 1911 741 1983 potes,
770 1904 794 1962 si
819 1911 927 1965 contra
949 1906 1074 1984 scriptu·

148 2002 212 2043 ram
234 2005 420 2066 pugnarem,
454 2006 544 2067 quam
580 1992 686 2050 contra
715 1986 886 2049 avaritiam.
938 1986 1011 2047 ldeo
1044 1994 1074 2046 et

148 2062 199 2125 hic
221 2067 357 2146 pontifici
380 2070 492 2131 eximie
521 2068 662 2131 adulatus
696 2069 841 2129 iuvidiam
873 2068 944 2129 mihi
975 2070 1074 2130 conci-

122 2148 223 2291 diam
244 2150 380 2212 festinas.
416 2152 495 2227 Quid
519 2153 590 2213 mihi
613 2154 820 2214 innocentiam
844 2150 998 2231 pontificis
1022 2151 1073 2212 ob·

179 2232 269 2292 udis?
291 2233 452 2313 Numquid
469 2255 527 2316 ego
552 2256 619 2296 earn
641 2235 771 2315 ignoro?
794 2233 894 2294 Autsi
913 2235 1072 2296 avaritiam

147 2323 233 2391 ta‘xo,
256 2317 402 2395 numquid
422 2318 492 2379 ideo
516 2317 669 2399 pontilicis
692 2318 900 2378 innocentiam
925 2317 1073 2379 mordeo?

146 2396 193 2457 Tu
214 2399 282 2457 vide
305 2401 423 2478 potius,
458 2422 495 2461 an
529 2402 639 2483 impius
669 2403 710 2461 sis
733 2403 762 2461 in
794 2399 989 2481 pontificem,
1021 2401 1073 2480 qui

147 2481 306 2553 avaritiam
339 2489 369 2542 et
398 2483 553 2562 pontilicis
586 2485 793 2544 innocentiam
827 2484 857 2543 in
888 2503 980 2545 unam
1008 2504 1073 2545 rem

146 2562 280 2634 conflas,
313 2564 383 2624 dum
405 2587 539 2629 morsam
563 2568 721 2629 avaritiam
751 2566 832 2627 idern
855 2568 965 2626 astruis
989 2565 1073 2646 quod

146 2645 263 2706 laesam
286 2647 439 2726 pontilicis
468 2651 691 2728 innocentiam,
727 2651 789 2710 imo
819 2648 875 2709 sub
909 2658 1073 2729 praetextu

145 2729 342 2790 innocentiae
365 2733 548 2810 pontificalis
580 2730 873 2813 irreprehensibilem
904 2732 993 2794 nobis
1023 2731 1073 2794 dc-

145 2810 245 2873 iendis
268 2814 449 2874 avaritiam?
486 2815 517 2876 Si
552 2823 622 2875 sunt
653 2817 832 2876 innocentes
863 2815 905 2874 tui
928 2815 1072 2893 clientuli,

147 2912 209 2954 uon
234 2895 411 2958 mordentur
434 2919 452 2958 a
475 2918 539 2974 me,
577 2899 600 2958 si
633 2906 798 2971 nocentes,
829 2915 883 2957 cur
911 2896 1073 2959 defendis?
1135 2968 1144 2982 ,ἱ

144 2976 207 3038 Det
229 2977 281 3037 tibi
299 2979 458 3056 Dominus,
481 2990 514 3040 ut
537 2980 702 3060 aliquando
725 2981 838 3040 rectius
861 2978 990 3057 iudices,
1013 3000 1074 3042 ure-

144 3060 205 3120 lius
227 3060 343 3140 videas,
367 3073 398 3122 et
419 3085 438 3124 a
461 3064 620 3124 calumniis
646 3063 704 3124 mei
727 3063 891 3124 abstineas.

232 3143 282 3204 Ad
314 3146 599 3227 quinquagesimam
634 3155 776 3208 octavam
811 3143 918 3207 eadem
951 3147 1075 3227 repetis,

145 3244 227 3307 quae
262 3227 292 3285 in
322 3237 393 3288 ante
423 3228 628 3309 praecedente
650 3228 768 3306 dixisti,
807 3234 859 3288 tua
892 3229 971 3290 enim
1004 3235 1075 3289 suut

145 3308 251 3384 verba,
274 3309 344 3371 ideo
368 3316 501 3372 transeo,

229 3391 278 3451 Ad
303 3394 588 3474 quinquagesimam
610 3413 724 3455 nonam
747 3394 855 3455 iterum
878 3393 1074 3474 totusardes,

145 3474 226 3534 adeo
249 3476 280 3534 in
304 3479 412 3536 ceteris
436 3478 577 3538 omnibus
599 3476 764 3558 patientior
786 3497 838 3546 es,
860 3487 1073 3560 praeterquam

145 3556 196 3617 ubi
209 3559 368 3619 avaritiam
385 3571 489 3641 tango,
502 3580 592 3642 qnam
607 3568 709 3620 tamen
721 3560 796 3620 valis
809 3559 888 3619 nolis
901 3578 962 3620 non
971 3561 1072 3640 possis

145 3661 261 3721 negare
283 3642 401 3702 Romae
424 3647 548 3722 versari,
570 3664 610 3705 ne
632 3643 731 3704 dicam
755 3643 921 3720 dominari,
945 3652 978 3703 ut
999 3644 1072 3711 mihi

144 3732 176 3785 tu
200 3743 324 3804 quoque
345 3744 442 3806 prope
464 3726 520 3787 fras
543 3735 721 3815 suspectus,
752 3725 833 3805 quod
856 3727 953 3807 magis
976 3725 1072 3805 lucra,

147 3827 240 3889 quam
264 3808 382 3868 animas
405 3829 510 3890 cures,
542 3809 660 3871 interim
686 3808 974 3870 innocentissimum
994 3828 1075 3891 pnn-
