2356 4200
117 211 158 280 56
371 214 527 285 Responsio
546 213 581 268 D.
600 184 678 267 Mart.
697 211 808 268 liutheri

118 387 305 469 praedicata.
342 385 462 446 Deinde
473 385 654 448 Pontificem
678 383 888 460 commendas,
911 384 961 462 qui
984 388 1045 444 tani

121 474 270 532 innocens
293 471 342 548 sit,
364 476 398 530 ut
419 470 519 530 nullus
542 472 625 531 vivat
640 475 693 529 aut
704 475 848 549 operetur
859 467 1044 528 indecenter.

120 554 224 615 Tertio
247 552 418 631 inveheris,
453 554 535 632 quod
567 553 731 613 fraternam
760 552 963 612 monitionem
985 569 1046 611 non

119 637 340 717 praemiserim

204 718 408 798 Respondes:
441 717 562 778 Sinon
592 723 663 778 sunt
683 674 862 813 praedicata
882 716 974 794 talia,
997 721 1049 776 aut

121 821 185 863 non
210 803 319 871 credis,
343 800 414 880 quid
437 809 560 860 aestuas
583 807 617 860 ut
604 800 821 876 tdefendas?
834 800 954 860 sinsin
977 818 1048 860 ren-

122 893 188 945 tum
210 904 259 944 me
283 885 465 963 disputasse.

205 968 319 1044 Primo,
344 968 408 1026 scio
431 973 463 1026 et
484 986 542 1046 ego
566 967 715 1046 optimum
739 984 796 1026 nos
818 965 933 1026 habere
947 965 1048 1026 Ponti·

123 1050 212 1111 ficem
235 1050 373 1110 Leonem
395 1049 554 1109 Decimum
585 1056 616 1108 et
643 1048 728 1110 velut
748 1049 909 1109 Danielem
938 1049 970 1107 iu
994 1047 1048 1108 Ba

123 1133 259 1213 bylone²
282 1138 316 1192 ut
345 1133 393 1190 cui
422 1152 478 1192 sua
499 1134 677 1192 innocentia
699 1133 782 1192 vitae
805 1132 976 1210 periculum
996 1131 1048 1191 aii-

125 1215 249 1294 quando
272 1215 394 1291 iecerit,
418 1214 471 1275 sed
494 1222 543 1290 tu,
566 1234 699 1293 quaeso,
724 1215 773 1274 die
794 1215 883 1292 mihi,
906 1216 975 1293 quis
996 1233 1048 1274 un-

123 1318 214 1378 quam
249 1305 309 1357 iam
346 1299 527 1358 innocenter·
554 1299 646 1375 vixit,
681 1304 715 1357 ut
740 1297 841 1357 nullus
874 1298 953 1357 alius
987 1316 1047 1357 non

123 1383 228 1459 inique
249 1379 360 1460 mode,
390 1381 445 1441 sed
474 1400 531 1440 nec
558 1381 737 1443 indecenter
767 1386 910 1460 operatus
939 1381 980 1441 sit
999 1385 1049 1441 eut

125 1463 257 1523 vixerit?
295 1463 408 1523 videris
446 1465 568 1537 (nescio
608 1464 696 1542 quid)
737 1464 902 1522 maximum
932 1463 1048 1523 adulari

126 1546 272 1622 voluisse,
295 1546 350 1605 sed
372 1548 451 1607 inter
473 1547 634 1606 dicendum
667 1553 698 1606 et
718 1546 813 1607 verba
836 1554 867 1607 et
888 1565 998 1607 seusus
1019 1552 1048 1606 te

125 1627 312 1690 deiecerunt.
355 1630 447 1689 Forte
476 1630 599 1689 voluisti
622 1628 743 1708 dicere,
772 1630 854 1708 quod
875 1629 941 1689 Leo
962 1629 1048 1690 Deoi-

126 1731 192 1771 mus
214 1711 246 1771 id
269 1713 347 1792 agit,
369 1718 403 1771 ut
423 1712 524 1771 nullus
546 1711 726 1774 indecenter
749 1713 845 1789 vivat,
875 1711 968 1790 quod.
982 1731 1048 1773 cunr

125 1793 245 1854 videres
281 1795 473 1874 impossibiie
499 1797 578 1854 iuter
607 1794 702 1855 verba
722 1801 821 1854 mutas
844 1814 984 1877 sensum,
1018 1799 1048 1854 et

127 1879 299 1937 orationem
321 1879 387 1937 sine
411 1897 502 1938 sensu
525 1879 681 1956 relinquis.

196 1959 353 2020 'Secundo
376 1960 426 2019 dio
448 1961 537 2037 mihi,
568 1962 634 2038 quis
656 1981 676 2020 a
697 1960 886 2040 disputatore
915 1978 1046 2038 unquam

127 2042 353 2121 expostulavit,
378 2051 410 2101 ut
438 2045 520 2120 prius
544 2023 791 2118 summoueret,
822 2047 930 2102 contra
958 2062 1046 2122 quem

126 2123 284 2204 disputat?
316 2124 378 2184 Cur
401 2127 492 2185 etiam
522 2133 552 2186 tu
586 2146 648 2186 non
690 2128 772 2205 prius
807 2144 857 2185 me
893 2125 1046 2202 monuisti,

101 2207 254 2285 ·quando
278 2214 324 2267 tot
345 2208 520 2269 nominibus
542 2210 701 2269 criminum
728 2228 778 2267 me
808 2206 935 2268 foedare
962 2227 1047 2288 para·

125 2288 201 2351 bas?
226 2289 287 2349 Gur
307 2290 445 2369 pontifex
468 2291 643 2351 indecretis
666 2292 728 2351 suis
750 2311 812 2351 non
826 2292 909 2370 prius
931 2297 1062 2366 monet·

126 2391 216 2450 quam
245 2374 351 2432 statuit
379 2381 487 2433 eontra
514 2373 641 2434 abusum
664 2373 882 2470 quaestorum?
921 2373 991 2453 Ego
1017 2374 1046 2432 in

129 2456 284 2516 communi
312 2455 479 2534 disputavi
507 2458 661 2518 neminem
691 2457 858 2518 nominavi
908 2455 971 2516 Si
963 2474 1046 2517 inuo-

127 2543 198 2597 ceut
199 2557 232 2597 es
254 2545 333 2614 suut,
357 2538 428 2615 quid
451 2548 616 2617 queruntur
638 2558 708 2601 sese
724 2539 828 2620 tangi?
850 2539 933 2618 Ergo
954 2556 1045 2600 nemo

126 2619 284 2716 praedicet
304 2622 508 2763 evaugtelium,
530 2624 603 2682 vitia
626 2642 717 2683 nemo
740 2631 845 2700 carpat
859 2623 889 2680 iu
914 2621 1046 2701 publice,

127 2703 185 2762 nisi
206 2704 289 2782 prius
312 2704 445 2763 ostiatim
469 2705 606 2784 singulos
620 2711 753 2766 moneat.
784 2705 856 2764 Mihi
872 2705 1045 2765 miraculum

130 2792 185 2861 est,
208 2805 263 2845 eos
283 2805 351 2844 esse
373 2787 519 2846 innocent
521 2808 603 2860 eae
587 2795 740 2848 ettamen
764 2790 839 2847 meis
861 2787 964 2849 verbis
986 2805 1045 2848 mo·

129 2869 201 2927 veri
251 2867 312 2929 Sed
336 2888 438 2928 verum
462 2878 509 2930 est
530 2871 603 2929 iilud
629 2871 689 2930 divi
711 2871 901 3013 Hieronymi,
925 2869 1045 2949 quando

128 2951 202 3010 vitia
224 2952 392 3011 communit
394 2972 426 3011 er
448 2949 623 3033 arguuntur,
647 2955 696 3032 qui
713 2954 862 3029 irascitur,
888 2959 1047 3013 accusator

128 3039 175 3093 est
194 3034 250 3092 sui
295 3033 438 3113 Denique
469 3036 625 3114 quomodo
653 3039 853 3096 monitionem
882 3055 984 3096 meam
1004 3054 1045 3096 re·

127 3116 293 3194 cepissent.
331 3119 381 3195 qui
415 3119 508 3178 etiam
538 3128 727 3198 tepatrouo
750 3137 846 3199 usque
867 3118 961 3179 hodie
984 3137 1045 3199 per·

127 3205 209 3258 stant
230 3199 432 3259 innocentes?
460 3200 546 3296 Noli,
580 3220 712 3278 quaeso,
736 3203 810 3262 mihi
833 3202 995 3278 mandare,
1017 3205 1047 3260 ut

126 3280 308 3341 innocentes
330 3301 484 3354 moneam,
506 3284 531 3342 si
554 3285 600 3343 vis
624 3292 736 3380 autem,
758 3293 791 3344 ut
812 3304 967 3358 moneam,
988 3287 1044 3344 iam

88 3412 93 3421 .
127 3363 188 3423 alio
211 3372 391 3424 accusatore
413 3386 475 3426 nou
501 3374 602 3445 egent
625 3370 696 3446 quia
717 3376 748 3426 tu
770 3388 810 3448 pa
812 3374 919 3428 tronus
942 3385 1044 3429 eorum

129 3455 277 3507 nocentes
300 3447 462 3508 confiteris

209 3529 328 3609 Tarde,
359 3531 440 3611 quod
469 3539 521 3591 aut
523 3552 570 3592 em
598 3532 676 3593 haec
704 3534 786 3594 facta
814 3534 875 3594 sint
902 3533 991 3608 (licet
1016 3539 1044 3592 tu

70 3666 73 3679 ,
127 3631 188 3671 nou
212 3612 337 3690 credas)
364 3616 449 3674 testis
474 3621 521 3674 est
543 3622 608 3675 tota
627 3623 716 3691 terra,
739 3623 834 3676 testes
846 3623 877 3676 et
889 3622 1043 3676 exstantes

126 3694 203 3758 iibri.
244 3695 302 3770 Qui
325 3703 427 3771 autem
450 3695 480 3756 id
501 3698 638 3777 fecerint,
660 3700 719 3778 ipsi
739 3698 879 3760 viderint.
