2356 4200
416 264 450 328 as
468 276 499 328 c.
518 274 590 328 mr.
610 256 779 330 nreerjsax.
981 274 1043 338 415

124 440 190 502 iicis
213 442 391 524 simpliciter
411 444 526 525 accipi,
548 463 610 505 non
632 442 737 505 habite
756 443 885 521 ratione,
908 460 948 502 au
970 458 1043 502 con-

124 526 259 586 sentient
279 544 347 586 cum
369 527 531 607 scripturis
553 540 659 592 necne.
1047 543 1049 547 ·

206 606 336 689 Vemnr‚
371 612 487 691 optime
509 610 671 752 Princeris²
702 609 858 690 permittet
885 606 1048 669 celsitudo

124 696 186 771 tue,
197 696 272 755 utet
283 711 342 775 ego
356 699 501 773 tanquam
514 710 617 754 ocrem
650 692 718 753 eico
729 692 809 755 hene
827 709 892 751 rem
906 696 1043 769 tractem,

124 772 155 832 id
194 781 256 853 est,
289 793 391 836 crasse
424 783 456 837 et
487 784 602 856 operte.
636 774 718 837 Volo
749 775 869 835 interim
904 772 1044 834 oblivisci

125 859 306 917 acerrimum
320 857 395 919 iilud
417 865 449 920 et
469 859 609 920 omnibus
627 858 812 918 doctissimis
840 872 963 937 quoque
983 856 1044 917 for·-

125 938 269 1000 midsbiie
290 941 452 1023 iudicium,
480 960 540 1021 quo
563 942 645 1002 Deus
672 941 831 1021 insignivit
851 958 927 1019 pree
948 940 1043 1000 omni-

123 1022 191 1100 bus,
213 1043 290 1103 quos
313 1032 418 1085 nostro
439 1025 515 1084 vidit
535 1032 631 1103 aetas,
653 1024 808 1105 ingenium
822 1022 970 1103 Principis
980 1020 1042 1098 ffl-

125 1103 228 1168 derici.
258 1106 336 1167 Dico
360 1109 463 1188 itaque
485 1104 553 1168 'non
576 1126 646 1168 csse
675 1124 775 1167 rerum
802 1111 894 1185 utque
917 1124 1043 1184 novum,

125 1186 296 1269 Scripturas
319 1199 440 1251 sanctes
463 1188 686 1253 ePontificibus
709 1188 936 1250 etDoctoribus
955 1184 1049 1248 senc:

125 1272 164 1330 tis
198 1270 293 1333 'inisse
335 1281 446 1353 tortos,
482 1279 513 1333 et
546 1275 577 1333 in
607 1272 739 1333 ciienum
768 1288 892 1332 sensum
926 1270 1049 1351 ductes·

125 1352 220 1434 quod,
242 1374 283 1414 ne
303 1355 519 1436 multisegsm,
543 1357 635 1416 etiem
657 1373 761 1416 cresso
779 1355 889 1434 cuique
911 1352 1043 1415 bubulco

125 1436 243 1497 elerum
264 1437 390 1518 faciam,
422 1456 482 1499 nno
514 1444 601 1499 extre
622 1439 813 1519 propositum
839 1444 890 1513 (ut
909 1441 1041 1514 vocent)
1093 1494 1095 1501 .

125 1520 272 1600 exemplo
292 1521 436 1583 adducto.

208 1602 289 1663 Dicit
309 1602 479 1665 Decretclis
512 1601 663 1684 quaedam
697 1602 737 1663 dc
759 1600 1042 1664 constitutionibus:

123 1683 288 1747 Tmnsloto
302 1686 486 1766 sacerdotio,
509 1704 637 1747 necesse
660 1693 716 1765 est,
738 1688 771 1746 ut
783 1685 861 1766 legis
877 1684 932 1746 flet
948 1694 1043 1745 trans-

125 1770 212 1829 latio.
233 1766 318 1830 Haec
340 1769 434 1830 verbs
456 1770 591 1850 apostoli
612 1775 683 1830 sunt
697 1766 923 1850 apudEbreeos
938 1787 1005 1849 cap.
1022 1771 1043 1832 7

125 1851 277 1927 docentis,
300 1853 469 1933 temporale
491 1851 698 1947 sacerdotium
719 1859 751 1912 et
770 1852 872 1933 legem
894 1850 1044 1931 abrogetc

126 1942 157 1994 ct
178 1932 264 1994 finita.
286 1934 470 1996 succedente
492 1943 618 1996 aeterno
632 1933 936 1995 secerdotiofihristi.
959 1932 1044 1995 Haec

125 2024 174 2078 est
200 2019 325 2099 proprie
361 2025 391 2079 ct
425 2019 561 2100 genuine
593 2019 746 2079 sententie
773 2016 936 2078 verborum
971 2034 1039 2097 opo·

127 2100 209 2161 stoli.
368 2146 371 2151 ,

209 2183 251 2243 At
271 2185 302 2243 in
324 2183 478 2244 Decretsli
502 2190 549 2245 cst
569 2182 629 2244 iste
650 2183 817 2259 sententie,
840 2181 1045 2243 secerdotium

128 2265 240 2326 Christi
263 2275 310 2327 cst
327 2266 507 2328 treneictum
518 2268 551 2326 in
564 2266 744 2343 S.,Petrum‚
768 2267 812 2325 eie
830 2267 911 2326 enim
923 2266 1048 2326 iuristec

127 2351 375 2428 interpretantur.
408 2349 482 2424 Quis
511 2368 574 2410 non
603 2349 687 2409 videt
708 2349 840 2410 alienam
869 2367 937 2409 esse
965 2348 1047 2409 hene

124 2430 371 2512 intelligentiam,
395 2439 426 2493 et
435 2450 560 2513 prorsus
571 2430 673 2511 telem,
697 2450 785 2511 quse,
808 2432 866 2492 nisi
888 2429 983 2492 multo
997 2451 1045 2491 su·
1074 2510 1078 2517 Ι

127 2515 204 2575 dore
227 2516 416 2588 moderetur,
453 2517 492 2575 sit
512 2512 694 2595 impiissima
717 2515 861 2580 omnium.
899 2515 1047 2594 Impiissi·

126 2592 210 2656 mum
232 2599 312 2667 enim
336 2606 390 2659 est.
404 2597 516 2678 dicere,
538 2597 742 2659 sacerdotium
752 2597 864 2658 Cin-isti
887 2603 1044 2658 aeternum

128 2698 199 2740 esse
220 2680 409 2759 translatum,
430 2681 462 2741 id
485 2687 542 2760 est,
560 2681 744 2762 *abrogatum
759 2679 929 2761 ctdnitum,
953 2685 984 2740 et
1004 2680 1053 2741 lea

126 2782 198 2843 gem
227 2764 291 2824 eius
320 2772 475 2824 aeternam
506 2783 576 2824 esse
597 2765 776 2845 abrogatam
803 2771 835 2823 et
856 2762 1044 2843 translatum,

127 2853 160 2907 ut
182 2845 287 2907 Petrus
309 2848 349 2907 sit
367 2847 511 2908 sacerdos
535 2852 566 2906 et
586 2846 745 2927 legislator
766 2853 871 2907 emoto
892 2845 1023 2921 Christe.

208 2928 290 2991 Nolo
311 2930 434 2990 Petrum
467 2940 519 2989 ent
540 2929 667 2990 Paulum
699 2928 812 2990 hebere
840 2927 1043 3001 sacerdotem,

128 3013 273 3092 quoniam
304 3018 335 3072 et
362 3012 429 3092 ipse
456 3018 602 3092 peccator
624 3019 686 3091 est,
714 3032 777 3073 non
805 3011 938 3089 hebens,
961 3012 1043 3092 quod

127 3112 229 3172 neque
250 3115 308 3175 pro
330 3114 381 3173 se,
404 3095 504 3173 neque
522 3094 604 3173 quod
627 3113 683 3175 pro
706 3115 755 3155 me
777 3093 895 3158 offeret.
938 3094 980 3155 Ut
1000 3095 1044 3155 in·

126 3178 215 3239 terim
229 3174 358 3257 taceem3
380 3176 462 3258 quod
483 3179 514 3237 in
537 3176 765 3238 solum'Petrnm
788 3177 1043 3239 eOhristotrcns·

125 3262 221 3320 latum
250 3260 374 3338 dicitur,
400 3262 486 3340 qussi
513 3262 607 3321 ceteri
634 3260 767 3341 apostoli
793 3260 863 3320 iaici
888 3278 1044 3322 remense·

124 3345 200 3421 rint,
237 3351 289 3404 eut
309 3362 329 3402 e
350 3344 380 3407 S.
402 3344 494 3406 Petro
522 3345 553 3403 in
574 3343 736 3424 apostolos
766 3342 897 3404 ordinati
921 3343 1042 3423 fuerint,

127 3425 250 3500 Quanto
272 3428 383 3487 rectius
406 3447 479 3508 ergo
500 3446 563 3487 non
585 3426 811 3505 secerdotium,
833 3425 888 3486 sed
909 3427 1044 3491 miriste'·

126 3511 204 3569 mum
225 3514 343 3570 tentum
366 3510 530 3571 sacerdotii
551 3511 713 3571 inPetrum
735 3510 869 3590 positum
890 3509 1042 3590 intellige·

126 3598 223 3669 retur,
252 3599 305 3653 ent
326 3591 388 3653 elic
411 3593 595 3672 quecunque
616 3612 718 3672 sensu,
740 3592 791 3672 qui
812 3591 954 3653 illaesum
975 3612 1043 3673 per·

125 3676 227 3736 mittet
247 3695 425 3756 germanum
446 3676 580 3756 apostoli
603 3696 735 3741 sensum.

208 3758 352 3839 Nunquid
379 3776 453 3840 ergo
482 3759 562 3822 mele
591 3758 679 3840 dico,
707 3760 734 3821 si
762 3760 793 3821 in
821 3758 931 3821 faciem
952 3757 1041 3819 huius
