2356 4200
182 281 261 359 ,Μ
466 326 469 331 -
508 284 643 339 Ιιηίιιω
660 282 811 339 Lnthsrus.

184 452 408 534 ,nmmogum
435 470 511 534 ergo
539 450 573 513 id
591 451 649 515 luit
667 451 865 515 hoereticum.
907 450 948 513 Et
969 451 1121 517 breviter:

196 534 322 599 Nullum
352 544 401 597 est
426 542 609 618 peccatum,
645 534 813 615 quemlibet
852 535 935 613 leve,
972 537 1049 614 quin
1085 539 1126 599 sit

76 634 80 641 ’
182 625 306 681 -oontrs
326 617 507 698 Scripturss.
547 617 622 681 Ideo
644 618 795 697 sequitur,
824 617 908 697 quod
929 625 1042 681 sutore
1060 618 1125 683 Ho-

196 708 313 771 strsten
343 708 425 764 totus
454 700 585 763 mundus
614 720 677 762 non
700 709 748 762 est
768 701 830 771 nisi¹
857 719 942 761 mers
972 701 1124 767 nmmo.

197 783 271 865 lpse
292 801 415 863 quoque
436 784 593 861 Ecclesia,
623 803 716 864 quum
742 784 810 845 sine
830 790 963 863 peccato
984 804 1052 846 non
1073 787 1125 865 rit,

198 873 247 929 est
266 866 432 929 haeretios.
472 867 605 929 Etcum
635 885 745 931 omnes
765 868 860 927 simus
891 866 982 943 moli,
1013 875 1126 930 contm

183 950 373 1030 scripturos,
395 969 500 1013 sumus
520 950 669 1012 haeretici
690 967 809 1027 omnes,
830 955 962 1029 excepto
985 951 1124 1017 unoHn·

184 1039 330 1111 streton,
352 1035 488 1112 quinon
511 1040 560 1094 cst
582 1033 660 1094 sicut
681 1033 775 1093 ceteri
796 1031 969 1110 hominurn,
1002 1040 1038 1097 nt
1059 1053 1124 1096 om·

199 1134 256 1179 nos
277 1114 373 1177 insist
392 1115 576 1192 haereticos,
598 1133 660 1195 qno
683 1115 774 1175 letius
796 1122 901 1195 petest
915 1116 1124 1195 inquisitionis

196 1198 274 1276 ¹eius,
295 1197 327 1258 id
349 1204 411 1274 est,
433 1198 552 1279 glorios
574 1205 607 1259 et
625 1199 702 1259 lucri
724 1198 932 1259 ministerium.
976 1197 1053 1274 Quis
1076 1208 1125 1261 ost

198 1280 382 1355 haereticus,
405 1283 430 1341 si
452 1286 484 1341 tu
507 1299 569 1342 non
592 1301 625 1342 es
642 1281 825 1359 haereticus,
846 1282 898 1360 qui
919 1282 1006 1343 iuxtn
1027 1281 1123 1345 sdmi·

199 1363 326 1425 rnbilem
348 1368 432 1424 tunm
444 1363 645 1425 Dialecticnm
668 1365 852 1444 praemissos
875 1370 973 1442 tenes,
996 1383 1037 1425 ox
1058 1366 1123 1446 qui-

199 1445 255 1507 bus
277 1445 435 1509 conclusio
458 1449 594 1508 omnium
616 1447 859 1509 heeren'cissimo
879 1448 1034 1525 sequitur,
1066 1450 1122 1509 sci·

199 1528 286 1604 licet,
314 1527 398 1607 qnod
419 1529 562 1592 Ecclesia
583 1537 631 1590 est
651 1529 818 1592 haeretica.
871 1529 950 1589 Dico
984 1549 1061 1612 ergo
1093 1538 1125 1593 et

199 1628 276 1693 ego,
305 1610 393 1691 'quod
419 1612 662 1693 pestilentiorem
685 1621 716 1673 et
737 1610 1123 1693 impudentioremheere

198 1692 292 1755 neum
315 1692 364 1757 sol
377 1695 536 1775 nonvidit,
559 1714 650 1775 quom
663 1695 814 1758 iacobum
825 1694 1002 1756 Hostrnten.
1025 1696 1124 1781 Surge

199 1793 284 1857 ergo,
307 1793 327 1837 o
349 1776 413 1847 Leo
435 1778 463 1838 X
484 1778 595 1839 Pastor
611 1779 786 1858 mitissime,
815 1778 923 1838 ethos
947 1778 1123 1855 hseretioos

196 1858 399 1939 inquisitores
422 1861 491 1921 eliis
505 1858 739 1941 Inquisitoribus
759 1860 887 1942 inquire.
931 1861 1002 1921 Jom
1025 1863 1124 1941 vides,

199 1958 261 2023 quo
284 1943 388 2004 snimo
409 1944 564 2023 inquirent
583 1944 775 2021 haereticos,
808 1953 839 2004 et
868 1952 898 2004 te
925 1945 1029 2024 ipsum
1053 1956 1123 2006 cutm

200 2032 271 2087 tott‘
286 2024 429 2086 Ecclesia
448 2024 635 2087 haereticum
656 2027 775 2088 secturi.

282 2107 392 2189 Arrige
413 2126 488 2190 ergo
521 2129 629 2189 sures,
662 2110 869 2171 ollostrsten
902 2110 1124 2191 infelicissime,

199 2191 250 2270 qui
272 2202 332 2252 nec
353 2190 427 2271 quid
449 2200 556 2252 contre
588 2193 639 2253 rel
688 2212 722 2254 ro
745 2192 900 2273 Scriptura
925 2194 966 2253 sit
987 2197 1072 2256 nosti
1094 2204 1125 2257 et

199 2290 268 2333 cum
290 2292 409 2334 summo
432 2272 587 2336 dedecore
597 2213 758 2337 Eccddsise
780 2275 944 2356 Inquisitor
960 2296 995 2336 es
1019 2278 1123 2339 heere

199 2356 338 2419 tinorum.
381 2357 510 2418 Docebo
539 2363 570 2419 te
596 2360 727 2439 primum
756 2357 1123 2439 entepmedienmentum,

200 2436 410 2500 definitionem
439 2439 558 2501 scilicet
578 2443 836 2520 aequivocorum,
870 2450 901 2501 et
923 2445 965 2501 tui
987 2442 1019 2504 S.
1042 2444 1123 2504 'Pho-

199 2539 269 2581 mne
289 2541 441 2582 cononem
464 2524 625 2585 usitatum:
657 2523 748 2600 Quod
780 2544 872 2585 omne
894 2524 1058 2607 multiplex
1080 2528 1123 2588 in·

200 2603 374 2665 distinctum
409 2606 488 2686 perit
527 2608 750 2669 confusionem.
804 2607 920 2669 Contra
956 2611 1123 2690 scriptur-es

200 2687 299 2767 primo
321 2696 369 2748 est
389 2687 537 2769 haeresis,
559 2688 671 2750 deinde
682 2689 810 2770 quilibet
826 2706 919 2769 error,
942 2698 1007 2751 tum
1030 2710 1123 2753 omne

197 2776 369 2850 peccatum,
393 2773 485 2831 etiem
507 2772 643 2851 veniale,
676 2781 707 2834 et
734 2774 861 2834 verbum
885 2775 1036 2852 otiosum,
1068 2775 1123 2836 sed

199 2858 231 2913 et
250 2853 319 2932 ipsc
338 2853 524 2915 inevitabilis
557 2855 673 2928 lomes,
705 2864 740 2916 nt
760 2856 932 2920 Romam?
960 2858 1122 2938 spostolus

199 2933 287 2996 dicit:
319 2953 354 2996 se
385 2946 546 3019 peceatum
575 2951 683 2999 contre
715 2938 815 3020 legem
843 2939 902 2999 Dei
940 2943 1056 3002 sentire
1091 2942 1121 3002 in

199 3017 344 3079 membris
378 3020 450 3080 suis.
500 3020 632 3082 Proinde
661 3023 686 3081 si
712 3022 894 3082 Pontificum
917 3023 1038 3084 Notarii
1074 3024 1122 3085 rel

198 3100 257 3180 ipsi
276 3100 358 3162 eliud
381 3102 453 3181 qnid
482 3105 651 3182 senserint,
683 3113 737 3165 out
769 3107 953 3185 scripturos,
988 3106 1124 3168 humens

197 3184 292 3325 possi,
313 3182 515 3264 distorserint,
538 3195 645 3247 contre
657 3185 827 3268 Scripturas
841 3189 964 3266 quidem
987 3192 1121 3271 sepiunt,

220 3267 342 3327 seretioi
365 3276 467 3329 tomen
491 3288 553 3329 non
576 3278 656 3330 sunt.
685 3271 750 3331 Nisi
767 3289 828 3350 quo
851 3272 945 3332 modo
969 3280 1002 3332 tu
1025 3274 1121 3334 velles

198 3366 269 3409 esse
291 3368 399 3410 omnes
413 3350 555 3412 homines
573 3353 755 3432 haereticos,
777 3353 896 3431 dolens,
919 3355 1001 3434 quod
1025 3357 1121 3418 homi·

199 3431 286 3491 cidiis
308 3431 611 3514 christianorumque
632 3439 783 3517 sauguine
803 3438 888 3517 pasci
911 3457 974 3499 non
997 3443 1121 3520 permit·

198 3514 281 3593 teris,
304 3521 337 3575 ut
357 3517 547 3599 permittam,
578 3519 661 3598 quod
684 3520 907 3599 quantumlibet
927 3522 968 3581 sit
990 3543 1120 3605 megum

199 3615 292 3674 error,
310 3616 374 3659 non
396 3606 444 3659 est
463 3599 648 3680 haereticus,
669 3603 727 3662 nisi
750 3605 947 3684 pertinaciter
965 3616 1121 3668 asseretur

198 3685 231 3739 et
258 3677 447 3743 defendetur.
497 3682 635 3759 Quorum
667 3693 828 3767 utrumque
857 3686 958 3747 ndhuc
984 3688 1119 3751 nlienum

68 3786 166 3936 N
197 3759 255 3821 fuit
275 3781 295 3822 o
315 3762 458 3826 Romsno
480 3764 638 3829 Pontifice.
686 3768 794 3850 Neque
825 3771 906 3831 enim
936 3791 1054 3853 magno
1075 3795 1119 3837 er·
