2356 4200
372 291 409 346 ds
428 290 531 347 virtuts
549 289 795 394 indulgentiarum.
990 287 1053 357 277

125 460 253 524 micum.
276 460 412 523 Verbum
435 461 518 521 enlm
541 459 630 522 dulce
652 460 745 521 trahit
764 460 967 539 voluntatem,
989 462 1052 523 imo

126 543 202 606 iacit
223 544 413 606 voluntatem
436 543 569 605 hominis
589 545 632 613 in.
643 542 806 606 Christum.
850 543 940 606 Unde
960 543 1053 606 §.Pa

124 633 191 688 trus
211 627 243 687 in
266 627 352 689 Urbe
370 627 472 706 pictus
494 627 631 706 piscator
656 625 743 686 dicit:

209 709 381 771 EcclesIam
405 727 461 789 pro
486 727 565 769 nave
587 727 679 788 gero,
703 708 775 769 mihi
798 708 921 769 climata
944 709 1051 773 mnndi

251 791 329 853 Sunt
351 810 446 872 mare,
469 792 639 872 scripturae
653 792 738 869 retia,
759 792 852 872 piscis
873 791 977 855 homo.

401 917 624 981 Conclusio
646 917 773 981 LXVI.

208 1044 355 1109 Tbesauri
375 1046 633 1128 indulgentiarum
647 1047 724 1108 retia
743 1053 823 1126 sunt,
847 1042 956 1126 quibus
971 1065 1053 1109 nunc

125 1131 293 1212 piscantur·
308 1129 429 1190 dIvItias
452 1131 595 1192 virorum.

209 1212 298 1279 Hanc
319 1221 394 1294 puto
419 1233 459 1274 ex
481 1211 570 1274 dictis
583 1213 708 1290 claram,
730 1213 802 1292 quia
823 1230 879 1293 per
899 1210 1079 1275 remissio-²

124 1315 181 1359 nes
208 1313 379 1377 poenarum
412 1294 511 1373 homo,
536 1314 599 1367 non
621 1293 656 1356 Iit
682 1295 809 1375 mellor,
837 1313 898 1357 nec
925 1294 1053 1373 trahitur

123 1379 196 1461 plus
218 1377 257 1440 ad
281 1379 380 1440 Deum
411 1376 489 1448 (hoc
517 1378 598 1439 enim
627 1378 696 1441 solo
727 1377 821 1440 verbo
845 1376 958 1438 Christi
986 1375 1051 1457 Iit),

125 1480 197 1537 cum
219 1462 280 1527 sint
302 1460 396 1543 uerba
417 1460 552 1521 hominis
575 1459 676 1522 danus
698 1460 853 1522 licentiam
875 1459 916 1523 ad
930 1457 1051 1533 relaxa·

125 1545 244 1607 donem
272 1544 370 1625 magis
405 1536 496 1622 quam
519 1544 670 1623 capientis
694 1550 725 1604 et
745 1542 890 1625 ligantis,
918 1541 1051 1625 quodsi

125 1624 243 1709 aliquid
264 1628 399 1707 capiunt,
418 1631 502 1689 certe
523 1625 599 1686 nihil
612 1626 670 1686 nisi
678 1627 842 1706 pecunias,
855 1644 926 1688 non
947 1626 1050 1689 aulem

125 1711 246 1778 animas
268 1710 402 1790 capiunt.
425 1706 495 1771 Non
519 1707 602 1788 quod
623 1707 766 1770 damnem
787 1706 869 1773 istud
891 1708 1048 1790 negotium

124 1790 324 1875 pecuniarum
336 1790 638 1873 conuibuendarum,
660 1791 722 1853 imo
746 1811 815 1863 meo
837 1788 951 1853 iudicio
968 1790 1051 1853 uide·

125 1882 174 1937 tur
194 1875 255 1939 Dei
276 1872 470 1956 providentie
491 1873 523 1936 id
551 1893 658 1936 curare
683 1875 713 1934 in
744 1874 804 1935 isto
834 1874 980 1956 negotio,
1010 1870 1052 1952 ut,

125 1977 196 2022 cum
218 1959 270 2035 sit¹
283 1957 464 2020 vilissimum
493 1959 572 2019 inter
593 1957 677 2018 dona
707 1964 739 2017 et
760 1954 865 2018 officia
887 1955 1051 2033 ecelesiae,

126 2060 186 2103 nec
206 2039 331 2122 dignum
354 2039 385 2100 in
415 2041 516 2100 futura
536 2041 600 2100 vita
627 2041 768 2101 annonari
793 2041 842 2116 ¹),
879 2037 988 2101 saltem
1018 2039 1050 2099 in

125 2125 186 2186 hac
213 2124 276 2185 vite
304 2122 354 2184 vel
383 2122 507 2184 modice
528 2124 659 2203 pecunia
684 2127 878 2201 remuneret,
911 2127 944 2181 ut
972 2119 1052 2183 nihil

126 2212 252 2268 maneat
272 2207 541 2284 irremuneratum,
573 2224 757 2290 quemquam
788 2204 861 2266 olim
879 2202 976 2285 gratis
998 2201 1051 2265 fle-

125 2289 203 2351 bant
223 2287 442 2350 relaxationes.
542 2350 546 2355 ,
960 2319 963 2324 ·

392 2421 614 2484 Conclusio
644 2421 788 2486 LXVII.

176 2601 179 2608 .
210 2551 440 2633 Indulgentiae,
477 2570 553 2630 quas
581 2550 818 2612 concionatores
845 2549 1053 2613 vociferantur

127 2634 279 2697 maximas
310 2636 446 2716 gratias,
480 2633 691 2716 intelliguntur
726 2653 798 2694 vere
836 2632 913 2694 tales
949 2630 1052 2711 quoad

126 2723 288 2798 quaestum
309 2717 565 2798 promovendum.
939 2762 942 2767 .

210 2799 261 2861 Sic
286 2801 368 2861 enim
390 2800 483 2861 audet
502 2799 604 2862 audax
623 2797 807 2880 ignorantia,
829 2796 1050 2865 utmexImum

127 2890 230 2959 vocet,
253 2883 335 2963 qnod
349 2883 380 2960 ²)
405 2883 563 2944 minimum
586 2888 643 2959 est,
667 2889 699 2942 et
717 2879 898 2958 relinquitur
911 2884 973 2940 tum
996 2896 1051 2958 po·

126 2965 202 3047 pulo
224 2964 370 3026 indicium
399 2973 430 3025 et
450 2965 580 3026 facultas
601 2970 685 3025 recte
706 2960 914 3042 intsIIIgendi,
943 2967 976 3021 ut
1006 2980 1051 3023 er·
1088 3027 1092 3033 ,

127 3068 200 3111 rans
228 3048 335 3110 credet
355 3049 412 3110 Dei
439 3048 570 3128 gratiam
591 3045 642 3107 hic
664 3045 738 3107 dari.
775 3044 838 3124 Ipsi
872 3045 952 3105 enim
985 3062 1048 3105 non

128 3138 309 3213 exponunt,
331 3151 371 3193 ne
394 3130 451 3192 sibi
473 3131 555 3211 ipsis.
569 3128 781 3190 contradicere
802 3133 966 3208 cogantur,
996 3131 1052 3187 aut
1137 3151 1138 3154 ¹

126 3214 293 3276 mendaces
304 3213 506 3284 inveniantur,
519 3211 600 3293 quod
611 3231 736 3292 parvum
749 3208 882 3271 dixerint
894 3227 1048 3288 magnum.

383 3340 600 3403 Conclusio
636 3337 801 3400 LXVIII.

213 3467 291 3530 Sunt
311 3487 420 3529 revera
441 3468 585 3529 mInimae
607 3466 645 3528 ad
668 3466 797 3548 gratiam
821 3463 877 3525 Dei
901 3469 931 3523 et
953 3461 1051 3522 crucis

127 3553 276 3634 pietatem
301 3557 509 3631 comparatae.

186 3704 216 3774 l)
237 3705 269 3759 ln
299 3705 343 3760 ed.
368 3696 468 3773 princ':
488 3703 590 3756 conari.
629 3702 661 3770 3)
683 3700 712 3754 In
732 3697 775 3754 ed.
794 3699 871 3754 Iam:
891 3696 966 3767 quid.
