2356 4200
340 280 436 334 Brevis
450 283 581 361 ¹parratio
599 279 634 334 ds
653 281 684 334 C.
702 280 819 367 lllltitio.
986 278 1048 345 451

122 465 186 508 usa
206 448 236 508 ri
259 450 436 529 opprimere
456 450 494 511 D.
516 450 679 524 Martinam
699 447 863 509 liutherum
885 449 976 512 rebus
997 469 1050 511 ne·

128 548 189 609 que
211 533 345 612 cognitis
367 552 468 613 neque
489 532 640 594 iudicatis.

209 613 282 675 ldec
304 615 367 676 Leo
383 616 421 679 X.
445 622 574 677 conatus
603 621 651 676 est
679 615 911 695 quibuscunque
940 615 1050 678 officiis

124 703 159 757 et
179 698 300 757 nunciis
323 701 424 759 missis
450 699 622 760 accendere
650 698 768 758 Ducem
796 698 980 758 Fridericum
1008 699 1049 760 ad

126 781 288 858 asperiora
307 782 446 843 consilia.
477 781 684 860 Exhibitaque
704 781 789 842 Rosa
812 781 940 842 Carolus
962 782 1050 844 Milu-

125 863 188 924 tius
217 864 359 942 querelas
391 872 426 926 at
451 865 598 926 mandata
623 863 794 925 LeonisX.
823 867 985 944 exposuit
1019 872 1051 926 et

126 945 304 1025 deploravit
328 947 506 1012 discordiae
526 949 617 1009 initia
641 955 672 1008 st
694 949 812 1008 semina
844 949 875 1007 in
909 948 1050 1028 ecclesio,

127 1037 161 1103 β
181 1037 289 1109 aperta
310 1026 465 1112 eulpam
456 1051 487 1090 ιιι
503 1031 540 1091 D.
551 1030 950 1110 MartinumLutherum,t
918 1039 950 1090 et
970 1038 1050 1104 tecte

120 1115 160 1173 iu
179 1112 297 1172 Ducem
319 1113 476 1174 daxouiae
497 1114 683 1175 Eridarioum
706 1113 909 1192 eontulit,t
878 1122 909 1174 et
929 1115 1049 1195 magnis

126 1194 387 1257 obtestationibus
409 1199 528 1277 petivit,
549 1205 582 1258 ut
569 1197 640 1259 tD.
663 1197 810 1258 Martinus
825 1196 974 1257 Lutherus
996 1216 1050 1277 op-

86 1272 90 1285 '
126 1278 316 1358 primeratur.
344 1280 431 1340 Haeo
451 1299 557 1359 ‘saepe
585 1280 707 1340 rediens
736 1279 775 1340 ad
798 1279 899 1340 sulam
921 1279 1050 1341 Carolus

126 1361 264 1422 Miltitius
286 1361 393 1422 sedulo
410 1361 536 1442 'agebat

209 1443 287 1503 Cum
308 1452 411 1506 autem
425 1444 645 1506 deliberaretur
666 1445 705 1505 de
723 1448 926 1525 responsione
948 1444 1050 1506 danda
1104 1482 1113 1499 κ

127 1527 241 1588 Carolo
257 1526 389 1606 Miltitio,
411 1528 596 1588 reverendus
618 1528 655 1588 D.
678 1529 825 1591 Martinus
847 1528 996 1589 Lntherus
1017 1529 1049 1589 in

127 1609 254 1671 aedibus
276 1610 313 1673 D.
331 1609 459 1690 Georgii
474 1609 827 1690 SpalatiniAldeuburgi
848 1611 927 1671 haec
948 1611 1050 1691 capita

128 1694 340 1773 responsionis
362 1695 530 1754 annotavit.

210 1777 321 1852 Primo,
344 1777 531 1856 arguendum
553 1795 622 1836 esse
643 1796 795 1836 summum
805 1775 996 1855 Pontificem,
1019 1784 1050 1837 et

125 1861 157 1920 in
179 1858 262 1919 hunc
282 1858 382 1921 solum
403 1866 500 1920 totam
535 1866 567 1922 et
588 1879 737 1929 summam
751 1859 976 1940 congerendam
1000 1877 1049 1921 ac-

126 1943 333 2020 cusationem,
363 1948 394 2002 et
416 1943 520 2003 omnia
533 1949 721 2022 argumenta
746 1951 892 2020 (quornm
916 1942 1049 2022 quinque

126 2031 329 2086 annotaverat
340 2024 468 2086 Carolus
486 2025 642 2085 Miltitius:
666 2028 693 2088 1.
717 2023 868 2097 Populum
890 2025 1049 2086 seductum

127 2109 159 2167 in
182 2109 329 2187 opinione
351 2107 627 2188 indulgentiarum,
657 2111 684 2170 2.
707 2107 871 2167 Lutherum
891 2106 981 2167 huius
1003 2127 1049 2168 se-

127 2189 281 2251 duetionis
304 2197 453 2267 autorem,
476 2191 504 2254 3.
526 2191 701 2252 iohannem
723 2189 830 2250 Tetzel
852 2193 1048 2251 occasionem

126 2271 249 2334 dedisse
269 2273 413 2349 Luthero,
434 2277 463 2336 4.
486 2273 675 2353 Episcopum
685 2273 982 2354 Magdeburgensem
995 2273 1049 2335 im-

125 2356 240 2436 pulisse
261 2356 435 2416 iohannem
456 2355 562 2417 Tetzel
589 2356 628 2416 ad
657 2374 735 2436 opus
764 2356 865 2416 studio
897 2364 1051 2436 quaestus,

126 2442 155 2502 5
165 2439 458 2501 dohaunemTetuel
480 2441 653 2500 excessisse
675 2438 800 2499 modum
822 2441 959 2518 impositi
976 2457 1050 2519 ope·

125 2523 196 2597 ris)
232 2522 309 2581 Nam
332 2523 382 2582 hie
403 2541 460 2604 pre
484 2521 587 2583 efficio
621 2541 676 2583 sno
699 2521 847 2582 debuerat
878 2521 927 2582 vel
950 2523 1051 2601 probi·

124 2603 199 2666 bere
219 2605 409 2685 Episcopum
429 2604 736 2701 Magdebnrgensem,
758 2624 798 2664 ne
820 2611 867 2664 tot
889 2606 1048 2701 episcopa·

125 2695 173 2747 tus
195 2688 325 2748 ambiret
313 2694 439 2768 turus,
469 2695 522 2748 aut
543 2697 626 2749 certe
647 2689 741 2784 gratis
767 2689 864 2765 (sicut
886 2689 1007 2767 accepit
1029 2709 1048 2748 a

124 2769 276 2849 Domino)
313 2772 342 2831 ei
375 2735 525 2832 cou’ferre.
558 2771 647 2831 Nunc
675 2771 746 2850 quia
780 2777 811 2830 et
844 2771 1044 2832 ambitionem

124 2852 205 2912 illins
227 2853 322 2931 aluit,
352 2859 384 2914 et
405 2873 491 2914 suam
515 2856 674 2914 avaritiam
697 2853 833 2932 explevit
854 2860 901 2914 tot
922 2853 1045 2916 milibus

125 2953 179 3014 pro
192 2934 295 2996 Palliis
318 2940 349 2996 et
370 2925 847 3015 dispensatione,'necessitatem
879 2935 952 2997 feeit
976 2935 1047 3015 Epi·

124 3035 223 3115 scopo
243 3020 391 3099 pecunias
412 3021 472 3079 isto
505 3019 599 3080 modo
621 3018 789 3098 quaerendi
818 3025 849 3079 at
868 3037 926 3098 pro
949 3019 1047 3079 indul

124 3102 235 3182 gentiis
258 3101 407 3182 populum
428 3100 542 3161 Christi
564 3101 743 3162 foedissime
766 3100 961 3182 deglubendi
994 3101 1048 3162 At·
1112 3126 1120 3137 ·

123 3200 183 3262 que
203 3185 234 3243 in
256 3185 346 3245 hoc
339 3203 438 3264 ipsum
460 3185 520 3244 iam
543 3185 633 3245 tertia
665 3184 755 3264 eulpa
784 3202 919 3244 summus
942 3183 1046 3246 Ponti·

122 3266 176 3326 lex
198 3267 297 3328 eidem
317 3268 484 3328 conscrisit.
1005 3291 1012 3308 ·

205 3349 255 3408 Ex
280 3351 341 3410 ista
367 3358 470 3411 antem
496 3350 682 3410 necessitate
714 3349 888 3429 Episcopus
916 3356 1044 3410 coactus

123 3439 172 3492 est
193 3451 262 3493 eum
283 3432 439 3494 bominem
461 3451 628 3513 quaerere,
651 3433 702 3511 qui
717 3433 922 3511 ,pecuniarum
944 3450 1043 3494 corrn-

123 3515 294 3576 dendarum
316 3522 347 3575 et
367 3516 552 3596 populorum
566 3513 832 3594 deglubeudorum
853 3534 909 3594 per
930 3515 1044 3576 multos

123 3617 221 3660 annos
243 3599 514 3659 exercitatissimus
537 3607 619 3658 esset
640 3597 760 3676 artilex,
785 3604 878 3676 atque
900 3597 939 3657 ad
960 3597 1044 3658 aliud

122 3682 197 3742 nihil
219 3681 311 3746 utilis.
332 3679 390 3740 Hic
412 3682 545 3760 tandem,
568 3687 654 3741 utet
676 3682 828 3761 episeopo
847 3681 879 3740 in
901 3688 976 3742 vota
995 3699 1043 3742 re·

123 3763 306 3845 sponderet,
328 3783 384 3825 sua
405 3782 529 3844 quoque
551 3765 673 3825 iuterim
693 3762 891 3825 nibilominus
915 3770 1045 3843 curaret,

767 3879 834 3945 29*
