2356 4200
134 263 176 331 98
455 265 605 320 Sermones
628 265 739 320 botheri

131 438 199 517 ipae
222 435 521 517 enim-praedicatur
541 437 631 499 nobis
653 437 685 496 in
707 436 919 496 remissionem
941 450 1051 514 pecca·

130 527 240 580 torum.
277 517 318 578 Et
339 519 481 598 equidem
503 518 651 580 habemus
674 517 863 579 beneficium»
878 518 1052 578 inaestima·

130 601 201 680 bile,
226 600 309 681 q'uod
331 604 410 663 siout
431 601 568 663 Christus
590 621 645 682 per
665 602 842 681 passionem
855 603 944 661 ricto
958 601 1053 662 leona

15 742 16 747 ,
129 685 255 745 intravit
273 685 447 765 ingloriam
462 692 495 745 et
516 685 554 745 de
576 685 759 745 comedente
780 685 886 745 faetus·
901 689 948 744 est
967 684 1052 745 aibas

130 786 288 849 egressus,
324 770 366 828 ita
388 774 420 829 et
440 767 530 828 uobis
552 769 654 829 omnis
675 769 849 847 persecutio
878 773 925 827 est
957 765 1051 845 utilior

103 907 109 915 .
130 861 167 911 et
183 850 236 930 qui
259 869 316 910 nos
339 850 469 911 devorat
489 857 521 911 et
543 850 686 924 comedit,
708 852 734 910 si
748 852 886 911 -vivimus
903 869 962 930 per
980 867 1051 929 pao·

130 939 242 1012 catum,
278 933 469 1014 egrediemur
496 940 528 994 et
553 952 611 994 nos
642 935 729 994 vieto·
754 934 846 994 leone
879 940 911 994 et
937 934 1051 993 erimus

129 1017 216 1077 favus
239 1017 337 1076 mellis
359 1017 427 1078 Deo
450 1023 482 1077 et
502 1017 631 1098 angelis,
661 1018 733 1095 quia
755 1018 855 1077 omnia
876 1016 1051 1096 mosontio

129 1105 275 1179 operatur
300 1101 331 1158 in
361 1100 450 1162 nobis
478 1099 724 1160 consolationem
755 1106 789 1160 ut
814 1101 844 1159 in
871 1099 996 1160 Psalmo
1014 1100 1052 1160 dr

128 1180 163 1241 ln
186 1179 384 1243 tribulatione
405 1181 540 1243 dilatasti
562 1183 645 1260 mihi,
669 1190 701 1243 et
721 1183 769 1243 Pa.
792 1185 845 1246 93:
875 1181 937 1242 sed·
951 1181 1052 1242 mallii
1074 1176 1081 1188 '

129 1265 264 1324 tudinem
294 1263 436 1325 dolorum
457 1283 596 1328 meorum
618 1267 649 1324 in
672 1265 766 1326 corde
783 1284 857 1326 meo
879 1271 937 1326 etc.
965 1263 1051 1344 Ergo'

129 1349 154 1407 si
177 1347 312 1408 delectat
336 1353 368 1407 te
396 1347 484 1409 savus
511 1347 628 1425 mellis,
665 1367 729 1408 non
756 1350 868 1408 terreat
889 1366 925 1408 os
948 1365 1051 1408 come

129 1429 239 1510 dentis,
261 1436 379 1491 tontum
402 1437 459 1510 est,
482 1439 516 1493 ut
539 1430 664 1491 occidas
685 1431 819 1510 leonem,
848 1429 932 1510 quod
953 1429 1051 1491 fades

120 1531 184 1593 per
221 1514 411 1594 patientiam.
463 1514 515 1575 Sic
548 1515 683 1574 nascitur
718 1513 863 1596 gaudium
892 1513 1051 1577 detristi

128 1596 180 1676 tia,
202 1616 264 1677 pax
285 1598 495 1658 conscientiae
514 1597 553 1657 de
569 1599 784 1677 persecutione
800 1598 949 1679 corporis,
971 1597 1052 1657 siout

127 1681 209 1741 enim
226 1681 335 1742 merita
356 1687 497 1741 crescunt
516 1681 546 1739 in
564 1679 771 1760 tribulatione,
791 1682 835 1740 ita
848 1687 880 1740 at
894 1679 1051 1761 gaudiana

126 1762 283 1824 Moraliter
304 1769 406 1824 autem
428 1763 469 1824 de
491 1763 675 1825 comedente
703 1765 768 1824 exit
794 1764 896 1842 cibus,
925 1761 1050 1842 quaudo

127 1845 223 1906 homo
240 1863 415 1907 conversus
436 1854 468 1907 et
488 1852 625 1908 mortuus
643 1848 794 1927 peccato,
827 1847 878 1925 qui
906 1845 1051 1908 comede.

124 1927 179 1989 bat
207 1936 360 2008 stercora,
394 1930 456 1990 iam
478 1931 545 2010 ipse
567 1929 634 1990 aliis
664 1930 815 1993 ministrat
842 1928 943 1991 cibum
964 1928 1052 1990 naabi

8 2043 10 2046 ⁴
124 2010 193 2073 Dei.
237 2010 297 2087 Qui
322 2013 403 2072 enim
428 2014 504 2074 vivit
524 2013 556 2072 iu
578 2015 729 2093 peccatis,
758 2011 894 2074 comedit
915 2011 1052 2072 carnalia

126 2102 157 2155 et
179 2095 256 2157 bibit
276 2097 358 2156 siout
378 2114 490 2175 aquam
511 2097 713 2176 iniquitatem,
736 2095 791 2157 sed
812 2096 933 2156 occisus
957 2096 1052 2165 etiarn

125 2178 204 2239 alios
225 2179 334 2259 pascit.
380 2179 431 2240 Sic
457 2186 583 2240 sanctus
611 2179 740 2258 Paulus,
770 2180 814 2239 sic
841 2179 1052 2252 sanctuarios,

124 2262 273 2342 guntinus,
296 2262 422 2324 sicPsa
444 2268 479 2328 5:
502 2261 629 2325 Docebo
652 2263 774 2342 iniquos
795 2263 861 2322 vias
882 2268 960 2341 tuas,
983 2279 1053 2320 oum

124 2346 292 2426 praemisit,
318 2345 414 2407 redde
435 2346 583 2406 laetitiam
605 2346 679 2405 mihi
701 2346 842 2406 salutaris
863 2345 916 2407 t.ui
961 2343 1053 2404 Alios

126 2427 261 2489 erudiam
282 2436 315 2490 et
337 2428 452 2492 dabof
449 2448 543 2490 avum
563 2429 674 2510 mellis
696 2430 775 2489 sicut
794 2430 878 2509 prius
895 2445 958 2524 ego
972 2432 1052 2488 mors¹

124 2518 194 2572 tuus
215 2513 302 2574 luero
322 2514 470 2593 peccatis
490 2514 536 2572 sic
556 2520 588 2572 et
607 2530 674 2591 vos,
697 2514 723 2571 si
748 2512 923 2572 surrexistis
942 2527 1051 2572 secun·

71 2640 75 2646 ,
125 2595 196 2655 dum
210 2595 367 2657 hominem
388 2614 504 2658 novum
526 2601 558 2655 et
578 2596 689 2656 mortui
713 2597 788 2661 estis
809 2592 981 2655 secuudum
998 2611 1052 2657 vc*

123 2685 230 2759 terem,
251 2686 345 2740 exeat
366 2679 406 2741 de
427 2679 516 2741 vobis
538 2678 678 2741 cibuet
646 2685 678 2739 et
698 2678 886 2756 dulcedo,e
868 2677 1052 2807 etamplius

125 2781 186 2824 non
210 2762 382 2825 comedatis
402 2762 533 2843 putrida.
1049 2784 1053 2807 ι

359 3032 366 3059 f
501 2925 723 3018 Sermo·
795 2996 797 3001 ,

294 3067 331 3127 iu
359 3065 419 3126 die
446 3065 704 3141 visitationis
735 3063 877 3126 Mariae

393 3189 476 3231 anno
500 3170 778 3248 loto-habitum
846 3226 850 3235 s

206 3276 387 3358 Exsurgens
409 3276 505 3337 Maria
532 3275 640 3336 abiit
631 3296 663 3336 ιιι
689 3281 848 3337 montana.
891 3274 1050 3335 Doctrina.

124 3358 259 3435 Quaevis
301 3366 392 3421 acute
430 3360 507 3421 vidit
541 3365 648 3421 sancta
616 3358 847 3421 tElisabeth
898 3358 1049 3439 virginem

123 3443 250 3504 Mariam
269 3461 340 3504 esse
362 3450 491 3562 matrem
513 3443 582 3522 Dei,
601 3444 719 3557 acutius
735 3449 839 3504 temen
859 3442 946 3523 virgo
963 3438 1050 3518 vidit,

182 3607 286 3677 lilio
308 3614 336 3662 et
362 3611 409 3678 qui
436 3573 590 3678 sequuntur
620 3620 764 3661 sermones
790 3608 912 3660 minor-es
938 3604 979 3656 nil
997 3605 1051 3657 nisi

123 3681 244 3735 exordia
262 3680 374 3734 fuerunt
391 3684 564 3746 concionum,
586 3681 686 3748 quibus
703 3679 838 3732 Lutherus
856 3675 953 3731 dacem
972 3690 1054 3744 prse-

123 3757 203 3822 capts
220 3752 325 3823 populo
336 3753 580 3824 Wittembargensi
591 3751 779 3808 diebusfastis
792 3765 825 3804 ac
836 3746 993 3811 dominicis:
990 3763 1054 3807 ox
