2356 4200
123 273 188 341 418
373 273 498 343 Epistola
514 273 551 335 D.
567 273 678 333 imbri
696 273 808 330 tntum

125 445 312 524 advenerat,
335 442 610 525 praesentibusque
631 448 765 524 quatuor
784 440 958 523 insignibus
979 440 1046 507 viris

125 524 298 601 Caesareae
320 526 488 591 Maiestatis
520 525 715 593 senatoribus
744 526 836 606 eeepi
857 542 967 591 earam
990 521 1045 585 ria

124 613 226 690 tario,
249 629 341 689 quem
363 608 570 689 adduxeram,
591 609 773 690 protestari,
798 627 855 671 rne
875 606 954 673 nihil
973 605 1047 671 velle

126 691 456 767 disereautdieturum
476 711 547 753 esse
569 710 714 772 unquam,
733 691 816 773 quod
834 699 947 755 eontra
967 707 1048 755 saue

121 786 176 849 tae
199 776 351 839 enormius
372 775 533 838 Romanae
555 774 730 841 donuinam
762 780 869 854 esset,
899 780 1048 855 parabim-

126 879 186 941 que
208 878 276 920 esse
297 859 402 921 dueeri
425 878 462 919 ee
484 857 563 935 duei,
586 857 684 921 sicubi
704 877 868 936 errassem,
888 856 1049 923 suhiieiur

126 961 196 1011 mea
216 943 299 1007 dieta
320 961 440 1007 summo
462 939 614 1021 Pontifici,
636 941 750 1007 dende
771 947 905 1022 quatuor
926 939 1049 1006 Unim-

126 1024 275 1105 sitatibus,
289 1025 461 1104 Besiliensi,
473 1024 680 1108 Friburgensi,
692 1024 893 1102 Lovauienai,
915 1021 1049 1099 tandem,

83 1157 86 1161 .
126 1110 151 1174 si
172 1109 233 1173 hoa
254 1127 318 1170 non
344 1115 428 1171 esset
454 1108 546 1186 satis,
581 1109 673 1171 etiam
702 1108 762 1188 ipsi
789 1107 914 1189 parenti
942 1105 1051 1171 sudis

125 1211 202 1335 Eum,
220 1191 395 1270 Parisiensi,
417 1196 451 1251 ut
471 1189 621 1253 schedula
640 1191 875 1272 protestationis
897 1207 992 1255 meae
1009 1189 1051 1251 ia·

148 1277 218 1338 ieet.
864 1301 890 1337 ¹.

207 1356 266 1425 llic
287 1359 395 1418 iterum
417 1355 521 1417 ridens
543 1376 644 1417 meum
666 1357 728 1417 boe
750 1355 915 1419 eonsilium
951 1354 1053 1434 euapit

126 1459 268 1517 manere,
301 1446 334 1499 ut
355 1438 395 1499 ad
418 1458 472 1499 aar
492 1439 623 1500 redirem
657 1441 880 1518 veritatemque
902 1455 1050 1521 agnam

125 1542 200 1601 rem,
225 1522 304 1583 velle
327 1541 397 1583 sese
411 1541 529 1583 rursum
552 1542 602 1583 rna
623 1522 824 1585 reconciliare
846 1521 1002 1587 eeclesiae
1023 1528 1053 1580 et

127 1624 246 1668 summe
267 1604 424 1684 Pantiflai,
454 1613 487 1667 et
505 1604 553 1667 his
577 1605 704 1684 similia,
730 1605 817 1684 quasi
839 1605 901 1666 iam
924 1604 1052 1669 haereti·

127 1708 191 1768 eus,
213 1695 358 1769 apostata
379 1695 412 1749 et
432 1695 521 1749 extre
543 1688 707 1753 ecelesiam
743 1707 845 1749 essem
866 1686 1053 1750 deelaratua

127 1770 189 1833 Sed
217 1791 286 1833 aum
315 1789 459 1852 agonen
482 1771 603 1850 verbis,
642 1771 698 1833 sed
720 1773 843 1853 seriptis
862 1767 1068 1851 respbndare·

124 1855 352 1934 munitiorem,
377 1860 408 1915 et
428 1860 581 1935 peterem,
609 1856 683 1915 satis
706 1855 801 1917 tuisse
821 1872 947 1919 meeum
970 1859 1053 1919 eata

125 1938 199 2011 riori
220 1937 271 1999 die
287 1936 504 2020 digladiatam:
526 1937 588 2000 boe
599 1938 736 2015 verbum,
749 1937 964 2018 digladiatam,
976 1955 1054 2001 meu

126 2019 212 2092 dieue
232 2019 451 2101 apprehendit,
480 2027 512 2081 at
536 2020 657 2100 ridens,
682 2020 740 2083 Fili
771 2021 830 2100 mi,
852 2021 971 2100 inquit,
992 2037 1054 2083 nun

126 2123 195 2170 sum
216 2111 317 2165 tenum
340 2102 542 2185 digladiatus,
575 2122 634 2164 nae
654 2103 728 2166 vola
751 2109 853 2164 teeum
881 2102 1053 2185 digladiari,

128 2186 185 2251 sad
206 2205 356 2265 monere,
379 2193 410 2246 et
429 2188 540 2247 intuitu
562 2187 756 2249 illustrissimi
777 2187 931 2267 Prineipis
951 2184 1054 2255 Fride

128 2271 184 2330 risi
205 2277 333 2350 paterne
368 2289 405 2329 aa
435 2269 569 2350 benigne
589 2269 704 2331 audire.
736 2269 806 2331 Hae
835 2277 884 2331 est
914 2269 968 2350 (ut
995 2287 1053 2351 ega

127 2355 262 2434 cogebar
283 2352 472 2432 intelligere)
508 2352 548 2412 ad
575 2353 650 2413 nibil
671 2353 755 2413 aliud
777 2372 868 2433 quarn
890 2351 934 2415 ad
955 2352 1054 2431 Bere

96 2501 97 2504 Ἴ
127 2439 280 2497 nationem
317 2455 435 2515 urgere.
471 2435 635 2516 Dispb'euit
670 2436 752 2497 enim
786 2435 897 2497 merito
926 2435 1055 2497 stultitia

128 2538 209 2598 mea,
231 2518 313 2599 quod
335 2537 392 2598 pro
416 2518 572 2598 disputare
594 2519 644 2580 vel
667 2519 856 2580 eontendere
877 2518 980 2598 (quod
1005 2537 1054 2579 au·

126 2603 230 2665 teriori
252 2602 302 2663 die
323 2603 441 2682 egimus
470 2603 604 2682 reipsa,
637 2604 663 2662 si
685 2620 747 2663 non
772 2609 896 2682 oportet
917 2606 1053 2682 negare)

127 2685 289 2768 digladiari
307 2685 461 2764 dixeram,
496 2684 689 2765 elegantius,
712 2704 803 2765 quam
825 2692 899 2746 tuus
920 2704 972 2747 res
989 2686 1055 2765 ipse

149 2769 314 2830 ustulabat.

125 2788 146 2849 p
207 2852 331 2913 Interim
355 2869 404 2911 me
426 2858 549 2912 tacente
570 2853 667 2932 surgit
687 2850 877 2913 reverendus
901 2850 1054 2912 Dominus

127 2931 278 3009 Vinarius,
300 2941 420 3014 petens,
444 2940 477 2994 ut
498 2952 547 2994 ure
571 2934 669 3006 (sieut
690 2941 722 2994 et
743 2935 811 3014 ipse
827 2935 1000 3014 petieram)
1024 2934 1053 2994 in

127 3016 246 3095 seriptis
267 3017 396 3079 audiret.
426 3015 519 3091 Quod
540 3016 664 3078 taudem
687 3018 741 3077 vix
761 3016 963 3094 obtinuimus,
985 3034 1055 3077 nem

126 3097 282 3177 publieam
304 3098 543 3180 disputationem
566 3099 675 3179 noluit,
696 3100 839 3180 privatim
855 3117 983 3179 quoque
1005 3117 1055 3160 ne-

125 3178 220 3260 gabat
240 3201 274 3243 se
295 3200 415 3243 meeum
439 3181 671 3262 disputaturum.
693 3182 869 3263 [ascriptis
893 3184 989 3243 etiam
1011 3202 1055 3243 re

127 3263 280 3343 spondere
302 3265 442 3328 similiter
462 3284 569 3344 usque·
583 3264 623 3326 ad
637 3284 704 3327 eam
726 3265 834 3326 horam
858 3266 962 3327 noluit
983 3284 1055 3327 eon·

126 3344 255 3424 cedere,
283 3347 479 3410 solummodo
507 3348 676 3411 revocandi
707 3347 833 3408 verbum
866 3348 1054 3412 ineulaabat.

125 3427 216 3503 Quod
238 3431 264 3490 si
284 3432 442 3510 fecissem,
472 3450 534 3492 nnn
558 3429 665 3492 dubito
687 3432 791 3492 amnia
811 3431 907 3493 fuisse
928 3432 982 3493 val
1005 3451 1056 3512 pa·

123 3513 298 3579 ternissime
332 3514 521 3600 composita,
558 3514 797 3594 benignissimus
825 3514 909 3575 enim
938 3516 1057 3577 vireat

123 3613 194 3655 meo
223 3595 352 3676 iudicio,
382 3596 436 3658 sed
468 3598 520 3675 qui
550 3616 699 3658 revocare
731 3594 936 3658 libentissime
972 3590 1054 3658 audi·

124 3677 231 3737 visset.

205 3759 310 3822 Tertio
330 3780 471 3822 reversus
493 3760 591 3825 ubtuli
609 3763 844 3843 Responsioues
866 3761 908 3823 ad
930 3761 1055 3826 obieeta
