2356 4200
125 301 168 369 20
378 301 534 380 Responsio
553 301 595 374 D,
606 300 681 356 llart.
699 300 812 367 Lutlrsri

75 499 78 505 ·
124 474 215 537 diem.
254 472 362 545 Redde
383 474 535 534 rationem
556 473 646 552 huius
668 471 740 533 fidei
762 477 793 532 et
815 472 891 551 spei,
923 470 1049 532 Utinam

127 577 202 625 uera
235 555 370 636 diceres,
404 556 466 617 imo
496 555 590 633 absit,
625 563 658 616 ut
678 575 752 617 vera
774 555 875 632 dicas,
908 554 998 633 quasi
1018 554 1049 619 iu

126 660 219 703 manu
251 640 402 701 ecclesiae
443 640 483 699 sit
521 640 639 700 animas
677 639 823 717 liberare,
858 634 983 717 quando
1017 643 1051 710 ⁴et

125 722 283 804 quomodo
307 723 450 784 voluerit

209 805 332 883 Tertio,
361 804 440 866 doce
474 824 523 864 me
553 824 646 866 unum
668 804 780 864 factum
815 803 985 879 ecclesiae,
1017 803 1048 862 in

126 907 187 969 quo
210 888 294 950 dedit
315 887 528 949 liberationem
551 889 643 963 unius'
662 887 713 949 vel
724 887 856 966 plurium
869 886 1051 963 animarum,

127 973 186 1033 nisi
209 978 331 1052 cryptas
352 970 432 1031 forte
454 969 484 1034 S.
501 969 674 1031 Sebastiam
697 975 728 1030 et
747 968 903 1029 Laurentii
925 986 964 1029 ac
979 968 1050 1029 Prus

129 1055 307 1130 dentianae,
352 1053 488 1131 aliaque,
509 1053 651 1113 Romana
686 1053 755 1112 loca
787 1051 862 1112 mihi
895 1049 1048 1114 recitabis.

128 1136 189 1200 Sed
217 1144 249 1197 tu
276 1135 365 1216 vide,
397 1135 470 1215 quid
495 1137 554 1215 ipsi
581 1154 638 1196 vos
665 1135 798 1195 Romani
827 1134 866 1195 de
892 1133 941 1194 his
972 1133 1048 1201 lucia

128 1221 277 1280 sentiatis.
319 1219 457 1298 Deinde,
487 1225 563 1297 quot
589 1218 700 1279 sabulis
728 1219 838 1278 saltem
866 1224 960 1276 aucta
980 1221 1049 1278 aunt

128 1304 187 1367 ista
207 1302 288 1379 loca,
310 1308 464 1380 utcunque
488 1303 634 1381 ceperint.
678 1299 740 1362 Sed
762 1301 800 1362 de
828 1301 875 1360 his
904 1298 998 1360 latius
1018 1299 1047 1359 in

131 1383 389 1446 declarationibus
412 1385 498 1461 meis,
520 1385 641 1444 interim
665 1403 723 1464 ego
745 1385 860 1460 fateor,
882 1401 933 1443 me
955 1400 1049 1462 usque

128 1466 222 1529 hodie
248 1469 280 1526 in
310 1466 370 1526 hac
400 1486 434 1526 re
456 1466 604 1526 dubitare.
647 1465 713 1526 Nec
735 1467 849 1541 sum¹)
868 1465 1048 1542 haereticus,

131 1552 157 1610 si
178 1569 218 1611 ne
240 1551 353 1611 ativam
375 1557 477 1623 teneo,
501 1548 602 1610 donec
624 1549 885 1611 determinetur-a
906 1548 1048 1609 concilio.

212 1570 345 1709 duodo,
380 1632 445 1701 (ile,
464 1631 508 1692 do
538 1651 608 1712 poe.
638 1640 669 1692 et
699 1651 741 1693 re.
771 1651 817 1693 ca.
841 1629 1049 1693 Abusionibus

131 1715 292 1776 manifeste
320 1714 393 1775 dicit
414 1715 520 1794 glossa
528 1713 561 1797 ²)
585 1716 616 1774 in
638 1715 733 1776 verbo
758 1713 957 1793 mendaciter,
979 1711 1047 1774 ideo

129 1817 194 1859 non
216 1797 334 1859 extrahi
355 1799 473 1858 animas
489 1816 545 1877 per
564 1797 782 1878 indulgentias,
804 1799 876 1877 quia
896 1803 970 1857 suut
989 1797 1049 1857 iam

130 1879 242 1943 iudicio
265 1881 323 1940 Dei
344 1879 511 1940 subiectae.
553 1880 642 1940 Hunc
663 1882 785 1940 interim
809 1885 926 1942 textum
948 1880 1047 1939 decre·

129 1964 199 2025 talis
223 1961 273 2046 (id
294 1969 357 2038 est,
384 1962 505 2044 Papae)
534 1963 565 2023 id
595 1969 655 2040 est,
681 1964 794 2025 factum
815 1962 976 2024 Ecclesiae
1001 1966 1048 2039 (ut

130 2053 163 2109 tu
185 2044 278 2124 dicis)
304 2064 431 2125 sequar,
451 2046 499 2106 c'ui
522 2052 675 2107 consonat
696 2046 907 2127 evangelium:
947 2042 1048 2120 Quod·

130 2135 250 2208 cunque
273 2129 401 2190 solveris
424 2136 664 2208 superterram,
689 2148 756 2190 non
778 2129 834 2190 sub
857 2135 954 2208 terra,
987 2145 1049 2191 uon

131 2211 274 2276 obstante
310 2210 500 2290 quorundam
535 2213 673 2272 violenta
703 2211 910 2290 adulanteque
946 2211 1049 2292 glocca

131 2295 294 2356 contraria.
336 2293 402 2354 Nec
431 2294 493 2355 vidi
522 2294 656 2374 aliquam
685 2294 816 2370 bullam,
851 2313 934 2373 quae
963 2293 1049 2355 aliter

129 2377 257 2456 habeat,
290 2379 350 2438 nisi
371 2376 454 2457 quod
480 2397 536 2457 per
557 2377 681 2437 modum
704 2377 839 2458 suffragii
866 2377 987 2438 animas
1007 2393 1049 2437 re⁴

131 2459 204 2533 'dimi
226 2461 341 2541 passim
366 2460 483 2539 dicitur,
507 2459 629 2539 dequo
653 2460 749 2538 ubi2)
775 2457 874 2540 supra.
1011 2532 1015 2538 ⁵

214 2542 275 2604 Sed
298 2549 338 2621 tu,
361 2545 412 2622 qui
435 2549 544 2604 contra
564 2563 614 2604 me
626 2543 763 2624 disputas
779 2550 864 2603 tanta
884 2542 1050 2618 alacritate,

131 2633 164 2686 ut
184 2627 252 2706 ipsa
274 2626 392 2687 laetitia
414 2626 468 2686 tibi
490 2625 598 2686 influat
618 2628 797 2704 veritatem,
827 2632 912 2686 tanta
942 2624 1050 2701 fiducia

131 2727 264 2788 quoque,
286 2714 320 2768 ut
340 2715 480 2768 satanam
512 2711 613 2788 ipsum
646 2729 710 2771 non
733 2707 982 2788 extimescaa*),
1014 2725 1049 2767 eo

131 2794 265 2853 maxime
287 2791 530 2853 scilicetinvicto
546 2792 658 2853 robore
673 2793 777 2871 fretus,
800 2791 883 2872 quod
909 2790 949 2852 de
970 2791 1049 2852 facto

132 2874 283 2936 ccclesiae
305 2873 464 2935 nonlicet
486 2875 713 2954 maleseutire,
736 2896 828 2935 unum
843 2874 875 2935 id
887 2872 1050 2955 responde,

131 2976 200 3018 cum
234 2976 295 3036 qua
323 2957 455 3018 ecclesia
485 2966 515 3017 et
536 2967 569 3017 tu
602 2967 632 3017 et
654 2959 829 3019 Thomastri
861 2959 904 3017 tui
935 2957 1049 3018 sentitis

130 3040 161 3099 in
183 3039 266 3101 sacto
289 3040 439 3100 ecclesiae
461 3040 500 3100 de
523 3043 726 3120 conceptione
741 3043 776 3102 B.
792 3041 953 3121 Virginis?
974 3039 1049 3101 Num

132 3141 200 3183 cum
221 3123 363 3183 virtuali?
390 3127 464 3183 num
486 3142 554 3184 cum
577 3125 862 3204 repraesentativa?
888 3142 963 3184 num
985 3140 1048 3183 oum

132 3204 310 3267 essentiali?
340 3225 414 3266 num
436 3224 505 3266 cum
529 3207 621 3268 exule
642 3208 697 3267 illa
723 3217 755 3267 et
776 3227 795 3266 a
816 3213 846 3268 te
867 3207 1047 3286 proscripta,

130 3296 279 3368 quaeest
302 3289 465 3350 concilium
485 3289 652 3369 generale?
675 3290 706 3352 si
729 3308 802 3370 ergo
826 3289 899 3349 licet
920 3290 978 3352 tibi
990 3306 1047 3349 non

132 3371 224 3433 modo
247 3391 311 3434 nou
333 3372 430 3452 bene,
455 3372 510 3432 sed
532 3378 639 3434 contra
662 3375 775 3434 sentire
797 3373 829 3432 in
851 3372 934 3434 facto
958 3370 1048 3434 eccle·

202 3584 282 3647 1t1n
315 3582 380 3638 edit.
404 3585 485 3640 dem:
515 3587 576 3637 sim.
625 3584 656 3651 2)
680 3584 709 3635 ln
738 3584 802 3636 edit.
832 3586 920 3652 princ.
950 3581 1046 3636 etJeu·

129 3668 295 3780 pppsqtuappi
315 3670 371 3708 nou
416 3658 561 3711 scribitur:
600 3655 689 3723 glosa.
760 3656 792 3722 3)
821 3655 853 3706 ln
890 3655 956 3709 edit.
992 3653 1047 3706 teo.

203 3797 232 3871 *t
252 3796 298 3852 Sic
316 3799 411 3869 scripit
430 3797 563 3852 silvester
580 3799 610 3867 in
626 3798 677 3866 Ep.
696 3797 732 3852 ad
749 3797 872 3865 Ιιοοιιειιι
888 3797 924 3853 L
