2356 4200
478 269 593 359 asltlt
610 265 707 327 habiti.
1008 265 1050 337 81

136 447 240 523 potens
257 459 292 500 es
307 441 341 501 in
357 441 529 520 iniquitate,
551 446 626 503 tota.
638 441 690 511 die
709 442 742 502 iu
764 442 910 503 iustitiam
933 442 1048 522 cogita-

135 528 173 585 rit
193 524 301 604 lingua
320 531 388 602 tua,
422 525 501 585 sicut
521 526 676 585 novacula
695 532 788 597 acuta
809 525 909 585 fecisti
930 523 1048 587 dolum.

133 608 327 668 Detractores
351 608 433 667 enim
452 609 496 667 ita
516 627 580 669 rem
603 612 713 688 parant
734 615 765 667 et
786 614 906 685 ornant,
928 614 964 667 ut
984 607 1049 687 plu-

131 691 211 751 rimis
240 691 409 752 verisimile
440 691 493 767 sit,
525 690 608 768 quod
639 690 757 767 dicunt,
794 708 824 753 e.
843 709 875 769 g.
898 690 977 751 sicut
999 690 1049 750 hic
1111 704 1114 719 ¹

130 775 233 852 Docg,
262 780 373 834 contra
405 791 496 851 quem
523 775 582 832 iste
604 773 743 835 Psalmus
769 774 940 851 invehitur,
976 771 1048 834 ideo

128 857 234 917 habuit
259 856 446 916 novaculam
473 864 594 917 acutam
625 864 657 917 et
678 857 976 936 penetrantissimam
1000 876 1047 914 us-

129 959 188 1018 que
209 938 251 998 ad
272 937 505 1018 persuasionem
527 937 707 1000 detractoris
732 941 876 1019 linguam,
900 937 984 1016 quod
1006 940 1049 998 vi-

128 1024 216 1083 derat
236 1021 338 1082 David
361 1021 442 1102 apud
470 1023 648 1083 sacerdotes
679 1034 709 1082 et
737 1042 833 1102 panes
860 1028 892 1081 et
912 1020 1048 1101 gladium

127 1108 156 1166 ei
177 1105 303 1184 datum,
339 1107 416 1165 siout
449 1105 561 1185 legitur
596 1111 621 1168 l.
644 1107 719 1184 ch.
744 1109 780 1168 at
804 1113 836 1164 et
856 1109 905 1167 22.
929 1123 955 1164 c.
997 1103 1049 1165 Ex

128 1190 239 1268 quibus
271 1189 434 1268 arguebat,
465 1189 549 1266 quod
584 1188 750 1249 coniurant
770 1186 952 1247 Abirnelech
979 1205 1047 1246 oum

127 1271 229 1332 David
253 1271 507 1333 contraSaulcm.
529 1282 533 1293 ·
551 1271 639 1331 Unde
660 1272 769 1331 dicitur
790 1271 849 1349 hic,
872 1270 956 1348 quod
975 1269 1047 1329 ideo

126 1355 183 1415 fuit
204 1363 318 1435 potens
341 1356 372 1414 in
394 1355 563 1432 iniquitate,
585 1356 603 1415 i.
619 1374 646 1414 e.
669 1355 840 1433 praevaluit
861 1352 1047 1432 persuadere

126 1447 159 1498 et
179 1457 246 1498 non
269 1438 412 1499 obtusam
435 1438 570 1516 linguam
593 1436 706 1497 habere
728 1437 834 1513 debet,
868 1437 954 1514 qnam
983 1443 1047 1496 tan-

126 1520 290 1581 tummodo
305 1520 422 1581 lambat
434 1520 482 1598 ²⁶¹),
494 1519 549 1580 sed
562 1522 737 1580 acutissime
755 1521 900 1581 excitavit
912 1518 1045 1593 Saulem.

125 1603 226 1665 Simili
249 1603 345 1664 modo
366 1603 456 1681 zita,
485 1610 518 1665 ut
538 1602 753 1682 Meplriboseth
775 1621 847 1663 vere
868 1609 900 1662 et
920 1601 1047 1663 credibi-

126 1687 199 1748 liter
222 1686 366 1747 odiosum
394 1687 527 1765 laceret,
555 1686 647 1746 dixit:
690 1686 769 1745 Eum
798 1686 927 1763 dixisse,
955 1684 1047 1745 hodie

126 1772 269 1830 restituet
281 1769 392 1830 domun
404 1769 498 1829 lsrael
510 1788 638 1848 regnum
660 1771 754 1848 patris
778 1770 838 1829 mei
859 1767 942 1844 mihi,
964 1767 1047 1846 quod

125 1853 183 1914 fuit
212 1852 306 1912 valde
337 1852 518 1930 verisimile,
553 1853 624 1931 quia
657 1853 715 1911 luit
742 1870 840 1931 nepos
869 1851 983 1928 Soulia,
1016 1857 1048 1910 et

125 1935 302 2014 praevaluit
312 1935 397 2011 zita,
420 1941 451 1994 et
471 1935 601 1995 credidit
612 1935 712 1994 David
735 1934 823 1995 male.
865 1935 912 1995 Ita
932 1933 1048 2002 faciunt

126 2017 284 2078 maledicti
295 2017 339 2077 illi
351 2017 572 2079 furiosissimae
585 2019 694 2078 Furiae
711 2017 862 2095 omnibus,
875 2016 984 2095 quibus
996 2016 1046 2077 de·

125 2101 266 2178 trahunt,
289 2107 322 2160 ut
342 2101 391 2163 Ps.
415 2104 491 2165 loa:
521 2101 741 2162 Detrahentem
763 2106 881 2161 secreto
903 2100 1045 2178 proximo

125 2203 182 2244 suo
206 2184 289 2243 huno
310 2184 526 2262 persequebar.
570 2184 630 2244 Sed
658 2185 717 2244 heu
747 2203 828 2243 nuno
858 2183 917 2242 hoc
939 2183 1044 2242 vitium

124 2267 231 2344 fuerit,
266 2274 298 2326 et
323 2287 378 2345 per
405 2286 512 2326 omnes
541 2268 692 2326 ecclesiae
717 2267 836 2345 plateas
860 2272 892 2325 et
914 2266 1045 2345 angulos

125 2348 312 2410 horribiliter
333 2357 498 2430 grassatur,
521 2357 553 2409 et
575 2359 689 2428 quanto
717 2350 834 2410 altioris
857 2348 972 2409 ordinis
993 2349 1046 2408 ho-

125 2435 236 2511 mines,
258 2440 345 2493 tanto
367 2433 487 2493 foedius
511 2440 542 2492 et
562 2433 685 2493 liberius
704 2453 772 2492 sese
790 2434 953 2493 incestant.
985 2430 1045 2491 Sed

127 2516 222 2575 nolite
252 2517 339 2594 sequi
370 2535 441 2594 eos,
476 2518 536 2575 sint
563 2517 691 2595 praelati
714 2518 807 2575 vostri
830 2514 949 2592 officie,
983 2534 1044 2574 non

118 2599 281 2678 'exemplo
325 2598 370 2660 Sit
396 2607 498 2658 autem
528 2600 702 2678 exemplum
726 2598 981 2678 prudentissimae
1003 2598 1044 2657 fe·

125 2684 228 2741 minae
249 2683 401 2759 Maricae,
424 2682 463 2741 de
486 2701 546 2760 qua
568 2683 671 2742 scribit
693 2682 773 2741 filius
798 2682 862 2741 eius
885 2681 919 2741 Β.
942 2680 1044 2760 Augu-

125 2766 223 2824 stinus
251 2767 282 2824 in
306 2765 462 2841 Confess,
497 2765 579 2843 qnod
611 2765 810 2825 admirandae
842 2764 958 2843 gratiae
990 2764 1046 2822 snit

124 2856 234 2907 contra
250 2847 311 2907 hoc
325 2848 438 2907 malum
460 2850 539 2907 iuter
559 2849 699 2908 homines
724 2848 969 2908 nocentissimos
994 2847 1045 2906 Sic

124 2939 255 2990 monent
275 2930 384 2990 Esaias
408 2950 435 2992 c.
457 2933 486 2993 2.
509 2938 540 2990 et
560 2931 662 2991 Mioha
684 2950 709 2990 c.
729 2934 756 2992 l.
780 2929 959 2997 (lonllarunt
980 2929 1044 3008 gla-

125 3012 194 3073 dios
216 3032 290 3074 suos
312 3014 342 3073 in
366 3032 507 3073 vomeres
530 3022 562 3073 ct
583 3015 707 3074 lanceas
730 3033 800 3074 suas
822 3015 853 3073 in
871 3012 976 3088 falces,
1000 3012 1044 3071 illi

124 3104 229 3156 autem
256 3104 364 3157 contra
390 3097 509 3176 linguas
539 3098 635 3157 malas
663 3105 694 3157 et
721 3104 869 3157 nocentes
891 3097 922 3154 in
943 3092 1042 3155 bonas

124 3186 157 3239 et
178 3179 280 3240 utiles.

207 3262 270 3322 Sed
292 3281 373 3320 nunc
395 3281 501 3321 eorum
526 3264 742 3323 excusationes
771 3261 939 3321 videamus.
983 3261 1043 3320 Pri·

125 3365 208 3405 mum
231 3345 353 3423 qnando
377 3345 541 3405 detrahunt
564 3345 678 3424 dicunt,
701 3365 763 3405 non
785 3344 939 3427 hoodico‚
961 3344 1043 3421 quod

124 3430 153 3487 ei
176 3427 338 3488 detrahere
360 3429 470 3506 velim,
501 3428 577 3491 nilla
597 3430 653 3505 ibat
676 3431 745 3506 sicat
765 3429 924 3505 andaciam
945 3428 1043 3503 baben.

123 3510 162 3570 Hi
186 3518 259 3571 sunt
280 3512 418 3572 rhetores
441 3511 528 3590 belli,
557 3514 607 3590 qni
635 3512 741 3573 colore
761 3511 914 3571 rhetorico
937 3509 967 3569 id
991 3530 1041 3571 ne-

124 3650 289 3657 —-.-—...-.
299 3651 333 3656 -...
342 3651 546 3659 --.-.-.....-....—-...

179 3699 211 3767 ⁴¹)
232 3700 263 3751 In
286 3702 412 3768 margine
435 3701 490 3752 MSi
519 3701 687 3768 adscriptum
718 3706 760 3753 est
788 3698 939 3766 scalpat‚
970 3695 1043 3764 quod

122 3774 215 3840 aptius
234 3778 324 3826 sonat.

143 3864 237 3901 bucher!
248 3873 298 3908 opp.
318 3864 338 3902 V.
352 3864 379 3901 A.
394 3865 425 3901 ad
435 3865 476 3903 ret
489 3865 540 3905 nist.
555 3866 570 3906 i.
584 3878 607 3916 p.
625 3868 673 3910 Vol.
688 3869 706 3909 Ι.
816 3872 835 3939 ὓ
