2356 4200
427 274 456 330 F.
477 275 608 331 Iohannis
628 275 750 352 Tetpelii.
991 275 1055 343 309

125 448 161 504 ιιι
188 445 367 526 magistram
397 464 499 525 suam,
529 453 560 506 et
587 466 649 508 non
673 448 827 527 propriam
851 447 1055 527 phantasiam,

125 529 217 606 sequi
239 528 384 589 debeant.

213 631 273 711 28)
298 634 439 695 Ducendi
468 642 539 694 sunt
527 635 742 711 tChristiaui,
776 635 859 714 quod
881 602 1055 732 quicunque

127 682 280 776 adversus
314 717 452 797 regulam
492 720 627 779 veritatis
664 718 837 779 catholicae
871 719 1054 797 opinionem

128 817 218 859 suam
252 818 430 880 perversam
463 821 482 860 a
484 808 556 880 tque
582 821 710 882 pravam
731 802 928 882 pertinaciter
952 800 1054 861 deien-

125 882 182 960 dit,
204 882 379 944 haereticus
402 885 441 943 sit
464 885 648 961 censendus,
671 893 763 962 atque
785 884 823 944 ab
839 884 981 944 omnibus
996 903 1053 963 pro

127 965 184 1025 tali
205 966 442 1045 praedicandus.

212 1068 271 1152 29)
296 1070 436 1136 Ducendi
471 1079 541 1133 sunt
577 1072 756 1150 Christiani,
789 1072 871 1151 quod
906 1071 1054 1132 docentes

125 1152 246 1249 aliquid
270 1160 416 1234 tanquam
439 1163 569 1224 certum
593 1156 674 1234 quod
698 1164 751 1215 aut
771 1157 906 1234 ratione,
931 1154 979 1215 vel
1002 1175 1053 1215 au-

124 1236 443 1381 qqqigqthfieffioaciter
465 1259 528 1300 non
546 1247 650 1320 potest
661 1239 795 1320 probari,
818 1239 970 1299 temerarii
985 1245 1055 1298 sunt

212 1422 270 1491 30)
294 1420 435 1482 Ducendi
463 1430 533 1483 sunt
521 1422 664 1483 tChrist'
646 1423 734 1501 trani,
768 1421 850 1502 quod
880 1427 1054 1483 asserentes

125 1501 313 1648 aliqpiando,
342 1524 421 1584 quae
450 1512 520 1566 sunt
546 1506 640 1584 falsa,
667 1526 723 1586 pro
754 1506 890 1607 erroneis
921 1512 991 1566 sunt
1013 1513 1053 1566 te·

124 1606 190 1647 nen

216 1685 274 1768 31)
297 1687 438 1749 Ducendi
460 1695 531 1750 sunt
555 1655 665 1751 Christ
645 1689 729 1766 trani,
751 1689 834 1768 quod
856 1688 1020 1749 detrahent
1008 1695 1054 1751 tes

124 1769 222 1830 atiani
244 1769 390 1843 fidelium,
413 1772 461 1831 vet
484 1773 613 1834 notabili
627 1773 922 1851 alicuipersouae,
915 1773 1053 1833 iniuriosi

125 1860 201 1912 sunt
223 1853 379 1914 censendi
1075 1874 1076 1877 ’

211 1939 284 2008 32)
295 1926 435 1997 Ducendi
464 1943 535 1997 sunt
523 1937 736 2017 thristiani,
776 1936 858 2016 quod
881 1884 1018 1998 scribent
1006 1945 1052 1998 tes

124 2019 373 2099 propositiones,
413 2039 493 2098 quae
527 2022 632 2081 ruinae
672 2021 869 2082 occasionem
904 2021 1054 2100 praebent

123 2101 331 2182 auditoribus,
366 2105 505 2181 quamvis
541 2123 610 2162 cum
648 2101 878 2165 modificatione
908 2103 1054 2163 adiuncta

124 2186 202 2261 sint,
233 2204 305 2244 vere
335 2185 458 2246 tenendi
490 2193 577 2265 sunt,
609 2206 648 2246 ex
677 2205 738 2266 quo
767 2186 907 2247 absolute
931 2194 962 2246 et
984 2188 1051 2246 siue

125 2266 358 2332 modificatione
380 2270 583 2347 proferuntur,
606 2289 662 2348 pro
685 2269 893 2346 scandolosis,
919 2270 1048 2329 malesu-

124 2350 280 2428 nautibus,
303 2371 340 2411 ao
362 2353 479 2430 piarum
502 2354 619 2411 aurium
642 2353 814 2428 offensiviS,
838 2372 876 2412 eo
900 2353 981 2431 quod
1007 2353 1047 2411 vi-

127 2434 239 2494 dentur
261 2435 524 2513 propositionibus
547 2435 782 2496 haereticatihus
805 2439 919 2496 favere.

212 2519 268 2586 33)
295 2517 435 2579 Ducendi
458 2525 528 2578 suut
550 2518 730 2596 Christiani,
761 2518 842 2596 quod
865 2520 1051 2578 assertiones

126 2600 300 2680 doctorum,
323 2619 402 2679 quae
427 2603 458 2660 in
480 2602 596 2681 populo
619 2603 752 2662 sohisrna
773 2601 930 2680 inducunt,
953 2609 985 2661 ut
1007 2608 1054 2661 cst

125 2684 301 2763 propositio
322 2684 394 2760 ilia,
430 2684 510 2744 malo
534 2686 672 2763 praelato
695 2692 748 2744 aut
769 2686 898 2764 principi
921 2704 983 2744 non
1006 2693 1053 2743 est

127 2766 350 2843 obediendum,
384 2767 434 2826 vel
474 2767 555 2846 quod
579 2768 682 2847 Papae
713 2769 835 2846 suisque
870 2766 959 2826 bullis
989 2786 1049 2826 non

126 2851 164 2909 sit
188 2848 393 2920 credendum,
418 2852 543 2910 omnino
566 2857 637 2910 sunt
658 2850 833 2911 seditiosae.

95 2933 106 2959 '
210 2934 267 3004 st)
294 2931 434 2992 Ducendi
458 2940 528 2992 sunt
550 2932 730 3009 Christiani,
753 2933 835 3012 quod
859 2952 977 3010 omnes,
1000 2935 1051 3011 qui

125 3014 219 3074 falsas
245 3016 407 3094 opiniones
428 3017 576 3096 gignunt,
607 3036 721 3095 easque
750 3017 832 3095 ipsas
854 3017 1051 3095 pertinaciter

126 3097 305 3173 defendunt,
328 3099 452 3177 proprie
473 3100 618 3159 haeretici
640 3108 711 3159 sunt
728 3098 884 3158 censendi.

210 3180 268 3259 35)
295 3180 433 3241 Ducendi
456 3190 527 3241 sunt
550 3183 727 3258 Christiani,
752 3182 834 3262 quod
858 3201 975 3256 cinnae,
999 3184 1050 3259 qui

125 3270 307 3342 contemptu
329 3264 452 3323 divinae
474 3265 562 3344 Legis
584 3266 750 3344 pertinacis
774 3267 883 3326 erroris
898 3272 977 3341 sunt,
1001 3264 1050 3322 vel

125 3351 315 3421 inventores,
338 3366 391 3406 seu
415 3348 507 3406 alieni
531 3355 715 3426 sectatores,
738 3351 850 3427 quique
873 3348 972 3426 magis
996 3366 1048 3407 vo·

123 3428 191 3488 lunt
213 3429 385 3489 catholicae
407 3432 526 3490 veritati
549 3430 714 3507 adversari,
738 3452 828 3511 quarn
853 3431 969 3507 subiici,
993 3450 1049 3509 pro

124 3511 289 3571 haereticis
313 3513 491 3591 sim-pliciter
513 3523 583 3573 sunt
608 3515 762 3580 censendi.

209 3593 266 3676 36)
292 3596 433 3655 Doccndi
455 3602 526 3656 sunt
547 3597 720 3671 Christiani,
743 3596 956 3676 quodomnes
974 3597 1048 3656 alio-

125 3698 192 3737 rum
225 3677 427 3738 defendentes
450 3698 600 3758 errorem,
632 3700 669 3740 eo
694 3681 775 3759 quod
799 3700 861 3741 non
884 3680 984 3741 solum
1007 3699 1050 3739 er-

125 3768 212 3838 rant,
236 3760 290 3820 sed
313 3762 381 3822 aliis
404 3762 496 3822 etiam
519 3764 630 3823 erroris
655 3763 841 3824 offendicula
854 3769 1050 3843 praeparant,
