2356 4200
354 272 357 276 ’
463 269 516 330 ‘dc
534 269 721 348 indulgentiis.
994 267 1057 343 273

136 441 217 520 quod
233 441 331 506 habes
349 443 480 507 Romam
491 445 523 505 in
539 444 665 506 civitate
675 446 741 506 sive
757 441 883 524 oppido.
915 442 1057 507 Ecclesia

135 530 185 585 tua
211 523 324 588 effecta
353 532 401 589 est
431 527 565 589 ecclesia
585 527 691 591 Sancti
711 527 794 589 Petri
821 525 865 593 de
883 525 997 607 Roma,
1015 535 1056 589 et

134 607 312 676 sacerdotes
339 611 384 671 tui
412 610 484 671 tacti
513 615 583 671 sunt
618 609 846 691 poenitentiarii
880 609 1054 689 epostolici.

133 687 259 753 Scilicet
274 692 428 754 ecclcsiae
444 698 516 755 sunt
530 694 574 754 uti
589 693 662 755 illae
683 697 801 774 septem
820 691 940 753 Romae
962 691 1055 774 depu-

132 778 215 837 tstee
248 793 306 855 pro
349 781 547 856 peccatorum
585 777 723 839 omnium
747 775 952 837 ·ramissione.
1002 774 1054 837 sl-

132 857 210 918 tarie
230 856 287 918 ille
304 877 345 931 ¹sc
368 863 432 919 tem
452 864 525 920 sunt
537 858 633 920 veluti
643 858 707 938 illa,
725 877 805 939 quae
817 864 888 919 sunt
901 858 932 918 in
944 863 1053 920 sancto

131 937 240 1020 Petro,
270 940 323 1003 ubi
346 877 482 1005 babetur
508 941 647 1023 plenaria
674 941 825 1005 remissio.
875 939 957 1016 Quid
978 959 1052 1022 ergo

131 1023 268 1104 cogitas,
303 1023 377 1104 quid
408 1025 512 1086 tardas
535 1025 695 1087 converti?
752 1023 814 1085 Gur
844 1024 907 1085 iani
933 1023 965 1085 in
992 1023 1054 1093 hoc

130 1111 273 1187 tempore
305 1107 448 1169 lacrimas
475 1111 552 1169 uon*
568 1107 698 1171 ellirndis
725 1126 781 1189 pro
810 1105 1053 1188 peccatis-tuis?

131 1187 192 1249 Our
223 1189 286 1251 iem
321 1208 428 1253 coram
457 1191 578 1253 vicariis
608 1191 791 1252 sanctissimi
819 1189 936 1253 domini
956 1188 1054 1251 nostri

130 1270 235 1352 Pepae
263 1291 328 1344 non
361 1272 539 1335 confiteris?
593 1272 683 1334 Nunc
709 1273 805 1335 hebes
836 1272 1053 1353 exempluma

129 1353 316 1434 Laurentio,
348 1357 400 1436 qui
427 1355 557 1418 traditos
584 1356 755 1432 thesauros,
795 1374 872 1435 quos
909 1354 1052 1434 habebat,

129 1455 238 1501 errrore
258 1438 318 1500 Dei
338 1439 505 1518 distribuit,
533 1446 564 1501 et
585 1459 696 1520 corpus
717 1438 758 1501 ad
780 1437 945 1500 assandum
965 1457 1052 1520 prae·
1117 1438 1125 1447 ’

129 1518 215 1583 buit?
264 1521 336 1591 Non
359 1523 442 1604 capis
461 1523 636 1603 exemplum
658 1542 678 1582 a
697 1521 953 1601 Bartholomeeo,
987 1520 1052 1583 esc

128 1603 234 1683 phano
257 1612 289 1665 et
316 1604 384 1665 aliis
415 1605 553 1684 Sanctis,
586 1607 637 1686 qui
659 1611 788 1665 mortem
810 1603 1053 1666 crudelissimam

128 1687 234 1748 animo
258 1686 366 1749 libenti
386 1707 444 1769 pro
464 1689 588 1751 animae
610 1687 709 1751 salute
731 1687 903 1749 voluerunt
951 1686 992 1747 ut
1019 1692 1051 1749 tu

127 1788 192 1831 non
215 1769 317 1837 solum
339 1770 499 1833 thesauros
526 1770 679 1848 infinitos,
714 1770 934 1832 verumetiam
955 1769 1051 1831 modi-

127 1870 198 1913 cam
220 1851 453 1935 eleemosynem
474 1873 537 1915 nou
560 1855 718 1935 proponis.
760 1853 824 1934 Ipsi
844 1853 1052 1934 praebuerunt

129 1953 265 2016 corpora
286 1937 324 1999 ad
348 1943 518 2017 tormenta,
550 1944 582 1998 tu
613 1957 687 1998 vero
717 1935 843 1999 delicies
866 1942 897 1997 et
918 1935 1051 1999 oblecta

128 2024 236 2080 menta
256 2038 320 2082 nou
342 2018 533 2102 dedigneris:
573 2027 606 2082 tu
635 2018 794 2098 sacerdos,
816 2025 849 2080 tu
870 2017 997 2098 nobilis,
1020 2025 1054 2080 tu

127 2108 293 2182 mercator,
315 2109 348 2164 tu
370 2103 489 2183 mulier,
512 2109 545 2164 tu
565 2105 664 2184 virgo,
686 2111 718 2163 tu
740 2107 845 2183 nupta,
868 2108 900 2162 tu
922 2102 1052 2182 iuvenis,

127 2191 161 2246 tu
183 2204 283 2246 senex
303 2186 417 2247 intrare
439 2186 603 2260 ecclesiam
625 2194 724 2265 tuam,
753 2203 832 2266 quae
860 2190 893 2244 ut
919 2182 983 2247 dixi
1004 2192 1052 2246 est

128 2268 229 2329 sancti
250 2268 343 2348 Petri,
365 2275 397 2330 et
417 2270 541 2330 visitare
564 2288 685 2330 crucem
707 2268 946 2347 sanctissimam,
968 2286 1047 2347 quee

124 2370 181 2432 pro
204 2358 236 2412 te
258 2351 382 2414 elevata
402 2358 467 2431 est,
489 2371 568 2432 quae
589 2353 737 2413 continuo
766 2351 880 2411 clamat
902 2357 933 2411 et
955 2356 1047 2411 vocat

123 2442 173 2513 te3
205 2434 424 2496 verecundiam
452 2435 547 2497 habes
577 2435 702 2498 visitare
730 2452 852 2495 crucem
885 2452 954 2494 cum
986 2453 1048 2495 una

125 2517 273 2597 candela,
297 2524 328 2579 et
349 2537 412 2580 non
434 2519 649 2580 verecundaris
671 2518 794 2579 visitare
807 2517 975 2596 tabernam,
997 2537 1047 2578 ve

124 2600 303 2662 secundaria
326 2602 371 2663 ire
392 2601 432 2662 ad
454 2602 649 2664 consessores
672 2600 862 2682 apostolicos
880 2606 911 2660 et
926 2619 990 2662 non
1007 2599 1048 2662 ed

125 2683 268 2746 choreas.
311 2683 497 2764 Considera,
520 2685 603 2764 quod
625 2692 657 2745 tu
679 2703 712 2746 ee
733 2685 764 2744 in
787 2683 863 2744 mari
883 2682 1045 2745 furibundo

125 2764 216 2827 huius
244 2767 365 2847 mundi,
393 2769 425 2828 in
456 2769 549 2828 tontis
577 2766 810 2849 tempestatibus
842 2773 873 2826 et
903 2767 1047 2848 periculis

125 2851 261 2930 positus,
285 2857 317 2911 et
337 2851 473 2932 ignoras,
495 2871 534 2911 an
556 2850 596 2911 ad
617 2857 738 2931 portum
759 2848 921 2930 pervenire
941 2849 1047 2911 valees

125 2933 244 2996 salutis.
282 2933 403 3000 flcisne
440 2933 523 3013 quod
552 2934 657 2994 omnia
684 2934 745 2994 sint
773 2932 933 2994 homiuum
962 2934 1046 2993 tenui

124 3016 302 3097 pendentia.
317 3015 387 3095 filo,
410 3024 441 3078 et
463 3017 562 3078 omnis
585 3017 647 3077 vita
670 3016 777 3076 militia
798 3034 890 3095 super
911 3016 1046 3077 terram?

125 3099 293 3161 Militemus
316 3119 391 3180 ergo
414 3100 492 3163 sicut
504 3099 684 3160 Laurentius
706 3098 803 3159 etalii
818 3117 926 3159 omnes
940 3098 1046 3160 Sancti

124 3201 182 3263 pro
206 3182 307 3243 salute
328 3184 459 3262 animae,
481 3190 513 3244 et
534 3202 597 3243 non
618 3202 674 3263 pro
689 3201 829 3262 corpore,
853 3182 936 3260 quod
952 3180 1045 3244 hodie

124 3272 173 3327 est
194 3271 226 3327 et
247 3284 315 3326 eres
337 3285 410 3345 non,
433 3266 516 3347 quod
538 3265 633 3326 hodie
653 3285 770 3345 sanum,
791 3283 859 3326 cras
882 3264 1045 3344 infirmum,

123 3348 219 3410 hodie
242 3349 354 3428 vivum,
378 3368 445 3410 cras
469 3355 631 3410 mortuum.
665 3348 760 3426 Scito,
776 3347 858 3428 quod
872 3349 1045 3429 quicunque

124 3432 288 3494 confessus
311 3439 343 3494 et
364 3432 511 3493 contritus
533 3432 764 3512 eleemosynam
787 3429 826 3491 ad
849 3450 974 3512 capsem
990 3450 1044 3513 po·

124 3515 236 3594 suerit,
267 3516 354 3575 iuxta
373 3515 538 3593 ,consilium
562 3516 763 3594 confessoris,
790 3513 960 3594 plenariam
982 3535 1044 3576 om-

124 3599 210 3659 nium
232 3605 431 3679 peccatorum
454 3617 579 3659 suorum
605 3598 818 3659 remissionem
839 3597 981 3677 habebit,
1014 3603 1046 3660 et

123 3687 198 3761 post
219 3682 447 3744 confessionem
470 3687 501 3742 et
521 3681 686 3742 iubilaeum
708 3679 861 3763 habitum,
889 3683 974 3743 omni
995 3680 1045 3742 die

122 3763 280 3826 visitando
297 3783 419 3826 crucem
434 3770 465 3825 et
478 3764 596 3845 alteria,
613 3769 818 3844 consequetur
829 3763 1046 3847 indulgentias,

150 3900 242 3942 numen
255 3911 306 3950 opp.
322 3901 345 3943 V.
358 3900 386 3941 A.
399 3900 431 3940 ad
441 3900 483 3942 rot.
496 3900 547 3943 ussa
560 3900 576 3943 l.
590 3913 613 3955 p.
628 3902 672 3947 Vol
684 3902 703 3945 L
800 3902 842 3974 qg
