2356 4200
511 288 662 354 Senones
681 289 792 354 tracti

519 549 836 648 Sermo*
983 658 985 663 ,

336 735 499 798 Dominica
518 736 570 800 IV.
592 737 762 817 Adventus,
783 759 810 800 a.
833 742 923 806 1516.
937 737 974 815 *)
1065 742 1069 747 ’

273 899 372 963 Erunt
401 922 497 984 prava
528 903 560 965 in
582 904 699 967 directa
720 911 752 966 et
772 900 885 987 aspera
905 907 936 967 in
958 907 1024 968 vias
1067 904 1108 967 la

190 1005 256 1048 nas.
297 982 372 1048 Luc.
395 988 424 1049 3.
458 985 509 1048 Sic
530 985 569 1047 de
589 989 715 1049 ludaeis
739 991 952 1071 cognovimus,
974 925 1065 1069 quod
1079 995 1111 1049 et

189 1069 249 1150 ipsi
286 1065 438 1128 Christum
483 1072 720 1151 exspectabant,
761 1073 838 1135 sicut
861 1068 896 1133 'et
923 1070 1025 1133 adhuc
1057 1090 1108 1133 ex·
1148 1118 1153 1122 -

189 1156 341 1233 spectant,
363 1151 424 1213 hoc
446 1158 547 1212 autern
570 1156 610 1215 im
635 1156 713 1231 eriti,
735 1154 818 1235 quod
849 1175 918 1229 eum
944 1154 1110 1233 voluerunt

189 1254 228 1296 eo
250 1232 345 1296 modo
367 1235 483 1314 venire,
505 1255 566 1316 quo
589 1175 646 1298 sibi
666 1236 791 1318 placuit,
815 1238 897 1319 quqd
918 1239 974 1299 luit
995 1239 1108 1318 impos-

189 1316 297 1397 sibile3
319 1319 391 1397 quia
412 1338 486 1379 vero
509 1319 569 1380 alio
593 1320 686 1382 modo
708 1322 808 1400 veuit,
838 1320 938 1382 adhuc
966 1340 1036 1381 eum
1057 1341 1108 1383 ex-

189 1407 330 1483 spectaut
351 1408 382 1462 et
403 1421 467 1462 non
489 1403 640 1482 recipiunt
661 1404 779 1464 scilicet
800 1403 872 1484 quia
899 1407 930 1465 in
959 1408 1108 1485 apparatu

189 1483 319 1546 seculari
350 1489 381 1545 et
400 1503 516 1565 pompa
536 1488 636 1548 carnis
657 1506 719 1547 non
738 1489 832 1567 venit,
853 1507 916 1549 non
940 1488 1110 1567 suscipiunt
1143 1536 1147 1549 ,

188 1587 268 1647 eum,
291 1568 342 1649 qui
364 1567 530 1629 carnaliter
551 1570 682 1650 sapiunt.
715 1570 888 1631 Voluerunt
909 1570 990 1632 enim
1001 1571 1108 1631 immu-

188 1651 242 1712 tati
265 1669 390 1713 manere
412 1651 442 1710 in
466 1669 522 1711 suo
544 1669 653 1729 sensu,
687 1672 755 1712 cum
777 1653 936 1714 lohannes
964 1652 1035 1714 ideo
1057 1672 1108 1713 ve-

187 1733 294 1813 nisset,
317 1740 350 1796 ut
371 1753 426 1796 eos
448 1740 587 1797 mutaret.
630 1735 677 1796 Ita
699 1743 730 1796 et
751 1735 844 1797 modo
867 1735 916 1814 fit,
944 1742 978 1796 ut
999 1755 1107 1797 omnes

186 1818 316 1899 gratiam
338 1817 465 1878 laudent
486 1824 519 1878 et
539 1824 730 1898 exspectent,
743 1817 798 1881 sed
810 1818 985 1881 Johannem
998 1818 1107 1879 odiunt

185 1904 218 1960 et
239 1900 359 1978 dicunt,
392 1899 589 1961 daemonium
618 1899 718 1962 habet.
762 1900 892 1978 Quando
914 1903 974 1967 hoc
995 1921 1108 1983 nempe

186 1983 296 2044 nolunt
316 1981 478 2065 evangelio
500 1982 641 2062 credere,
664 1983 747 2065 quod
778 1985 839 2045 sint
868 1991 1048 2065 peccatores
1077 1991 1109 2045 et

185 2067 271 2144 nihil,
293 2067 402 2129 nolunt
415 2066 568 2127 dimittere
582 2068 764 2149 sapientiam
787 2073 818 2129 et
837 2068 983 2129 iustitiam
1005 2086 1104 2145 suam,

186 2154 341 2211 ettamen
364 2151 472 2211 volunt
499 2148 614 2210 habere
641 2152 787 2233 gratiam,
816 2150 926 2235 nolunt
952 2149 1105 2211 humiliari

184 2236 218 2294 e't
244 2233 353 2294 volunt
382 2231 518 2294 exaltari.
567 2230 616 2292 Ex
647 2253 752 2296 eorum
775 2252 902 2294 numero
925 2251 1006 2292 nunc
1027 2239 1108 2309 sunt,

186 2317 238 2395 qui
259 2318 390 2396 gratiam
413 2313 531 2377 actibus
553 2316 615 2376 suis
628 2316 659 2375 in
674 2315 844 2378 substantia
858 2314 1107 2396 permanentibus

187 2396 401 2465 tantummodo
438 2394 522 2458 velut
554 2398 698 2460 accidens
731 2406 762 2460 et
795 2403 937 2461 ornatum
970 2396 1107 2459 adhiberi

184 2481 310 2559 volunt,
343 2501 411 2541 cum
433 2487 530 2543 totum
553 2480 583 2540 in
607 2481 734 2543 nihilum
764 2481 1046 2563 redigi'oporteat,
1075 2488 1109 2540 ut

187 2565 290 2645 gratia
316 2564 385 2625 sola
416 2563 516 2625 locum
546 2562 674 2625 habeat.
716 2566 811 2645 Igitur
831 2563 862 2624 hi
885 2560 947 2625 non
971 2563 1108 2641 credunt,

185 2646 353 2726 quodsint
374 2646 466 2722 nihil,
495 2645 578 2725 quod
601 2647 702 2728 legem
723 2647 809 2709 nullo
832 2645 926 2708 modo
949 2646 1108 2728 impleant,

184 2727 357 2790 Johaunern
381 2730 580 2811 interpretem
605 2730 669 2789 eius
692 2750 754 2791 non
785 2729 928 2803 audiunt,
956 2729 1028 2791 ideo
1056 2749 1108 2790 ne-

186 2830 245 2892 que
268 2812 420 2874 Christum
445 2813 586 2874 obtinere
607 2820 747 2892 possunt,
770 2812 966 2875 dicuntenim
984 2796 1108 2873 daemo-

185 2896 268 2955 nium
292 2915 370 2975 esse,
394 2897 420 2955 si
443 2897 510 2975 quis
533 2891 644 2954 omnia*
658 2915 738 2975 quae
760 2902 831 2957 sunt
852 2901 906 2957 aut
925 2895 1042 2955 faciunt
1064 2896 1107 2956 ni·
1152 2923 1155 2931 ·

182 2976 226 3038 hil
250 2998 319 3039 esse
341 2977 462 3040 dixerit.
505 2978 562 3038 Est
584 2976 699 3038 bonum
722 2979 753 3039 iu
775 2998 900 3060 genere,
923 2984 971 3038 est
992 2978 1107 3039 bonum

184 3066 326 3139 naturae,
355 3062 442 3140 quasi
464 3061 526 3126 hoc
556 3060 630 3120 satis
653 3062 707 3138 sit,
741 3081 803 3123 non
832 3062 925 3122 etiam
956 3062 1108 3141 pessimus

184 3143 313 3241 quisque
335 3148 420 3204 actus
443 3142 483 3204 sit
504 3143 617 3206 bonurn
646 3149 769 3220 natura,
792 3145 855 3205 imo
879 3144 995 3204 bonum
1017 3142 1108 3205 alicui

183 3244 213 3287 rn
258 3246 359 3290 encre.

236 3246 409 3371 gDimissis
444 3310 510 3370 istis
539 3308 713 3390 quaerimus
745 3328 823 3388 quae
855 3315 926 3369 sunt
955 3329 1051 3390 prava
1078 3319 1109 3371 et

184 3409 304 3472 aspera,
327 3392 399 3453 item
423 3394 509 3453 recta
530 3391 688 3474 etplana?
731 3390 830 3453 Pravo
849 3390 993 3473 intelligit
1004 3411 1108 3469 curva,

184 3474 266 3554 quod
291 3480 376 3554 patet
397 3495 451 3556 per
472 3496 560 3537 suum
579 3476 766 3555 oppositum,
779 3472 1004 3538 scilicetrecte.
1036 3474 1109 3537 Dixi

184 3561 285 3618 autem
309 3577 410 3639 supra,
433 3556 590 3638 quomedo
614 3556 665 3617 lex
687 3557 794 3618 literae
816 3557 856 3617 sit
877 3558 1027 3637 curvitas,
1049 3560 1108 3639 spi5

183 3641 258 3702 ritus
281 3649 384 3702 autem
406 3642 574 3721 rectitudo,
603 3645 651 3717 ut,
673 3659 736 3701 non
758 3637 991 3718 moechaberis,
1020 3642 1046 3702 si
1068 3642 1107 3702 ad

185 3751 335 3758 -—--.—.
346 3754 350 3758 .
362 3753 367 3758 .
406 3754 476 3759 ...-—-
500 3755 603 3761 --—---

241 3789 270 3853 *J
288 3754 435 3845 maanes.
455 3755 550 3856 rfrsr
568 3788 629 3859 sqq.
667 3786 772 3842 wueu.
792 3786 850 3854 in,
869 3786 940 3843 2222
959 3788 1018 3857 sqq.
