2356 4200
128 260 170 327 10
520 265 658 319 Pradaho

126 431 304 494 ardentibus
326 431 514 513 pectoribus,
536 437 570 493 ut
584 432 669 494 Deus
690 430 851 494 confirmet
871 432 941 512 hoo,
963 432 1046 512 quod

127 520 272 597 operatus
285 522 334 576 est
343 517 373 575 in
386 514 485 595 nobis,
499 521 626 596 propter
636 516 783 596 templum
796 523 936 577 sanctum
947 535 1046 576 snum.

208 600 369 662 Postremo
393 618 505 681 magna
528 600 633 679 opinio
655 599 710 659 fuit
736 606 768 660 et
788 600 950 660 multarum
973 618 1046 679 gen·

126 682 202 744 tium
223 681 344 743 firmata
365 700 529 761 consensu,
551 701 664 762 papam
687 683 717 742 in
741 682 874 742 ecclesia
894 680 1046 745 dominari

126 772 272 845 tanquam
287 765 398 826 Christi
419 765 554 826 villicum
566 772 598 826 et
618 767 795 842 artiensem,
817 772 849 826 et
868 765 927 826 hac
948 765 1046 844 opini-

127 868 187 911 one
209 849 350 911 fascinati
371 849 491 910 divinos
513 848 648 910 honores
661 850 690 909 ei
710 848 913 910 adhibuimus.
957 849 1046 908 Nunc

126 938 229 995 sutem
251 952 306 1012 per
327 933 386 993 Dei
413 933 558 1013 gratiam,
587 950 679 1011 quam
708 933 844 992 omnium
875 939 993 992 mentes
1016 937 1047 992 et

126 1015 249 1098 linguas
279 1015 435 1077 celebrare
457 1014 620 1093 deberent,
650 1015 825 1093 didicimus,
856 1022 887 1076 et
907 1014 1046 1094 quotidie

126 1118 164 1161 eu
186 1100 307 1178 scriptis
329 1099 366 1161 D.
388 1097 511 1159 Lutheri
538 1097 701 1174 discimus,
730 1117 842 1178 papam
871 1117 941 1159 esse
969 1099 1045 1158 anti-

126 1183 282 1260 christum,
305 1181 344 1242 de
366 1201 428 1261 quo
451 1183 612 1242 universae
631 1183 810 1262 scripturae,
832 1181 1046 1263 imprimisque

125 1265 188 1327 diui
204 1264 292 1326 Pauli
320 1265 476 1326 luculenta
497 1266 643 1325 vaticinia
673 1272 803 1328 exstant.
848 1264 925 1325 Nam
950 1271 983 1324 ut
1005 1264 1044 1324 de

126 1349 194 1410 aliis
221 1349 317 1428 signis
339 1348 580 1410 monstrantibus
608 1348 818 1410 antichristum
841 1366 903 1408 non
934 1346 1044 1424 dicam,

127 1434 194 1511 quis
229 1433 353 1512 ignorat
388 1451 500 1513 papam
541 1438 704 1512 praetextu
739 1433 863 1511 pietatis
903 1429 1045 1510 prohibu·

126 1516 188 1577 isse
215 1517 360 1596 coniugia
386 1521 418 1576 et
445 1517 548 1576 certos
575 1514 677 1592 oibos,
708 1534 799 1594 quam
832 1514 955 1594 quidem
977 1532 1045 1594 pro-

125 1598 305 1660 hibitionem
325 1598 454 1679 Spiritus
477 1605 600 1658 sanctus
624 1596 786 1659 adiabolo
810 1599 881 1658 oriri
903 1595 1045 1657 affirmat.

197 1681 294 1743 'Haeo
315 1698 384 1743 cum
407 1683 450 1741 ita
473 1682 550 1757 sint,
574 1687 658 1743 certo
682 1681 771 1742 nobis
792 1680 1044 1760 persuadeamus,

126 1765 223 1825 virum
247 1765 303 1825 Dei
326 1772 357 1826 et
378 1773 554 1845 postremae
575 1767 685 1826 aetatis
706 1765 806 1825 Eliaru
827 1765 865 1826 D.
882 1763 1044 1824 Martinum

125 1847 300 1926 Lutherum,
319 1850 485 1929 praecipue
505 1846 545 1908 ad
572 1848 633 1909 hoc
662 1846 797 1909 officium
826 1847 970 1910 divinitus
994 1865 1045 1906 ex·

127 1932 251 1993 citatum
274 1932 377 2010 luisse,
400 1941 433 1991 ut
454 1932 663 1993 antichristum
686 1932 874 2009 Romanum,
902 1929 1045 2008 illiusque

124 2015 306 2076 immensam
334 2015 552 2094 turpitudinem
583 2017 640 2076 toti
668 2015 820 2076 ecclesiae
847 2013 1045 2094 patefaceret,

125 2116 186 2178 qua
209 2099 336 2179 cognita
355 2098 436 2159 haud
460 2098 551 2159 dubie
573 2096 698 2181 ἄνομος
719 2101 777 2159 iste
799 2099 831 2158 in
845 2098 1044 2178 plurimorum

124 2182 245 2262 piorum
275 2181 451 2262 pectoribus
485 2181 523 2242 de
551 2181 648 2262 gradu
676 2181 833 2258 deiicitur,
868 2187 899 2240 et
924 2186 1045 2260 spretus

125 2265 193 2325 sins
213 2264 332 2326 honore
354 2267 444 2326 iacet.
486 2265 555 2326 Hoc
577 2264 773 2344 beneficium,
795 2263 941 2325 videlicet
961 2269 1045 2342 pate-

124 2347 217 2409 factio
240 2348 419 2427 antichristi,
442 2347 536 2428 longe
559 2350 656 2408 maius
679 2355 736 2426 est,
758 2367 849 2427 quam
873 2353 905 2406 ut
920 2346 1045 2426 angelo·

124 2450 190 2492 rum
203 2435 234 2491 et
245 2430 402 2493 hominurn
418 2431 596 2510 eloquentia
610 2432 683 2491 satis
696 2432 830 2492 enarrari
843 2431 951 2510 possit.
980 2429 1046 2488 Nisi

125 2514 206 2574 enim
235 2515 404 2576 ministerio
435 2515 471 2575 D.
499 2515 620 2575 Martini
647 2514 770 2575 Lutheri
802 2513 896 2574 homo
925 2513 1045 2592 peccati

125 2603 158 2658 et
178 2596 258 2657 lilius
279 2597 460 2678 perditionis
489 2599 643 2659 revelatus
666 2605 764 2676 esset,
794 2598 888 2675 impie
910 2614 947 2656 ac
968 2601 1047 2655 tetre

126 2698 194 2740 cum
222 2699 342 2745 suruma
369 2683 541 2742 temeritate
572 2688 604 2741 et
623 2680 815 2762 impudentia
836 2678 992 2739 diabolum
1016 2685 1047 2739 et

125 2762 335 2825 antichristum
359 2765 568 2842 adoraremus,
592 2771 623 2823 et
644 2783 705 2824 una
729 2783 797 2823 cum
821 2766 890 2841 ipso
912 2763 944 2821 in
966 2769 1046 2843 stag·

125 2866 197 2907 num
219 2847 300 2927 ignis
321 2847 457 2908 ardentis
479 2848 759 2927 praecipitaremur,
782 2855 815 2906 ut
836 2845 994 2905 lohannes
1015 2846 1047 2904 in

126 2929 308 3011 apocalypsi
329 2929 404 3012 Gap.
427 2932 476 2995 20.
500 2931 606 3010 inquit.

209 3011 301 3087 Quod
329 3015 354 3075 si
383 3014 499 3074 nullum
522 3020 685 3094 praeterea
706 3012 835 3073 fructum
865 3013 1047 3091 exscriptis

126 3096 269 3159 Doctoris
283 3097 404 3158 Martini
416 3095 538 3157 Lutheri
561 3115 673 3175 capere
684 3115 857 3174 possemus,
879 3095 933 3154 illa
943 3101 1046 3155 tamen

126 3186 227 3259 certe,
249 3180 288 3241 de
310 3180 418 3260 quibus
443 3180 521 3259 dixi,
550 3187 667 3240 tantum
695 3178 841 3258 ponderis
870 3185 962 3257 atque
984 3197 1047 3241 mo-

127 3265 223 3325 menti
244 3264 368 3341 habent,
391 3271 424 3323 ut
445 3270 572 3343 propter
594 3282 631 3322 ea
653 3263 720 3324 libri
742 3263 865 3324 Lutheri
890 3262 992 3341 magni
1007 3263 1047 3321 la-

126 3346 244 3425 ciendi,
276 3366 458 3427 semperque
489 3348 520 3407 in
553 3346 692 3408 manibus
720 3344 853 3406 habendi
876 3344 1048 3406 videantur.

125 3431 295 3511 Praecipue
327 3450 400 3492 vero
434 3430 474 3493 ob
506 3431 587 3491 hanc
615 3449 740 3490 causam
773 3427 897 3490 assidue
924 3427 1049 3508 legendi

127 3521 213 3591 suut,
235 3520 269 3574 ut
289 3532 346 3575 nos
369 3514 466 3594 probe
490 3515 630 3574 muniant
651 3513 798 3573 adversus
821 3510 948 3572 insidias
971 3512 1047 3571 anti·

127 3597 232 3659 christi
254 3605 285 3656 et
298 3597 586 3679 adiaphoristarum,
608 3597 659 3675 qui
683 3596 782 3656 doctis
796 3594 876 3657 dolis
897 3594 1048 3655 etlacetis

126 3678 249 3745 fabricis
263 3680 458 3760 glaucumam
481 3680 571 3743 nobis
594 3678 633 3739 ob
657 3679 765 3740 oculos
779 3677 914 3738 obiicere
936 3695 1048 3738 conan-

127 3771 193 3848 tur,
216 3771 248 3824 ut
269 3763 532 3828 abominationem
557 3763 670 3826 missae
697 3761 878 3824 idolatricac
900 3759 1047 3842 suffragio
