2356 4200
388 264 424 321 dc
433 266 541 325 ¹virtute
556 263 813 339 indulgentiarum..
983 257 1054 327 269.

129 431 233 509 beret,
265 452 326 493 noa
354 431 539 513 proficerent
567 432 595 493 ei
622 430 845 511 indulgentiae,
877 429 1047 493 secundum

129 514 306 595 opinionem
328 514 465 595 ipsorum
492 517 551 583 (ita
572 514 652 575 enim
675 512 800 594 sapiunt
820 510 988 575 sublimiter
1009 510 1047 573 de

128 598 312 659 remissione
333 597 533 679 poenarum).
558 617 627 657 nam
650 616 705 679 per
727 597 941 657 contritionem
953 594 1047 656 homo

127 680 207 741 redit
228 680 258 741 iu
280 681 426 761 gratiam,
457 681 536 741 sicut
562 680 641 740 illius
662 679 810 760 prodigus
833 698 902 755 cum
926 676 1046 739 Christo
1152 736 1156 741 .

150 771 216 823 atre
238 781 313 837 suo,
357 763 386 825 ui
409 762 544 845 dicit*)3
587 762 698 825 Omnia
720 781 790 823 meu
811 756 864 823 lua
886 766 965 823 sunt.
1007 754 1048 823 tlt

127 782 298 907 basiae-o:
333 782 482 907 isrvulus
504 850 594 907 natus
616 854 663 905 est
683 844 782 913 nobis.
805 852 834 905 et
855 840 935 905 lilius
957 840 1046 905 datus

128 938 176 989 est
197 926 304 1006 nohis3
326 928 479 993 Romuli:
504 926 668 1007 Quomodo
692 947 753 989 non
776 926 970 989 cusiriacum
993 924 1045 989 illo

128 1009 219 1073 nohis
243 1010 390 1073 donavit?

211 1092 315 1163 Sexta,
337 1094 473 1175 alioquin
491 1092 642 1155 feliciores
661 1100 764 1155 essent
780 1094 811 1153 in
826 1092 958 1154 ecclesia
974 1092 995 1152 ii
1005 1091 1046 1167 ¹),

127 1178 180 1257 qui
202 1186 273 1267 supt
293 1177 424 1258 peiores.
456 1176 578 1239 Dictum
601 1185 648 1239 est
669 1178 761 1253 enim,
783 1175 868 1259 quod
889 1174 1046 1257 indulgen·

119 1262 189 1329 ¹tiae
210 1266 340 1340 prosunt·
360 1260 532 1322 criminosis
560 1260 724 1339 duntaxat,
756 1266 787 1319 et
815 1258 891 1335 iis¹)
927 1256 1047 1320 dabitur

127 1344 288 1405 thesaurus
311 1344 487 1404 meritorum
510 1342 629 1411 Christi.
663 1342 768 1403 Pueris
789 1350 900 1420 aulem,
924 1340 1045 1421 virgini-

126 1426 184 1487 bus
212 1444 250 1487 ac
268 1425 481 1487 innocentibus
510 1445 572 1487 non
604 1424 740 1503 dabitur,
771 1422 883 1505 quihus
912 1422 1046 1487 maxime

126 1506 270 1588 debetur,
303 1511 365 1570 imo
393 1509 443 1589 qni
472 1507 586 1569 habent
613 1527 683 1569 eum
712 1508 781 1569 soli.
823 1506 884 1587 Sed
905 1505 935 1569 id
957 1526 1045 1587 argu-

127 1599 263 1653 mentum
287 1612 392 1673 parum
416 1590 488 1653 lacit
512 1590 593 1671 apud
616 1608 681 1670 eos,
702 1590 754 1671 qui
777 1589 914 1667 credunt,
937 1607 1045 1653 omnes

125 1676 245 1755 poenas
267 1674 342 1749 tolli,
365 1694 422 1734 uec
443 1693 536 1755 posse
557 1672 762 1755 indulgentias
785 1672 914 1733 conferri
936 1691 1045 1755 pecca·
1144 1693 1150 1706 ·

125 1757 243 1879 toribup
265 1759 331 1819 sine
354 1759 546 1833 contritione,
568 1758 652 1837 quod
674 1776 733 1838 ego
757 1776 817 1817 uon
840 1755 943 1819 credo.
979 1752 1043 1816 Iam

125 1860 222 1905 cansa

208 1846 338 1995 Ulbmn,
365 1942 455 2003 quern
489 1942 593 1985 secum
622 1923 679 1993 lert
706 1923 773 2003 ipsa
797 1920 955 1982 conclusio
977 1940 1046 2003 pro·

124 2004 291 2077 bulionem,
314 2003 431 2066 scilicet
452 2004 534 2085 quod
558 2007 666 2067 mci-its
683 2004 794 2067 Christi
817 2010 848 2063 et
868 2010 1044 2064 sanctorum

123 2088 191 2149 eius
212 2090 278 2150 sine
299 2107 382 2169 papa
403 2096 666 2171 operantur·opns
681 2108 769 2169 suum
784 2086 908 2168 duplex,
930 2084 1047 2146 scilicet

124 2172 282 2253 proprium
311 2170 505 2233 stelionum.
548 2172 726 2252 Proprium,
757 2169 787 2230 id
816 2177 878 2248 est,
906 2168 1046 2249 gratiam,

123 2256 281 2337 iustitiam,
304 2254 473 2333 veritatem,
495 2254 683 2335 patientiam,
705 2254 864 2315 militatem
886 2252 916 2313 in
939 2252 1045 2332 spiritu

123 2338 257 2399 hominis
279 2336 379 2417 electi,
402 2338 473 2417 quis
495 2338 608 2398 iustitia
630 2336 743 2399 Christi
765 2344 795 2396 et
818 2335 956 2397 meritum
980 2336 1046 2396 eius

124 2418 269 2483 iustificat
290 2428 321 2482 et
341 2421 465 2481 remittit
486 2429 625 2501 peccata,
647 2418 725 2481 sicut
747 2418 898 2481 lohannes
920 2417 1046 2496 sit*‚¹'):

125 2504 210 2565 Ecce
231 2523 330 2585 agnus
351 2502 425 2581 Dei,
447 2521 521 2565 ecce
543 2505 594 2583 qui
618 2502 696 2564 tollit
716 2509 844 2583 peccata
868 2498 987 2578 mundi,
1015 2506 1047 2563 el

125 2588 198 2650 Esa.
220 2584 275 2651 43:
306 2586 426 2647 Servius
450 2605 498 2646 me
519 2584 617 2647 iecisti
639 2587 669 2646 in
692 2583 901 2666 iniquitatibus
925 2586 994 2664 tuis,
1016 2592 1047 2645 et

125 2669 262 2732 lahorem
285 2668 450 2750 praebuisti
469 2668 540 2729 mihi
554 2671 584 2731 in
602 2670 737 2751 peccetis
755 2669 827 2737 tuis:
852 2666 1047 2749 egosumU,

125 2752 177 2832 qni
207 2752 296 2813 deleo
324 2752 498 2832 iniquitates
527 2761 612 2831 tuas,
641 2759 671 2812 et
698 2760 896 2832 peccalorum
925 2757 1045 2813 tuorum

125 2855 187 2897 non
211 2835 407 2896 recordabor.
434 2835 525 2896 Delet
546 2842 648 2897 autem
672 2837 779 2895 merito
792 2852 867 2895 suae
881 2832 1045 2913 passionis.

124 2919 166 2979 Et
185 2920 246 2980 isto
270 2918 361 2980 modo
384 2916 596 2994 concederem,
619 2917 701 2997 quod
724 2916 832 2977 merita
847 2914 964 2993 Christi
986 2914 1047 2977 sint

125 3001 250 3083 quidam
273 3000 442 3077 thesaurus,
464 3000 704 3077 nonecclesiae,
725 2999 780 3061 scd
793 3000 849 3061 Dei
868 3000 973 3079 patris,
995 2998 1045 3079 qui

125 3083 214 3146 nobis
242 3104 297 3166 per
324 3082 501 3164 suffragium
531 3080 642 3145 eilicax
672 3082 754 3163 apud
776 3083 874 3143 Deum
903 3082 1047 3163 impetrat

124 3168 338 3229 remissionem
361 3166 480 3248 culpae.
523 3166 573 3227 Sic
596 3166 669 3227 dicit
696 3167 726 3227 in
747 3164 802 3227 lob
824 3184 880 3245 per
901 3162 1045 3247 liguram:

125 3248 248 3311 Faciem
278 3250 343 3311 eius
374 3250 549 3331 suscipiam.
593 3250 633 3311 Et
662 3248 824 3329 spostolus
856 3246 968 3311 Ehrae.
993 3248 1045 3310 12:

124 3333 312 3415 Sanguinem
329 3332 438 3394 Christi
462 3333 568 3393 melius
591 3333 786 3411 clamantem,
809 3349 900 3411 quant
912 3326 1046 3407 libell),

126 3418 200 3499 qnia
227 3417 352 3498 sanguis
381 3414 499 3495 libell)
532 3414 696 3477 vindictam
730 3423 761 3475 et
797 3414 874 3475 iram
900 3412 1047 3493 postulat,

200 3572 315 3678 1)ΙΙΙ)ἰά.
329 3614 443 3684 legitur:
462 3614 499 3666 hi.
520 3614 571 3665 his.
608 3613 638 3670 2)
654 3610 721 3665 lhid.
741 3610 841 3663 desunt
859 3609 956 3662 verbs:
976 3606 1046 3661 tamt

125 3702 219 3740 causa
256 3686 286 3747 3t
306 3685 375 3740 lbid.
395 3686 420 3740 le
443 3688 508 3739 tur:
528 3700 591 3752 ego,
611 3698 664 3752 ego
684 3699 754 3737 sum.
790 3682 823 3752 4)
845 3679 929 3737 ibid:
948 3680 1046 3737 Habel.

199 3754 315 3825 ‘l'Luc
338 3758 379 3814 lh.
435 3755 467 3826 ‘)
486 3754 583 3810 Iohan.
604 3754 630 3810 1.
