2356 4200
243 340 246 345 ¹
308 253 803 362 apistolaaddlbcrtumlerthlnnm
839 306 854 343 ι·
942 272 1005 343 283

152 432 193 494 ιΟ
210 431 295 495 Deus
307 430 432 512 optime,
455 432 501 494 sic
518 431 696 495 erudiuntur
710 434 832 497 animae
845 430 904 505 tuis
916 431 1005 512 curis,

80 516 202 597 optime
223 515 330 595 Pater,
357 514 541 578 commissae
561 512 602 577 ed
623 521 771 596 mortem,
800 520 832 579 et
857 513 1005 599 ditatque
1122 548 1126 555 ·

80 601 195 661 crescit
216 598 379 661 durissima
397 598 477 663 ratio
499 599 555 661 tibi
575 596 734 661 reddenda
752 619 845 680 super
863 597 1004 661 omnibus

77 683 159 745 istis.
200 680 319 745 Idcirco
341 687 444 745 tacere
463 680 542 745 heac
562 683 692 764 amplius
714 703 777 745 non
807 683 912 765 potui,
941 701 1004 753 non

80 767 165 828 enim
193 763 229 829 fit
255 765 350 833 homo
379 785 435 849 per
462 765 558 827 ullum
586 785 695 827 munus
718 766 857 846 episcopi
878 782 1004 837 securus

81 850 121 911 de
155 848 271 929 saluta,
299 867 369 910 cum
397 868 457 911 nec
485 868 541 930 per
566 851 695 931 gratiam
716 846 774 911 Dei
801 848 931 910 infusam
953 842 1007 911 fiat

82 950 221 1011 securus,
240 930 298 993 ¹sed
321 951 443 1015 semper
464 932 495 993 in
517 930 628 994 timore
651 937 682 994 et
703 939 836 995 tremore
852 931 938 994 iubet
948 950 1005 993 nos

82 1017 212 1098 operari„
235 1012 368 1097 salutem
397 1021 546 1081 nostram
565 1014 786 1097 apostolus.*)
834 1012 875 1077 Et
898 1016 1005 1093 iustus,

80 1098 183 1180 iuquit
190 1096 299 1163 Petrus
310 1094 344 1183 4)
356 1099 409 1161 vix
420 1099 467 1160 sal
488 1096 589 1162 abitur
600 1096 669 1177 **).
691 1095 832 1179 Denique
847 1105 908 1160 tam
921 1104 1007 1159 arcta

82 1189 132 1244 ast
152 1183 214 1262 via,
237 1201 317 1261 quae
339 1178 424 1243 ducit
445 1119 487 1243 ad

80 1265 193 1346 phetas
216 1266 313 1326 Amos
333 1273 365 1328 at
384 1262 565 1327 Zachariam
593 1262 760 1328 salvandos
789 1263 926 1346 appellat
946 1270 1006 1335 tor-

80 1367 133 1409 res
153 1353 261 1430 raptos
283 1347 323 1425 de
343 1346 503 1426 incendio,
523 1352 555 1410 et
574 1348 688 1430 ubique
708 1347 858 1427 Dominus
880 1344 1006 1410 difficul-

79 1432 179 1493 iatam
201 1430 308 1495 salutis
330 1414 506 1512 denunciet.

165 1510 265 1591 curt)
290 1533 371 1596 ergo
395 1514 554 1597 perillus
582 1510 677 1576 falsas
706 1515 866 1577 veniarum
888 1513 1007 1577 fabulas

82 1602 115 1659 et
135 1596 359 1678 promissiones
379 1596 610 1679 praedicatores
639 1597 782 1674 commi)
816 1596 933 1658 iaciunt
953 1617 1007 1679 po·
1081 1609 1083 1614 ’

81 1679 188 1760 pulum
212 1699 353 1743 securum
383 1685 415 1761 et
442 1682 513 1759 sine
542 1674 672 1743 timore?
699 1700 768 1743 oum
795 1674 1008 1764 indulgentiae

80 1782 209 1844 prorsus
235 1760 325 1837 nihil.
338 1763 412 1826 boni
441 1762 601 1833 conferant
628 1760 787 1833 animabus
815 1763 1006 1827 adsalutem

81 1846 138 1908 aut
160 1846 366 1925 sanctitatem,
388 1844 443 1908 sed
465 1845 679 1929 tantummodo
690 1865 825 1929 poenam
836 1854 1007 1926 externam,

81 1928 157 1990 olim
181 1929 332 1991 manniae
353 1920 630 2010 imponisolitam,
650 1930 799 2007 auferant.

166 2011 308 2093 Denique
326 2031 422 2093 opera
462 2010 564 2076 ietatis
588 2019 620 2074 et
647 2013 781 2075 caritatis
811 2017 882 2074 sunt
908 2013 939 2073 in
961 2014 1005 2073 in·

80 2090 200 2157 finitum
236 2092 365 2159 meliora
394 2094 428 2156 in
450 2094 607 2178 uigentiin
640 2102 671 2158 et
705 2096 808 2179 tamen
836 2094 914 2157 haec
941 2114 1006 2157 non

80 2184 168 2243 tanta
187 2196 307 2258 pompa
325 2197 384 2241 nac
405 2183 491 2245 tanto
512 2177 614 2241 studio
628 2178 817 2260 praedicant,
833 2181 1006 2259 imoprop-

81 2267 127 2322 ter
150 2261 259 2323 venias
279 2261 504 2343 praedicandas
525 2260 579 2323 illa
600 2268 714 2342 tacent,
736 2267 923 2335 cumtamen
942 2280 1005 2323 om·

78 2344 163 2405 nium
185 2344 402 2425 episcoporum
424 2344 485 2406 hoo
506 2344 546 2405 sit
577 2342 714 2407 officium
740 2345 872 2429 primum
901 2350 933 2407 et
955 2364 1004 2407 so·

36 2450 40 2457 ’
78 2426 161 2504 lum,
184 2433 218 2486 ut
238 2426 372 2507 populus
395 2427 590 2508 evangelium
612 2424 725 2508 discat,
750 2424 821 2512 etl)
846 2429 1005 2491 caritatem

70 2509 212 2593 Christi,
239 2529 390 2590 nusquam
419 2511 501 2571 anim
522 2511 672 2593 praecipit
683 2510 715 2594 8)
748 2508 885 2577 Christus
902 2510 1004 2581 ¹indul-

79 2589 255 2673 dulgentias
286 2591 495 2672 praedicaril)
541 2591 680 2668 Quantus
709 2613 783 2675 ergo
817 2594 925 2657 horror
949 2600 1005 2671 est,

80 2681 230 2755 quantum
251 2674 420 2756 periculum
443 2677 592 2757 episcopi,
615 2677 640 2736 si
653 2676 747 2738 tacito
766 2678 928 2758 evangalio
942 2696 1005 2739 non

80 2759 140 2820 nisi
171 2757 317 2837 strepitus
345 2758 603 2838 indulgentiarum
626 2760 782 2840 permittat
803 2761 834 2820 in
855 2761 1004 2840 populum

80 2858 170 2901 suum
183 2841 287 2922 spargi
298 2840 342 2915 ¹⁰]
353 2887 364 2917 ,
375 2848 406 2902 et
415 2841 471 2903 has
488 2842 557 2924 plus
571 2849 672 2922 curet,
684 2861 776 2922 quam
789 2842 1005 2923 evangelium?

80 2942 187 2984 nonne
225 2920 308 2984 dicet
338 2923 399 2983 illis
438 2920 589 2985 Christus:
633 2924 780 2987 colantes
812 2925 941 2987 cilicem
974 2933 1006 2987 at

79 3006 248 3086 glutientes
270 3007 432 3067 camelum.
707 3078 710 3085 Ι

162 3087 293 3148 Accedit
325 3089 365 3149 ad
391 3086 523 3171 hoen),
552 3088 811 3152 reverendissime
844 3091 933 3151 Pater
970 3092 1002 3151 in

79 3172 235 3250 Domino,
256 3171 339 3250 quod
365 3173 397 3233 in
418 3173 618 3234 instructione
639 3174 693 3235 illa
715 3174 1004 3254 commissariorum,

407 3301 508 3308 *-

116 3347 149 3416 4)
165 3346 247 3415 Apud
262 3346 296 3401 de
305 3349 347 3400 W.
359 3346 448 3401 deest:
467 3349 557 3416 inquit
567 3349 662 3399 Petrus
696 3349 728 3411 5)
742 3348 776 3403 de
785 3351 840 3401 W.:
853 3349 1002 3418 quomodo.

79 3421 96 3475 6
141 3419 222 3488 Apud
250 3417 285 3472 de
303 3420 344 3469 W.
370 3419 472 3473 desunt
487 3419 636 3471 vocabula:
666 3420 872 3488 praedicatores
900 3436 1003 3474 aarum.

79 3493 95 3546 7
140 3490 175 3544 de
193 3491 248 3544 W.:
270 3495 364 3558 atque.
399 3490 432 3556 8)
454 3489 488 3544 de
507 3491 564 3543 W.:
583 3492 665 3543 etiam
685 3495 834 3560 praecepit.
868 3493 900 3556 9)
923 3492 1004 3562 Apud

79 3562 113 3616 da
135 3563 175 3612 W.
190 3561 318 3625 additum
337 3561 452 3630 legitur:
474 3561 525 3615 aad
542 3561 726 3630 Evangelium
738 3564 916 3617 vehementer
926 3579 1004 3632 praa-

79 3636 148 3701 cipit
158 3632 331 3758 1praedicari.
371 3633 419 3700 10)
440 3631 522 3701 Apud
543 3632 743 3691 deW.‚deest:
767 3638 871 3704 spargi.
903 3635 951 3705 11)
970 3635 1005 3690 da

77 3707 139 3760 W.:
179 3721 236 3758 aec.

133 3774 299 3847 ·)1’ntu2.
340 3772 559 3842 ”neema
600 3799 617 3843 ς·

506 1182 611 1263 vitam,
633 1189 667 1244 ut
687 1180 838 1249 Dominus
860 1200 916 1263 per
936 1199 1006 1263 pro-
1127 1250 1131 1257 ¹
