2356 4200
464 280 693 345 ussssnauu.
991 275 1055 347 107

141 450 222 513 ahi
243 455 318 513 tune
338 451 455 517 laniunt
475 471 515 517 ex
537 453 681 533 'operibus
701 454 835 517 iustitiae
852 452 909 515 sibi
923 458 1051 535 petram,

139 536 193 597 imo
214 554 341 597 arenam
362 533 554 601 fundamenti
577 536 757 617 et.·peiusin
771 537 841 613 illis,
866 556 957 616 quam
968 537 1051 616 prius

136 618 162 678 in
191 637 284 683 earm
317 624 351 681 et
380 618 576 685 sensibilibus
608 621 744 700 peccatis
777 620 897 681 luerunt
930 620 1051 700 polluti.

135 699 294 763 Οεπειεεε
317 720 394 782 ergo
415 720 472 783 per
494 703 599 767 amnia
620 710 737 783 septem
760 710 889 783 peecata
898 703 1051 769 mortalia·

211 783 413 867 Superbia
434 785 532 866 primo
555 785 717 866 multiplex
737 786 808 847 illos
831 791 935 848 vexet.
968 785 1051 849 Priu-

130 867 208 948 eipio
232 868 308 946 quIa
329 886 406 948 prae
425 867 489 929 illis
509 868 652 948 operibus
674 869 763 931 bonis
782 867 975 948 impossibile
994 875 1051 949 eet,

128 968 183 1011 ens
203 949 313 1015 videre
335 970 370 1013 se
390 950 505 1013 habere
527 960 671 1031 peeeata,
700 953 770 1030 quia
792 971 856 1015 non
878 959 1052 1031 agnoseunt

129 1034 188 1095 nisi
211 1033 374 1096 sensibilia
394 1040 426 1097 ει
446 1036 599 1097 contraria
621 1036 683 1097 suis
706 1035 860 1114 operibus.
902 1034 971 1099 Hoc
992 1035 1051 1113 pri.

126 1136 210 1176 mum
234 1118 368 1199 agnum,
384 1116 509 1181 scilieet
527 1119 662 1183 suscitas
683 1119 792 1179 mentis
813 1119 845 1178 in
867 1119 927 1179 istu
948 1116 1051 1181 Pheri-

125 1218 201 1260 saeo
224 1199 350 1261 abunde
371 1207 473 1279 patet,
508 1201 559 1278 qui
580 1219 707 1280 prorsus
729 1200 846 1261 nullum
865 1201 897 1261 in
920 1218 954 1260 se
974 1198 1052 1265 vidit

125 1288 310 1362 pausatum,
333 1290 517 1345 exaaeeetus
537 1285 669 1364 propriis
692 1283 856 1363 operibus,
879 1300 960 1362 quae
982 1282 1051 1343 sola

124 1366 284 1445 reputavit
313 1364 406 1429 bana.
455 1365 630 1429 Secundum
666 1368 786 1447 signum
810 1373 858 1426 est
883 1366 1048 1443 luxuria,

125 1448 163 1509 id·
180 1454 250 1526 est5
269 1447 432 1526 delectari,
454 1447 594 1528 plaeere,
622 1449 738 1511 titillari
758 1451 789 1509 in
812 1448 929 1511 eisdem
951 1449 1049 1528 openi-

126 1531 194 1609 bus,
224 1529 311 1610 quud
333 1538 381 1591 est
402 1531 701 1597 eontradoetrinam
724 1531 854 1593 Christi:
887 1531 974 1593 Beati
995 1531 1048 1609 qui

125 1614 252 1694 lugent3
280 1613 389 1693 lugent
418 1620 537 1691 autem,
567 1616 618 1693 qui
646 1616 745 1675 lueem
768 1616 879 1679 mentis
900 1612 1050 1675 habentes

125 1697 234 1761 viden
256 1697 352 1760 etium
375 1697 499 1757 uaeulta
518 1704 648 1777 peecata
668 1716 734 1759 sua.
766 1696 815 1765 Ps.
838 1696 957 1759 XVIII:
991 1696 1050 1757 Da

124 1780 200 1842 liuta
228 1780 299 1858 quis
321 1779 488 1860 iutelligit?
530 1779 579 1842 Ab
601 1781 730 1842 occultis
753 1781 829 1848 meis
851 1779 966 1841 munda
988 1797 1048 1842 me.

124 1862 216 1925 Unde
243 1861 358 1923 Fueuh.
388 1862 475 1923 XVI:
518 1862 560 1922 Et
585 1863 680 1925 habes
702 1862 844 1929 fiduciam
865 1864 896 1922 in
917 1861 1047 1942 pulchri.

124 1946 233 2009 tudine
256 1953 324 2021 tua.
341 1945 492 2009 fornicata
513 1964 546 2006 es
568 1947 600 2007 in
622 1947 749 2007 nomine
769 1954 832 2022 ιεε,
853 1947 872 2007 i.
895 1965 922 2006 ε.
934 1945 1047 2009 iaetan-

125 2031 178 2107 tia,
201 2027 287 2107 quod
309 2047 342 2088 ee
365 2029 472 2091 iustus.
506 2026 641 2091 Tertium
659 2038 707 2089 est
727 2030 888 2091 temeraria
909 2028 1047 2088 seauri-

125 2120 202 2192 tas,
232 2116 343 2173 εοειεε
374 2112 515 2173 timorem
535 2113 603 2174 Del.
646 2113 758 2175 Beatus
781 2113 862 2171 enim
885 2112 936 2190 qui
958 2111 1046 2171 tImet

124 2196 304 2257 Dominum.
347 2194 387 2254 Et
408 2195 453 2257 illi
474 2197 572 2257 securi
584 2202 662 2274 sunt,
680 2196 750 2257 ideo
768 2193 934 2254 timendum
947 2193 1045 2255 Deum

124 2299 188 2339 εεε
211 2283 335 2358 rugant,
357 2277 414 2339 sed
435 2278 534 2338 solum
547 2279 682 2357 laudant,
705 2284 886 2339 eumtamen
900 2277 965 2337 laus
979 2277 1046 2338 sine

124 2363 236 2423 timore
259 2370 290 2422 et
311 2360 475 2421 exsultatio
498 2362 565 2423 siue
586 2368 718 2423 tremore
740 2360 898 2438 utnulla,
926 2368 956 2419 et
975 2358 1042 2421 hou

124 2452 173 2505 est
193 2444 393 2524 praecipuum
416 2444 578 2523 superbiae
600 2446 728 2525 signum.
763 2443 909 2518 Quartum
933 2449 980 2503 eet
996 2449 1046 2503 ta-

125 2528 327 2589 merarium
348 2525 548 2605 iudicium,
571 2528 652 2607 quud
677 2528 783 2591 omnia
804 2532 890 2586 extra
912 2544 966 2585 aas
986 2527 1047 2586 sint

125 2610 301 2682 immunda,
323 2610 427 2670 uthis
449 2610 630 2672 Pharisaeus
652 2610 727 2672 nihil
748 2608 824 2670 vidit
846 2607 991 2669 mundum
1013 2610 1045 2670 in

126 2693 271 2755 omnibus
292 2692 479 2755 huminibus.
521 2693 561 2753 Ει
582 2694 646 2754 fere
667 2692 792 2753 difficile
815 2697 877 2767 east⁷
904 2691 970 2769 his,
994 2693 1046 2770 qui

125 2778 155 2837 in
176 2778 239 2839 isto
263 2782 344 2837 statu
367 2783 447 2853 sunt,
471 2795 539 2837 eum
562 2776 693 2838 viderint
713 2775 791 2835 alios
810 2773 867 2837 eibi
883 2772 1045 2836 dissimiles

125 2878 188 2920 nun
211 2859 365 2932 iudicare,
396 2879 458 2921 εεε
481 2866 696 2933 contemnere„
727 2877 789 2919 uon
825 2857 901 2916 viles
922 2856 1045 2919 habere.

124 2942 173 3002 Ex
195 2943 305 3003 horum
327 2960 454 3003 numero
479 2948 549 3002 sunt
572 2944 662 3003 etlam
686 2942 726 3019 hi,
750 2941 801 3019 qui
820 2939 998 3019 praedicant
1015 2946 1045 3003 et

125 3032 265 3106 arguunt,
288 3032 320 3086 et
341 3025 385 3087 nil
406 3026 463 3085 nisi
479 3026 706 3105 increpationes
718 3023 919 3085 obblatenaut.
953 3021 1044 3097 Quin·

126 3117 188 3169 tum
212 3128 280 3169 eum
302 3107 436 3169 viderint
456 3107 589 3187 aliquem
614 3127 759 3189 peecare,
778 3125 850 3171 ‚non
872 3107 971 3186 primo
993 3127 1045 3187 ge·

126 3199 213 3252 munt
234 3212 290 3271 pro
313 3211 362 3269 eo,
385 3191 440 3251 sed
462 3193 563 3256 statim
586 3191 737 3253 offensi
761 3186 914 3269 cogitant,
937 3190 1044 3269 quibus

126 3275 228 3336 verbis
250 3274 335 3334 illurn
364 3274 531 3348 Invadunt,
554 3275 744 3350 exclament,
766 3272 943 3350 detrahant,
971 3273 1044 3334 iudi-

125 3365 205 3419 cent.
258 3357 433 3419 Secundum
462 3358 496 3418 B.
525 3356 709 3437 Gregorius]
732 3375 805 3417 veru
826 3356 941 3416 iustitia
962 3375 1043 3416 aom-

126 3443 323 3520 passionem,
351 3440 429 3500 falsa
450 3448 551 3500 autem
565 3440 818 3520 ‚indignationem
847 3438 949 3514 habet,
972 3439 1042 3501 ideo

124 3525 286 3603 impiorum
310 3523 469 3583 hominum
492 3530 553 3599 est,
582 3523 699 3585 trabem
721 3523 752 3583 in
776 3520 873 3583 oeulis
901 3523 964 3582 suis
992 3522 1043 3582 ha

125 3607 197 3667 bera
219 3607 411 3686 neglectum,
434 3613 465 3666 at
485 3606 634 3670 festucam
657 3606 762 3667 videre
783 3605 813 3666 in
837 3604 949 3665 alieno.
994 3604 1045 3665 Sin

123 3689 172 3749 hic
199 3690 393 3749 Pharisaeus.
437 3688 614 3752 stultissimi
643 3689 785 3750 homines
808 3688 895 3765 quasi
917 3688 1044 3748 verbum

124 3792 230 3835 eorum
254 3771 386 3834 sufficiat
401 3772 561 3854 proximu,
578 3771 810 3853 ,itahabstinent
830 3770 933 3855 upimo,
962 3789 1044 3831 unm-
