2356 4200
323 325 359 380 de
376 326 476 380 virtute
493 279 739 418 indulgentiarum
931 323 993 390 181

69 512 139 554 sess
161 512 254 574 posse
277 511 410 572 unquam
433 492 550 572 redimi,
573 494 630 553 nisi
651 493 734 574 qnod
755 494 847 555 sentit
859 494 995 556 noudum

70 575 255 655 eompletem
278 594 422 656 poenam.
465 576 521 636 llst
542 584 644 636 tamen
667 582 801 654 aeterna,
822 595 924 656 neque
942 595 995 658 po·

69 665 218 720 testeam
242 658 443 738 temporalem
470 659 662 733 existimare,
690 659 789 719 solum
817 660 996 738 relinquitur

70 740 184 801 nudum
208 740 391 802 desiderium
414 741 530 818 auxilii,
549 749 578 801 et
597 741 767 802 horrendus
786 743 928 821 gemitus,
940 742 995 804 ssd

68 825 167 885 nesoit
190 823 271 884 unde
292 831 378 904 petat
399 824 557 886 auxilium.

153 905 210 966 Hie
238 914 285 967 est
306 908 408 966 anima
431 924 570 988 expansa
593 924 660 965 oum
684 906 820 983 Christo,
850 913 883 966 ut
911 906 995 968 dinu-

69 995 225 1050 merentur
248 990 351 1049 omuia
375 1008 447 1050 ossa
469 990 544 1068 eius,
568 1008 625 1049 neo
647 993 696 1051 est
717 988 796 1048 ullus
811 1008 849 1050 an
875 989 941 1049 ulus
963 991 993 1050 in

70 1092 121 1143 ea,
153 1090 215 1133 non
237 1071 371 1152 repletus
394 1071 597 1133 amaritudine
619 1072 826 1146 amarissima,
852 1008 996 1152 bonore,

69 1173 202 1236 pavore,
225 1155 363 1231 tristitia,
392 1156 446 1214 sed
468 1156 505 1215 iis
528 1154 668 1215 omnibus
690 1173 753 1214 non
776 1155 833 1214 nisi
854 1156 994 1216 aeternis.

152 1237 193 1298 Et
213 1245 246 1296 ut
269 1237 337 1297 dem
361 1237 458 1297 simile
481 1245 644 1316 uteunque,
667 1239 692 1296 si
714 1230 845 1317 sp'baera
861 1245 997 1299 transeat

69 1339 164 1401 super
185 1320 296 1381 lineam
317 1329 452 1397 restam,
482 1319 608 1399 quilibet
637 1325 769 1399 punctus
793 1320 874 1380 linea
895 1328 996 1382 taetus

69 1409 165 1464 totam
188 1402 245 1463 lert
267 1403 444 1482 sphaeram,
474 1420 535 1462 non
564 1408 666 1462 tamen
698 1402 930 1483 comprehendit
952 1411 996 1465 to·

68 1493 131 1547 tam
154 1485 327 1567 sphaeram.
363 1484 409 1546 Ita
431 1485 586 1545 animuin
609 1503 665 1544 suo
688 1493 813 1565 punoto,
837 1485 907 1546 dum
931 1493 996 1549 tan·

69 1569 151 1650 gitur
172 1587 191 1629 a
210 1573 387 1629 transeunte
410 1566 609 1628 inundatione
631 1574 772 1645 aeterna,
808 1568 880 1629 nihil
903 1571 996 1631 sentit

71 1660 102 1713 et
121 1650 206 1727 bibit,
230 1652 286 1711 nisi
310 1657 467 1712 aeternam
489 1669 633 1731 poenam,
656 1650 710 1711 sed
732 1669 794 1711 uon
808 1659 920 1731 manet,
941 1654 995 1715 ite

68 1754 135 1796 rum
160 1736 240 1795 enim
263 1735 381 1796 transit.
418 1733 513 1814 Igitur
535 1734 559 1793 si
582 1733 754 1794 viventibus
772 1735 922 1814 contingit
943 1735 996 1796 illa

69 1818 233 1878 inferorum
257 1835 377 1897 poena,
401 1815 431 1875 id
454 1823 517 1890 est,
551 1815 751 1877 intolerabilis
774 1816 824 1876 ille
846 1836 944 1897 pavor
965 1825 996 1879 et

68 1900 311 1976 inconsolabilis,
339 1898 435 1960 multo
458 1900 556 1978 magis
576 1899 745 1960 animarum
768 1899 797 1958 in
817 1901 998 1980 purgatorio

71 1983 191 2044 videtur
214 1981 282 2043 talis
305 2001 373 2041 esse
401 2000 519 2063 poena,
550 1981 604 2041 sed
633 1982 789 2043 continua.
842 1982 919 2058 ΕΗ)
951 1990 998 2043 est

69 2066 149 2146 ignis
181 2065 232 2126 ille
253 2065 390 2125 internus
413 2065 508 2126 multo
539 2065 684 2134 atrooior,
718 2083 810 2143 quam
841 2073 996 2126 externus.

71 2148 209 2224 Quodsi
232 2149 299 2227 quis
320 2148 380 2207 ista
402 2166 463 2207 non
488 2146 593 2222 credit,
616 2165 677 2207 non
696 2146 918 2220 contendimus,
942 2147 996 2209 se'd

69 2231 101 2291 id
123 2238 240 2291 tantum
264 2229 429 2307 eitioimus,
463 2229 545 2308 quod
573 2229 615 2290 illi
644 2231 802 2290 veniarum
825 2249 994 2310 praecones

70 2313 167 2375 multa
189 2313 313 2389 dieunt,
337 2331 415 2392 quae
438 2312 486 2372 vel
507 2313 651 2392 ignorant
673 2313 720 2372 vel
737 2311 883 2391 dubitant,
906 2313 996 2375 nimis

69 2397 224 2458 audacter.
274 2396 373 2476 Magis
405 2395 484 2454 enim
514 2394 698 2456 eredendum
727 2402 774 2455 est
801 2397 935 2476 expertis
964 2396 995 2457 in

68 2480 126 2558 his,
150 2498 241 2559 quam
264 2479 322 2538 illis
344 2478 522 2558 inexpertis.

153 2562 248 2623 Sexto
271 2560 362 2621 adid
384 2560 458 2620 lsait
479 2560 626 2622 autoritas
649 2560 816 2637 eeclesiae,
845 2579 925 2640 quse
947 2580 996 2623 oa·

69 2647 123 2722 nit,
146 2643 240 2706 libera
261 2662 314 2704 eas
336 2642 374 2704 de
396 2662 450 2703 ore
471 2643 647 2720 leonis,·ne
669 2642 835 2704 absorbeat
857 2662 910 2703 eas
934 2650 993 2704 tar-

68 2736 169 2805 tsrus,
201 2728 274 2787 item
297 2746 315 2786 a
336 2733 427 2806 porta
448 2727 543 2788 interi.
587 2725 705 2802 Quibus
727 2725 827 2787 verbis
850 2732 932 2786 oerte
954 2727 996 2786 vi-

70 2811 158 2872 detur
179 2809 353 2890 significari,
377 2829 445 2869 esse
467 2811 586 2870 animas
608 2809 691 2869 velut
713 2809 773 2869 iam
796 2809 825 2868 in
845 2816 944 2888 porta,
966 2815 997 2870 et

68 2895 194 2954 introitu
223 2893 446 2970 damnationis,
484 2899 514 2952 et
542 2892 628 2951 initio
657 2891 781 2968 inferni,
814 2891 896 2970 quod
934 2890 996 2952 dixi

68 2994 167 3057 prope
190 2976 434 3056 desperationem
458 2993 536 3052 esse,
558 2993 617 3034 neo
639 2993 719 3035 vana
742 2993 810 3034 esse
833 2973 926 3034 verba
949 2993 996 3034 es·
1077 3035 1079 3038 Α

71 3058 184 3119 alesine
207 3058 307 3122 oredo.

366 3255 583 3318 Oonolusio
611 3254 703 3316 XVI.

156 3387 303 3447 Videntur
319 3386 464 3464 internus,
487 3384 708 3465 purgatorium,
731 3384 850 3445 eoelum
866 3383 996 3462 differre,

71 3471 150 3530 siout
173 3469 358 3550 desperatio,
377 3488 475 3549 prope
491 3467 674 3547 desperatio,
686 3468 832 3527 securitas
846 3466 997 3528 differunt.

156 3552 187 3613 Si
221 3554 288 3632 quis
323 3551 398 3612 duas
427 3550 646 3633 praesedentes
671 3551 886 3612 nonolusiones
908 3569 996 3612 veras

129 3808 157 3865 lt
179 3807 209 3858 ln
230 3805 274 3860 ed.
293 3807 353 3859 Jen.
374 3807 530 3874 appositum
551 3810 604 3858 est:
626 3806 677 3859 hie.
