2356 4200
427 300 456 359 F.
474 298 609 359 iohannis
629 302 752 359 Tot-nolit.
991 302 1053 369 301
1123 263 1126 269 Ι

216 471 277 550 59)
301 470 471 534 Securitate
496 472 712 550 coniecturali,
749 478 893 553 quantum
921 473 1056 536 humana

129 553 249 634 perfert
263 554 475 636 imbecillitas,
498 556 613 617 nullum
638 575 706 617 esse
730 575 872 617 securum
894 556 932 617 de
953 559 1056 618 venia-

128 657 198 696 rum
220 638 459 719 consecutione,
489 641 581 700 etiam
603 639 707 719 factis,
737 657 816 720 quas
837 638 968 700 iubileus
992 641 1054 701 exi-

128 720 191 801 git,
216 737 311 784 error.

215 804 274 885 60)
298 804 483 865 Rarissimos
514 823 601 883 esse,
638 810 669 866 et
700 823 763 866 uon
792 806 885 866 etiam
905 804 1053 886 plurimos

127 887 219 946 iuxta
238 885 369 948 formam
390 886 496 949 iubilei
519 895 612 969 agent
614 906 657 967 es,
680 889 731 968 qui
754 894 982 968 consequantur
1002 907 1053 949 ve·

128 970 216 1049 nias,
239 986 333 1031 error

216 1055 275 1129 61)
298 1052 482 1114 Relaxctum
503 1073 560 1134 per
580 1054 686 1114 venias
708 1053 876 1134 plenanas,
895 1053 982 1113 iuxta
994 1053 1054 1113 for-

128 1154 213 1195 mam
236 1137 392 1217 rescripti,
421 1136 566 1198 videlicet
592 1156 665 1197 vere
687 1136 861 1198 confessum
891 1142 921 1196 et
943 1137 1051 1197 contri·

128 1225 194 1278 tum
219 1225 277 1280 etc.
299 1237 362 1280 non
384 1238 454 1280 esse
475 1238 616 1280 securum
637 1219 676 1280 de
698 1238 754 1279 sua
775 1220 883 1298 salute,
906 1237 1000 1282 error.

215 1299 274 1383 62)
299 1301 463 1382 Papalibus
493 1301 692 1383 indulgentiis
727 1301 894 1362 secundum
929 1321 1053 1364 omnem

128 1383 262 1444 formam
291 1386 349 1446 rite
378 1385 536 1465 acquisitis
568 1403 631 1445 uon
666 1385 859 1446 reconciliari
896 1385 1053 1446 hominem

127 1466 218 1546 Deo,
238 1486 312 1528 vere
334 1466 479 1528 videlicet
502 1469 718 1528 contritumet
738 1468 930 1547 o,onfessum
959 1488 1052 1530 error.

215 1551 273 1617 63)
298 1548 421 1611 Gratias
443 1550 581 1611 veniales
602 1569 666 1611 non
688 1552 842 1631 respicere
863 1570 1052 1633 n1s1poenas

128 1633 361 1710 satisfactionis,
383 1631 422 1694 ab
443 1632 569 1695 homine
594 1635 792 1714 constitutas,
822 1640 854 1695 et
874 1653 937 1695 non
960 1636 1052 1744 etiam

129 1734 149 1774 a
170 1734 294 1777 canone
316 1715 366 1776 vel
387 1717 503 1776 iustitia
523 1716 637 1794 diviua,
659 1736 752 1778 error.

216 1796 274 1882 64)
298 1796 369 1858 Non
406 1817 476 1860 esse
505 1799 710 1860 Christianum
741 1798 869 1880 dogma,
905 1800 988 1878 qnod
1008 1820 1054 1861 re·

129 1879 288 1961 dempturi
315 1899 395 1961 pro
402 1883 511 1942 amicis
540 1882 779 1943 confessionalis
808 1881 858 1942 vel
887 1882 1053 1980 purgandis

125 1963 275 2025 iubileum
311 1965 432 2045 possint
419 1964 548 2025 thaec
580 1965 682 2026 facere
712 1965 828 2044 absque
856 1966 1051 2048 contritione,

128 2065 222 2112 error.

211 2132 270 2205 65)
293 2127 469 2204 Quamlibet
456 2129 700 2191 tChristianum
729 2150 801 2191 vere
832 2138 1050 2212 compunctum
1139 2174 1143 2179 -

126 2211 242 2272 habere
255 2134 417 2273 )celeriaer
444 2220 513 2272 666
501 2213 602 2272 totalit
591 2219 637 2273 ter
664 2214 832 2294 plenariam
855 2233 873 2273 a
894 2233 997 2295 poena
1019 2220 1051 2275 et

128 2295 221 2376 culpa
242 2296 310 2354 sinc
330 2294 512 2376 indulgent
493 2315 530 2355 us
545 2298 768 2376 remissionem,
791 2316 883 2359 error

211 2381 270 2452 66)
294 2376 469 2452 Quamlibet
499 2377 722 2457 Christianum,
763 2381 827 2439 sive
848 2381 951 2440 vivum
984 2381 1049 2441 sive

127 2466 298 2539 mortuum,
332 2459 447 2521 habere
481 2462 746 2542 participationem
783 2464 920 2524 omnium
951 2462 1047 2523 bono·
1119 2521 1122 2525 Α

125 2564 216 2624 rum,
263 2542 367 2621 quoad
408 2562 578 2624 poenarum
620 2547 846 2607 autoritativam
894 2547 1049 2606 remissio-

126 2646 208 2706 nem,
232 2645 326 2688 error,

211 2712 269 2785 67)
290 2708 428 2770 Eandem
461 2729 530 2770 esse
557 2711 693 2770 omnium
714 2711 864 2773 bonorum
887 2712 1049 2792 participa

127 2795 246 2854 tionem
283 2811 338 2872 per
365 2793 539 2872 caritatem,
570 2799 602 2853 et
621 2813 677 2874 per
698 2801 882 2874 potestatem
906 2793 1048 2855 habentis

126 2875 273 2956 applicat
264 2893 386 2954 rouem,
408 2894 500 2937 error

210 2958 269 3031 68)
294 2958 408 3018 Rursus
438 2958 567 3018 eandem
600 2977 670 3019 6666
698 2959 962 3039 participationem
985 2978 1047 3020 om·

126 3042 211 3101 nium
241 3039 393 3103 bonorum
420 3039 459 3100 ad
483 3040 660 3101 merendum
683 3050 714 3102 et
734 3043 842 3103 merita
863 3041 1047 3123 augendum,

127 3131 158 3184 et
180 3142 266 3202 eam,
295 3143 375 3203 quae
397 3130 445 3185 est
466 3125 601 3185 omnium
625 3125 774 3186 bonorum
798 3124 838 3185 ad
861 3125 1048 3186 satisfacien-

126 3206 216 3287 dum,
240 3225 334 3267 error.

210 3291 268 3367 69)
294 3289 518 3350 Remissionem
542 3308 642 3371 papae
664 3296 695 3350 et
715 3291 981 3371 participationem
999 3311 1047 3352 so·

125 3373 189 3432 lum
211 3371 282 3432 ideo
305 3391 368 3433 non
391 3392 460 3433 esse
485 3372 736 3452 contemnendas,
757 3375 828 3452 quia
850 3376 890 3434 sit
912 3373 1048 3435 declara·

124 3457 169 3517 tio
191 3456 382 3516 remissionis
404 3455 537 3535 divinae,
559 3474 654 3517 error.
781 3472 786 3483 ·

210 3540 269 3617 70)
294 3537 399 3599 Solum
423 3538 608 3599 doctissimis
631 3538 795 3619 theologis,
816 3545 847 3599 et
867 3557 930 3601 non
954 3540 1047 3600 etiam

125 3621 323 3682 mediocriter
355 3622 476 3701 peritis,
510 3622 688 3682 facillimum
721 3640 790 3681 esse
826 3623 915 3682 simul
947 3623 1046 3684 extol-

125 3705 190 3766 lere
219 3706 379 3765 veuiarum
408 3705 582 3786 largitatem
609 3711 640 3766 et
661 3704 854 3765 contritionis
876 3706 1046 3787 veritatem,

125 3806 221 3849 error.
