<?xml version="1.0" encoding="UTF-8"?>
<!DOCTYPE html PUBLIC "-//W3C//DTD XHTML 1.0 Transitional//EN"
    "http://www.w3.org/TR/xhtml1/DTD/xhtml1-transitional.dtd">
<html xmlns="http://www.w3.org/1999/xhtml" xml:lang="en" lang="en">
 <head>
  <title>
</title>
<meta http-equiv="Content-Type" content="text/html;charset=utf-8" />
  <meta name='ocr-system' content='tesseract 3.04.00' />
  <meta name='ocr-capabilities' content='ocr_page ocr_carea ocr_par ocr_line ocrx_word'/>
</head>
<body>
  <div class='ocr_page' id='page_1' title='image "./dmartinilutheri01luthgoog_0716.png"; bbox 0 0 2356 4200; ppageno 0'>
   <div class='ocr_carea' id='block_1_1' title="bbox 374 279 1045 355">
    <p class='ocr_par' dir='ltr' id='par_1_1' title="bbox 374 279 1045 355">
     <span class='ocr_line' id='line_1_1' title="bbox 374 279 1045 355; baseline 0.016 -18"><span class='ocrx_word' id='word_1_1' title='bbox 374 283 408 340; x_wconf 90' lang='lat' dir='ltr'>de</span> <span class='ocrx_word' id='word_1_2' title='bbox 426 287 527 339; x_wconf 84' lang='lat' dir='ltr'>virtuts</span> <span class='ocrx_word' id='word_1_3' title='bbox 545 283 790 355; x_wconf 76' lang='lat' dir='ltr'>indulgentiarum.</span> <span class='ocrx_word' id='word_1_4' title='bbox 983 279 1045 348; x_wconf 80' lang='lat'>253</span> 
     </span>
    </p>
   </div>
   <div class='ocr_carea' id='block_1_2' title="bbox 127 417 1048 785">
    <p class='ocr_par' dir='ltr' id='par_1_2' title="bbox 127 417 1048 785">
     <span class='ocr_line' id='line_1_2' title="bbox 971 417 979 439; baseline 0 0"><span class='ocrx_word' id='word_1_5' title='bbox 971 417 979 439; x_wconf 71' lang='lat' dir='ltr'>l</span> 
     </span>
     <span class='ocr_line' id='line_1_3' title="bbox 127 452 1047 534; baseline -0.001 -19"><span class='ocrx_word' id='word_1_6' title='bbox 127 455 242 515; x_wconf 89' lang='lat' dir='ltr'>malum</span> <span class='ocrx_word' id='word_1_7' title='bbox 264 455 294 514; x_wconf 94' lang='lat' dir='ltr'>in</span> <span class='ocrx_word' id='word_1_8' title='bbox 317 455 434 516; x_wconf 92' lang='lat' dir='ltr'>minore</span> <span class='ocrx_word' id='word_1_9' title='bbox 462 455 544 515; x_wconf 89' lang='lat' dir='ltr'>malo</span> <span class='ocrx_word' id='word_1_10' title='bbox 570 455 717 534; x_wconf 81' lang='lat' dir='ltr'>relinqui,</span> <span class='ocrx_word' id='word_1_11' title='bbox 755 453 880 534; x_wconf 91' lang='lat' dir='ltr'>quando</span> <span class='ocrx_word' id='word_1_12' title='bbox 907 452 1047 515; x_wconf 84' lang='lat' dir='ltr'>viderunt</span> 
     </span>
     <span class='ocr_line' id='line_1_4' title="bbox 127 535 1047 617; baseline 0 -19"><span class='ocrx_word' id='word_1_13' title='bbox 127 538 218 598; x_wconf 86' lang='lat' dir='ltr'>etiam</span> <span class='ocrx_word' id='word_1_14' title='bbox 243 556 297 598; x_wconf 88' lang='lat' dir='ltr'>eos</span> <span class='ocrx_word' id='word_1_15' title='bbox 320 539 442 617; x_wconf 72' lang='lat' dir='ltr'>umere,</span> <span class='ocrx_word' id='word_1_16' title='bbox 464 540 514 617; x_wconf 88' lang='lat' dir='ltr'>qui</span> <span class='ocrx_word' id='word_1_17' title='bbox 537 538 761 599; x_wconf 86' lang='lat' dir='ltr'>ferventissime</span> <span class='ocrx_word' id='word_1_18' title='bbox 790 538 821 598; x_wconf 90' lang='lat' dir='ltr'>in</span> <span class='ocrx_word' id='word_1_19' title='bbox 849 535 932 598; x_wconf 91' lang='lat' dir='ltr'>bono</span> <span class='ocrx_word' id='word_1_20' title='bbox 955 535 1047 617; x_wconf 77' lang='lat' dir='ltr'>profi-</span> 
     </span>
     <span class='ocr_line' id='line_1_5' title="bbox 127 620 1048 700; baseline -0.003 -17"><span class='ocrx_word' id='word_1_21' title='bbox 127 623 225 699; x_wconf 86' lang='lat' dir='ltr'>ciunt,</span> <span class='ocrx_word' id='word_1_22' title='bbox 253 620 323 682; x_wconf 93' lang='lat' dir='ltr'>ideo</span> <span class='ocrx_word' id='word_1_23' title='bbox 359 620 422 682; x_wconf 86' lang='lat' dir='ltr'>dixi</span> <span class='ocrx_word' id='word_1_24' title='bbox 443 640 512 683; x_wconf 89' lang='lat' dir='ltr'>esse</span> <span class='ocrx_word' id='word_1_25' title='bbox 533 621 781 700; x_wconf 87' lang='lat' dir='ltr'>nocentistimas,</span> <span class='ocrx_word' id='word_1_26' title='bbox 803 621 828 682; x_wconf 90' lang='lat' dir='ltr'>si</span> <span class='ocrx_word' id='word_1_27' title='bbox 850 621 916 681; x_wconf 89' lang='lat' dir='ltr'>sine</span> <span class='ocrx_word' id='word_1_28' title='bbox 937 620 1048 680; x_wconf 88' lang='lat' dir='ltr'>timore</span> 
     </span>
     <span class='ocr_line' id='line_1_6' title="bbox 127 703 675 785; baseline 0.002 -21"><span class='ocrx_word' id='word_1_29' title='bbox 127 703 167 764; x_wconf 91' lang='lat' dir='ltr'>de</span> <span class='ocrx_word' id='word_1_30' title='bbox 189 703 243 764; x_wconf 85' lang='lat' dir='ltr'>tali</span> <span class='ocrx_word' id='word_1_31' title='bbox 265 703 389 766; x_wconf 87' lang='lat' dir='ltr'>licentia</span> <span class='ocrx_word' id='word_1_32' title='bbox 410 703 572 785; x_wconf 80' lang='lat' dir='ltr'>gaudeant.</span> <span class='ocrx_word' id='word_1_33' title='bbox 674 740 675 743; x_wconf 61' lang='lat'><em>=</em></span> 
     </span>
    </p>
   </div>
   <div class='ocr_carea' id='block_1_3' title="bbox 452 892 793 955">
    <p class='ocr_par' dir='ltr' id='par_1_3' title="bbox 452 892 793 955">
     <span class='ocr_line' id='line_1_7' title="bbox 452 892 793 955; baseline 0 -3"><span class='ocrx_word' id='word_1_34' title='bbox 452 892 664 955; x_wconf 72' lang='lat' dir='ltr'>Conclusio</span> <span class='ocrx_word' id='word_1_35' title='bbox 686 893 718 954; x_wconf 91' lang='lat' dir='ltr'>L.</span> <span class='ocrx_word' id='word_1_36' title='bbox 790 924 793 931; x_wconf 94' lang='lat'>·</span> 
     </span>
    </p>
   </div>
   <div class='ocr_carea' id='block_1_4' title="bbox 123 1018 1126 3589">
    <p class='ocr_par' dir='ltr' id='par_1_4' title="bbox 127 1018 1112 1333">
     <span class='ocr_line' id='line_1_8' title="bbox 210 1018 1048 1103; baseline 0 -23"><span class='ocrx_word' id='word_1_37' title='bbox 210 1019 349 1081; x_wconf 89' lang='lat' dir='ltr'>Docendi</span> <span class='ocrx_word' id='word_1_38' title='bbox 372 1028 443 1082; x_wconf 90' lang='lat' dir='ltr'>sunt</span> <span class='ocrx_word' id='word_1_39' title='bbox 464 1020 642 1100; x_wconf 80' lang='lat' dir='ltr'>Christiani,</span> <span class='ocrx_word' id='word_1_40' title='bbox 677 1018 758 1103; x_wconf 90' lang='lat' dir='ltr'>quod</span> <span class='ocrx_word' id='word_1_41' title='bbox 792 1022 817 1081; x_wconf 92' lang='lat' dir='ltr'>si</span> <span class='ocrx_word' id='word_1_42' title='bbox 838 1037 921 1100; x_wconf 87' lang='lat' dir='ltr'>papa</span> <span class='ocrx_word' id='word_1_43' title='bbox 942 1023 1048 1080; x_wconf 87' lang='lat' dir='ltr'>nosset</span> 
     </span>
     <span class='ocr_line' id='line_1_9' title="bbox 128 1098 1112 1185; baseline -0.004 -21"><span class='ocrx_word' id='word_1_44' title='bbox 128 1103 308 1164; x_wconf 74' lang='lat' dir='ltr'>exactiones</span> <span class='ocrx_word' id='word_1_45' title='bbox 331 1104 493 1165; x_wconf 90' lang='lat' dir='ltr'>venialium</span> <span class='ocrx_word' id='word_1_46' title='bbox 521 1105 782 1185; x_wconf 86' lang='lat' dir='ltr'>praedicatorum,</span> <span class='ocrx_word' id='word_1_47' title='bbox 817 1101 922 1163; x_wconf 88' lang='lat' dir='ltr'>mallet</span> <span class='ocrx_word' id='word_1_48' title='bbox 947 1098 1047 1161; x_wconf 89' lang='lat' dir='ltr'>basili·</span> <span class='ocrx_word' id='word_1_49' title='bbox 1109 1126 1112 1132; x_wconf 49' lang='lat'>¹</span> 
     </span>
     <span class='ocr_line' id='line_1_10' title="bbox 127 1183 1047 1268; baseline -0.003 -22"><span class='ocrx_word' id='word_1_50' title='bbox 127 1206 195 1247; x_wconf 90' lang='lat' dir='ltr'>eam</span> <span class='ocrx_word' id='word_1_51' title='bbox 225 1185 254 1248; x_wconf 80' lang='lat' dir='ltr'>S.</span> <span class='ocrx_word' id='word_1_52' title='bbox 278 1185 360 1247; x_wconf 89' lang='lat' dir='ltr'>Petri</span> <span class='ocrx_word' id='word_1_53' title='bbox 389 1188 420 1247; x_wconf 88' lang='lat' dir='ltr'>in</span> <span class='ocrx_word' id='word_1_54' title='bbox 443 1188 560 1249; x_wconf 89' lang='lat' dir='ltr'>cineres</span> <span class='ocrx_word' id='word_1_55' title='bbox 582 1189 641 1267; x_wconf 89' lang='lat' dir='ltr'>ire,</span> <span class='ocrx_word' id='word_1_56' title='bbox 671 1207 762 1268; x_wconf 90' lang='lat' dir='ltr'>quam</span> <span class='ocrx_word' id='word_1_57' title='bbox 792 1183 946 1247; x_wconf 86' lang='lat' dir='ltr'>aedificari</span> <span class='ocrx_word' id='word_1_58' title='bbox 968 1190 1047 1260; x_wconf 86' lang='lat' dir='ltr'>cute,</span> 
     </span>
     <span class='ocr_line' id='line_1_11' title="bbox 129 1267 744 1333; baseline 0.005 -4"><span class='ocrx_word' id='word_1_59' title='bbox 129 1267 270 1329; x_wconf 88' lang='lat' dir='ltr'>carnibus</span> <span class='ocrx_word' id='word_1_60' title='bbox 292 1277 324 1329; x_wconf 91' lang='lat' dir='ltr'>et</span> <span class='ocrx_word' id='word_1_61' title='bbox 344 1269 464 1331; x_wconf 90' lang='lat' dir='ltr'>ossibus</span> <span class='ocrx_word' id='word_1_62' title='bbox 486 1271 590 1331; x_wconf 83' lang='lat' dir='ltr'>ovium</span> <span class='ocrx_word' id='word_1_63' title='bbox 612 1290 744 1333; x_wconf 90' lang='lat' dir='ltr'>suarum.</span> 
     </span>
    </p>

    <p class='ocr_par' dir='ltr' id='par_1_5' title="bbox 124 1351 1060 2091">
     <span class='ocr_line' id='line_1_12' title="bbox 211 1351 1047 1431; baseline -0.002 -20"><span class='ocrx_word' id='word_1_64' title='bbox 211 1351 262 1412; x_wconf 82' lang='lat' dir='ltr'>Sic</span> <span class='ocrx_word' id='word_1_65' title='bbox 295 1353 374 1411; x_wconf 90' lang='lat' dir='ltr'>enim</span> <span class='ocrx_word' id='word_1_66' title='bbox 398 1353 495 1413; x_wconf 84' lang='lat' dir='ltr'>nostri</span> <span class='ocrx_word' id='word_1_67' title='bbox 523 1360 685 1414; x_wconf 82' lang='lat' dir='ltr'>venatores</span> <span class='ocrx_word' id='word_1_68' title='bbox 712 1351 934 1429; x_wconf 77' lang='lat' dir='ltr'>robustissimi,</span> <span class='ocrx_word' id='word_1_69' title='bbox 963 1356 1047 1431; x_wconf 84' lang='lat' dir='ltr'>post</span> 
     </span>
     <span class='ocr_line' id='line_1_13' title="bbox 128 1433 1048 1514; baseline -0.001 -21"><span class='ocrx_word' id='word_1_70' title='bbox 128 1453 220 1514; x_wconf 90' lang='lat' dir='ltr'>quam</span> <span class='ocrx_word' id='word_1_71' title='bbox 245 1436 328 1495; x_wconf 93' lang='lat' dir='ltr'>omni</span> <span class='ocrx_word' id='word_1_72' title='bbox 351 1435 542 1507; x_wconf 79' lang='lat' dir='ltr'>Christianae</span> <span class='ocrx_word' id='word_1_73' title='bbox 563 1437 646 1497; x_wconf 86' lang='lat' dir='ltr'>vitae</span> <span class='ocrx_word' id='word_1_74' title='bbox 658 1435 757 1497; x_wconf 88' lang='lat' dir='ltr'>ordini</span> <span class='ocrx_word' id='word_1_75' title='bbox 773 1442 884 1495; x_wconf 86' lang='lat' dir='ltr'>statum</span> <span class='ocrx_word' id='word_1_76' title='bbox 897 1433 1048 1514; x_wconf 88' lang='lat' dir='ltr'>pecuniae</span> 
     </span>
     <span class='ocr_line' id='line_1_14' title="bbox 124 1515 1048 1597; baseline -0.003 -20"><span class='ocrx_word' id='word_1_77' title='bbox 124 1536 289 1597; x_wconf 27' lang='lat' dir='ltr'>‚numerum</span> <span class='ocrx_word' id='word_1_78' title='bbox 311 1518 510 1596; x_wconf 82' lang='lat' dir='ltr'>indixissent,</span> <span class='ocrx_word' id='word_1_79' title='bbox 534 1519 658 1579; x_wconf 87' lang='lat' dir='ltr'>tandem</span> <span class='ocrx_word' id='word_1_80' title='bbox 681 1527 712 1578; x_wconf 91' lang='lat' dir='ltr'>et</span> <span class='ocrx_word' id='word_1_81' title='bbox 733 1536 844 1578; x_wconf 87' lang='lat' dir='ltr'>uxores</span> <span class='ocrx_word' id='word_1_82' title='bbox 873 1515 1048 1577; x_wconf 88' lang='lat' dir='ltr'>mendicare</span> 
     </span>
     <span class='ocr_line' id='line_1_15' title="bbox 127 1598 1047 1680; baseline -0.001 -21"><span class='ocrx_word' id='word_1_83' title='bbox 127 1600 254 1674; x_wconf 87' lang='lat' dir='ltr'>docent,</span> <span class='ocrx_word' id='word_1_84' title='bbox 299 1601 390 1661; x_wconf 91' lang='lat' dir='ltr'>etiam</span> <span class='ocrx_word' id='word_1_85' title='bbox 418 1602 514 1661; x_wconf 88' lang='lat' dir='ltr'>invito</span> <span class='ocrx_word' id='word_1_86' title='bbox 539 1604 623 1680; x_wconf 87' lang='lat' dir='ltr'>viro,</span> <span class='ocrx_word' id='word_1_87' title='bbox 650 1608 682 1662; x_wconf 89' lang='lat' dir='ltr'>et</span> <span class='ocrx_word' id='word_1_88' title='bbox 707 1601 815 1661; x_wconf 84' lang='lat' dir='ltr'>fratres</span> <span class='ocrx_word' id='word_1_89' title='bbox 837 1598 1047 1660; x_wconf 88' lang='lat' dir='ltr'>mendicantes</span> 
     </span>
     <span class='ocr_line' id='line_1_16' title="bbox 127 1680 1046 1767; baseline -0.002 -24"><span class='ocrx_word' id='word_1_90' title='bbox 127 1683 220 1743; x_wconf 87' lang='lat' dir='ltr'>etiam</span> <span class='ocrx_word' id='word_1_91' title='bbox 242 1683 344 1742; x_wconf 90' lang='lat' dir='ltr'>invitis</span> <span class='ocrx_word' id='word_1_92' title='bbox 365 1683 511 1763; x_wconf 82' lang='lat' dir='ltr'>praelatis</span> <span class='ocrx_word' id='word_1_93' title='bbox 532 1685 595 1767; x_wconf 79' lang='lat' dir='ltr'>suis</span> <span class='ocrx_word' id='word_1_94' title='bbox 616 1683 758 1744; x_wconf 79' lang='lat' dir='ltr'>alicunde</span> <span class='ocrx_word' id='word_1_95' title='bbox 779 1681 952 1761; x_wconf 87' lang='lat' dir='ltr'>corradere,</span> <span class='ocrx_word' id='word_1_96' title='bbox 973 1680 1046 1759; x_wconf 76' lang='lat' dir='ltr'>utl)</span> 
     </span>
     <span class='ocr_line' id='line_1_17' title="bbox 128 1764 1046 1845; baseline -0.002 -19"><span class='ocrx_word' id='word_1_97' title='bbox 128 1766 255 1826; x_wconf 88' lang='lat' dir='ltr'>omnino</span> <span class='ocrx_word' id='word_1_98' title='bbox 278 1765 380 1826; x_wconf 89' lang='lat' dir='ltr'>nullus</span> <span class='ocrx_word' id='word_1_99' title='bbox 401 1768 459 1844; x_wconf 89' lang='lat' dir='ltr'>ait,</span> <span class='ocrx_word' id='word_1_100' title='bbox 481 1769 531 1845; x_wconf 93' lang='lat' dir='ltr'>qui</span> <span class='ocrx_word' id='word_1_101' title='bbox 553 1766 709 1828; x_wconf 91' lang='lat' dir='ltr'>residuum</span> <span class='ocrx_word' id='word_1_102' title='bbox 733 1766 816 1828; x_wconf 88' lang='lat' dir='ltr'>obuli</span> <span class='ocrx_word' id='word_1_103' title='bbox 837 1764 946 1842; x_wconf 86' lang='lat' dir='ltr'>habet,</span> <span class='ocrx_word' id='word_1_104' title='bbox 974 1765 1046 1844; x_wconf 89' lang='lat' dir='ltr'>quin</span> 
     </span>
     <span class='ocr_line' id='line_1_18' title="bbox 127 1847 1047 1928; baseline -0.003 -20"><span class='ocrx_word' id='word_1_105' title='bbox 127 1848 187 1908; x_wconf 91' lang='lat' dir='ltr'>huc</span> <span class='ocrx_word' id='word_1_106' title='bbox 209 1847 330 1908; x_wconf 88' lang='lat' dir='ltr'>tribuat.</span> <span class='ocrx_word' id='word_1_107' title='bbox 373 1850 512 1928; x_wconf 87' lang='lat' dir='ltr'>Denique</span> <span class='ocrx_word' id='word_1_108' title='bbox 534 1850 647 1910; x_wconf 88' lang='lat' dir='ltr'>luctum</span> <span class='ocrx_word' id='word_1_109' title='bbox 671 1858 737 1927; x_wconf 91' lang='lat' dir='ltr'>est,</span> <span class='ocrx_word' id='word_1_110' title='bbox 760 1848 932 1908; x_wconf 85' lang='lat' dir='ltr'>nt-tunieas</span> <span class='ocrx_word' id='word_1_111' title='bbox 954 1848 1047 1907; x_wconf 92' lang='lat' dir='ltr'>etiarn</span> 
     </span>
     <span class='ocr_line' id='line_1_19' title="bbox 127 1928 1047 2012; baseline -0.002 -22"><span class='ocrx_word' id='word_1_112' title='bbox 127 1930 261 1990; x_wconf 86' lang='lat' dir='ltr'>vendere</span> <span class='ocrx_word' id='word_1_113' title='bbox 283 1930 457 2010; x_wconf 86' lang='lat' dir='ltr'>hortentur,</span> <span class='ocrx_word' id='word_1_114' title='bbox 479 1938 532 1993; x_wconf 88' lang='lat' dir='ltr'>aut</span> <span class='ocrx_word' id='word_1_115' title='bbox 553 1932 755 2012; x_wconf 78' lang='lat' dir='ltr'>undecunque</span> <span class='ocrx_word' id='word_1_116' title='bbox 775 1939 934 2008; x_wconf 89' lang='lat' dir='ltr'>mutuare,</span> <span class='ocrx_word' id='word_1_117' title='bbox 963 1928 1047 2008; x_wconf 90' lang='lat' dir='ltr'>quod</span> 
     </span>
     <span class='ocr_line' id='line_1_20' title="bbox 126 2012 1060 2091; baseline 0.004 -18"><span class='ocrx_word' id='word_1_118' title='bbox 126 2012 201 2088; x_wconf 83' lang='lat' dir='ltr'>ct²)</span> <span class='ocrx_word' id='word_1_119' title='bbox 225 2013 338 2073; x_wconf 86' lang='lat' dir='ltr'>facturn</span> <span class='ocrx_word' id='word_1_120' title='bbox 359 2014 478 2075; x_wconf 87' lang='lat' dir='ltr'>dicitur.</span> <span class='ocrx_word' id='word_1_121' title='bbox 1057 2086 1060 2091; x_wconf 45' lang='grc'><em>,</em></span> 
     </span>
    </p>

    <p class='ocr_par' dir='ltr' id='par_1_6' title="bbox 123 2094 1126 3589">
     <span class='ocr_line' id='line_1_21' title="bbox 209 2094 1049 2178; baseline 0 -24"><span class='ocrx_word' id='word_1_122' title='bbox 209 2094 278 2176; x_wconf 84' lang='lat' dir='ltr'>Ego</span> <span class='ocrx_word' id='word_1_123' title='bbox 299 2116 373 2157; x_wconf 89' lang='lat' dir='ltr'>vero</span> <span class='ocrx_word' id='word_1_124' title='bbox 401 2100 507 2177; x_wconf 91' lang='lat' dir='ltr'>sapio,</span> <span class='ocrx_word' id='word_1_125' title='bbox 547 2097 630 2178; x_wconf 91' lang='lat' dir='ltr'>quod</span> <span class='ocrx_word' id='word_1_126' title='bbox 659 2116 728 2158; x_wconf 89' lang='lat' dir='ltr'>cum</span> <span class='ocrx_word' id='word_1_127' title='bbox 756 2094 966 2176; x_wconf 84' lang='lat' dir='ltr'>indulgentiae</span> <span class='ocrx_word' id='word_1_128' title='bbox 988 2094 1049 2154; x_wconf 85' lang='lat' dir='ltr'>sint</span> 
     </span>
     <span class='ocr_line' id='line_1_22' title="bbox 127 2177 1049 2253; baseline -0.004 -14"><span class='ocrx_word' id='word_1_129' title='bbox 127 2178 307 2239; x_wconf 89' lang='lat' dir='ltr'>vilissimum</span> <span class='ocrx_word' id='word_1_130' title='bbox 329 2180 442 2241; x_wconf 92' lang='lat' dir='ltr'>bonum</span> <span class='ocrx_word' id='word_1_131' title='bbox 464 2182 600 2242; x_wconf 90' lang='lat' dir='ltr'>omnium</span> <span class='ocrx_word' id='word_1_132' title='bbox 623 2181 773 2242; x_wconf 89' lang='lat' dir='ltr'>bonorum</span> <span class='ocrx_word' id='word_1_133' title='bbox 796 2177 962 2253; x_wconf 87' lang='lat' dir='ltr'>ecclesiae,</span> <span class='ocrx_word' id='word_1_134' title='bbox 990 2195 1049 2236; x_wconf 89' lang='lat' dir='ltr'>nec</span> 
     </span>
     <span class='ocr_line' id='line_1_23' title="bbox 126 2259 1044 2339; baseline -0.003 -17"><span class='ocrx_word' id='word_1_135' title='bbox 126 2263 186 2322; x_wconf 89' lang='lat' dir='ltr'>nisi</span> <span class='ocrx_word' id='word_1_136' title='bbox 208 2263 363 2321; x_wconf 87' lang='lat' dir='ltr'>vilissimis</span> <span class='ocrx_word' id='word_1_137' title='bbox 384 2263 533 2323; x_wconf 89' lang='lat' dir='ltr'>ecclesiae</span> <span class='ocrx_word' id='word_1_138' title='bbox 555 2263 748 2339; x_wconf 87' lang='lat' dir='ltr'>donandum,</span> <span class='ocrx_word' id='word_1_139' title='bbox 770 2259 883 2322; x_wconf 91' lang='lat' dir='ltr'>deinde</span> <span class='ocrx_word' id='word_1_140' title='bbox 904 2278 963 2320; x_wconf 86' lang='lat' dir='ltr'>nec</span> <span class='ocrx_word' id='word_1_141' title='bbox 984 2278 1044 2319; x_wconf 81' lang='lat' dir='ltr'>ma</span> 
     </span>
     <span class='ocr_line' id='line_1_24' title="bbox 125 2343 1046 2427; baseline 0 -24"><span class='ocrx_word' id='word_1_142' title='bbox 125 2345 278 2422; x_wconf 81' lang='lat' dir='ltr'>ritorium,</span> <span class='ocrx_word' id='word_1_143' title='bbox 308 2364 366 2405; x_wconf 88' lang='lat' dir='ltr'>nec</span> <span class='ocrx_word' id='word_1_144' title='bbox 388 2345 476 2424; x_wconf 90' lang='lat' dir='ltr'>utile,</span> <span class='ocrx_word' id='word_1_145' title='bbox 506 2345 561 2406; x_wconf 92' lang='lat' dir='ltr'>sed</span> <span class='ocrx_word' id='word_1_146' title='bbox 582 2347 763 2427; x_wconf 89' lang='lat' dir='ltr'>plerumque</span> <span class='ocrx_word' id='word_1_147' title='bbox 784 2343 1046 2418; x_wconf 89' lang='lat' dir='ltr'>nocentissimum,</span> 
     </span>
     <span class='ocr_line' id='line_1_25' title="bbox 126 2425 1049 2508; baseline -0.001 -23"><span class='ocrx_word' id='word_1_148' title='bbox 126 2428 152 2487; x_wconf 89' lang='lat' dir='ltr'>si</span> <span class='ocrx_word' id='word_1_149' title='bbox 175 2446 238 2488; x_wconf 92' lang='lat' dir='ltr'>non</span> <span class='ocrx_word' id='word_1_150' title='bbox 260 2428 322 2487; x_wconf 87' lang='lat' dir='ltr'>siut</span> <span class='ocrx_word' id='word_1_151' title='bbox 348 2429 498 2506; x_wconf 83' lang='lat' dir='ltr'>timorati,</span> <span class='ocrx_word' id='word_1_152' title='bbox 528 2428 611 2508; x_wconf 91' lang='lat' dir='ltr'>quod</span> <span class='ocrx_word' id='word_1_153' title='bbox 644 2427 861 2489; x_wconf 84' lang='lat' dir='ltr'>maledictione</span> <span class='ocrx_word' id='word_1_154' title='bbox 887 2425 982 2507; x_wconf 85' lang='lat' dir='ltr'>digna</span> <span class='ocrx_word' id='word_1_155' title='bbox 1009 2426 1049 2485; x_wconf 90' lang='lat' dir='ltr'>sit</span> 
     </span>
     <span class='ocr_line' id='line_1_26' title="bbox 126 2509 1047 2589; baseline -0.004 -19"><span class='ocrx_word' id='word_1_156' title='bbox 126 2509 197 2570; x_wconf 89' lang='lat' dir='ltr'>talis</span> <span class='ocrx_word' id='word_1_157' title='bbox 220 2509 369 2589; x_wconf 83' lang='lat' dir='ltr'>doctrina,</span> <span class='ocrx_word' id='word_1_158' title='bbox 392 2518 423 2571; x_wconf 89' lang='lat' dir='ltr'>et</span> <span class='ocrx_word' id='word_1_159' title='bbox 444 2519 552 2572; x_wconf 88' lang='lat' dir='ltr'>contra</span> <span class='ocrx_word' id='word_1_160' title='bbox 574 2512 720 2573; x_wconf 86' lang='lat' dir='ltr'>mandata</span> <span class='ocrx_word' id='word_1_161' title='bbox 740 2511 808 2574; x_wconf 83' lang='lat' dir='ltr'>Dei.</span> <span class='ocrx_word' id='word_1_162' title='bbox 851 2509 938 2572; x_wconf 85' lang='lat' dir='ltr'>Uxor</span> <span class='ocrx_word' id='word_1_163' title='bbox 966 2509 1047 2570; x_wconf 87' lang='lat' dir='ltr'>enim</span> 
     </span>
     <span class='ocr_line' id='line_1_27' title="bbox 126 2591 1126 2674; baseline -0.007 -21"><span class='ocrx_word' id='word_1_164' title='bbox 126 2592 220 2653; x_wconf 91' lang='lat' dir='ltr'>debet</span> <span class='ocrx_word' id='word_1_165' title='bbox 241 2594 295 2653; x_wconf 89' lang='lat' dir='ltr'>sub</span> <span class='ocrx_word' id='word_1_166' title='bbox 318 2594 373 2653; x_wconf 83' lang='lat' dir='ltr'>viri</span> <span class='ocrx_word' id='word_1_167' title='bbox 396 2601 550 2674; x_wconf 88' lang='lat' dir='ltr'>potestate</span> <span class='ocrx_word' id='word_1_168' title='bbox 573 2614 651 2672; x_wconf 91' lang='lat' dir='ltr'>esse,</span> <span class='ocrx_word' id='word_1_169' title='bbox 676 2594 707 2655; x_wconf 85' lang='lat' dir='ltr'>et&#39;</span> <span class='ocrx_word' id='word_1_170' title='bbox 728 2613 766 2654; x_wconf 91' lang='lat' dir='ltr'>eo</span> <span class='ocrx_word' id='word_1_171' title='bbox 788 2594 885 2654; x_wconf 85' lang='lat' dir='ltr'>invito</span> <span class='ocrx_word' id='word_1_172' title='bbox 908 2592 984 2651; x_wconf 89' lang='lat' dir='ltr'>nihil</span> <span class='ocrx_word' id='word_1_173' title='bbox 1004 2591 1047 2651; x_wconf 79' lang='lat' dir='ltr'>la</span> <span class='ocrx_word' id='word_1_174' title='bbox 1120 2638 1126 2646; x_wconf 74' lang='grc'><strong>,</strong></span> 
     </span>
     <span class='ocr_line' id='line_1_28' title="bbox 125 2672 1048 2758; baseline -0.004 -22"><span class='ocrx_word' id='word_1_175' title='bbox 125 2695 207 2754; x_wconf 88' lang='lat' dir='ltr'>cere,</span> <span class='ocrx_word' id='word_1_176' title='bbox 229 2676 348 2736; x_wconf 87' lang='lat' dir='ltr'>etiamsi</span> <span class='ocrx_word' id='word_1_177' title='bbox 372 2685 455 2737; x_wconf 90' lang='lat' dir='ltr'>esset</span> <span class='ocrx_word' id='word_1_178' title='bbox 476 2679 672 2758; x_wconf 89' lang='lat' dir='ltr'>meritorium,</span> <span class='ocrx_word' id='word_1_179' title='bbox 696 2677 790 2737; x_wconf 89' lang='lat' dir='ltr'>multo</span> <span class='ocrx_word' id='word_1_180' title='bbox 814 2677 912 2736; x_wconf 91' lang='lat' dir='ltr'>minus</span> <span class='ocrx_word' id='word_1_181' title='bbox 935 2672 1048 2734; x_wconf 91' lang='lat' dir='ltr'>mendi·</span> 
     </span>
     <span class='ocr_line' id='line_1_29' title="bbox 126 2755 1048 2845; baseline -0.003 -26"><span class='ocrx_word' id='word_1_182' title='bbox 126 2777 197 2819; x_wconf 85' lang='lat' dir='ltr'>aare</span> <span class='ocrx_word' id='word_1_183' title='bbox 227 2778 283 2838; x_wconf 88' lang='lat' dir='ltr'>pro</span> <span class='ocrx_word' id='word_1_184' title='bbox 313 2761 408 2820; x_wconf 90' lang='lat' dir='ltr'>veniis</span> <span class='ocrx_word' id='word_1_185' title='bbox 433 2758 490 2845; x_wconf 78' lang='lat' dir='ltr'>sjbi</span> <span class='ocrx_word' id='word_1_186' title='bbox 510 2761 589 2821; x_wconf 84' lang='lat' dir='ltr'>forte</span> <span class='ocrx_word' id='word_1_187' title='bbox 610 2780 674 2821; x_wconf 94' lang='lat' dir='ltr'>non</span> <span class='ocrx_word' id='word_1_188' title='bbox 695 2760 877 2821; x_wconf 87' lang='lat' dir='ltr'>necessariis</span> <span class='ocrx_word' id='word_1_189' title='bbox 889 2755 933 2840; x_wconf 80' lang='lat'>³).</span> <span class='ocrx_word' id='word_1_190' title='bbox 971 2756 1048 2816; x_wconf 87' lang='lat' dir='ltr'>Tum</span> 
     </span>
     <span class='ocr_line' id='line_1_30' title="bbox 124 2841 1049 2921; baseline -0.002 -19"><span class='ocrx_word' id='word_1_191' title='bbox 124 2841 262 2920; x_wconf 83' lang='lat' dir='ltr'>religiosi</span> <span class='ocrx_word' id='word_1_192' title='bbox 285 2862 372 2902; x_wconf 91' lang='lat' dir='ltr'>snam</span> <span class='ocrx_word' id='word_1_193' title='bbox 393 2841 598 2904; x_wconf 88' lang='lat' dir='ltr'>obedientiam</span> <span class='ocrx_word' id='word_1_194' title='bbox 622 2862 755 2921; x_wconf 79' lang='lat' dir='ltr'>servare,</span> <span class='ocrx_word' id='word_1_195' title='bbox 777 2843 868 2902; x_wconf 89' lang='lat' dir='ltr'>etiam</span> <span class='ocrx_word' id='word_1_196' title='bbox 883 2842 909 2901; x_wconf 91' lang='lat' dir='ltr'>si</span> <span class='ocrx_word' id='word_1_197' title='bbox 920 2847 1049 2921; x_wconf 90' lang='lat' dir='ltr'>possent</span> 
     </span>
     <span class='ocr_line' id='line_1_31' title="bbox 124 2921 1049 3009; baseline -0.002 -25"><span class='ocrx_word' id='word_1_198' title='bbox 124 2924 198 2985; x_wconf 89' lang='lat' dir='ltr'>alibi</span> <span class='ocrx_word' id='word_1_199' title='bbox 221 2926 365 3004; x_wconf 85' lang='lat' dir='ltr'>martyrio</span> <span class='ocrx_word' id='word_1_200' title='bbox 393 2928 550 3009; x_wconf 87' lang='lat' dir='ltr'>coronari,</span> <span class='ocrx_word' id='word_1_201' title='bbox 584 2947 642 2987; x_wconf 89' lang='lat' dir='ltr'>neo</span> <span class='ocrx_word' id='word_1_202' title='bbox 663 2944 744 3006; x_wconf 90' lang='lat' dir='ltr'>papa</span> <span class='ocrx_word' id='word_1_203' title='bbox 764 2943 897 3004; x_wconf 92' lang='lat' dir='ltr'>unquam</span> <span class='ocrx_word' id='word_1_204' title='bbox 918 2921 1049 2983; x_wconf 89' lang='lat' dir='ltr'>intendit</span> 
     </span>
     <span class='ocr_line' id='line_1_32' title="bbox 124 3006 1048 3089; baseline -0.002 -22"><span class='ocrx_word' id='word_1_205' title='bbox 124 3008 321 3085; x_wconf 88' lang='lat' dir='ltr'>contrarium,</span> <span class='ocrx_word' id='word_1_206' title='bbox 344 3008 397 3069; x_wconf 88' lang='lat' dir='ltr'>sed</span> <span class='ocrx_word' id='word_1_207' title='bbox 420 3007 489 3068; x_wconf 84' lang='lat' dir='ltr'>falsi</span> <span class='ocrx_word' id='word_1_208' title='bbox 510 3010 691 3089; x_wconf 89' lang='lat' dir='ltr'>interpretes</span> <span class='ocrx_word' id='word_1_209' title='bbox 712 3008 802 3068; x_wconf 91' lang='lat' dir='ltr'>illius.</span> <span class='ocrx_word' id='word_1_210' title='bbox 843 3006 930 3076; x_wconf 81' lang='lat' dir='ltr'>Alius</span> <span class='ocrx_word' id='word_1_211' title='bbox 941 3011 1048 3066; x_wconf 89' lang='lat' dir='ltr'>vomat</span> 
     </span>
     <span class='ocr_line' id='line_1_33' title="bbox 125 3086 1047 3172; baseline -0.002 -22"><span class='ocrx_word' id='word_1_212' title='bbox 125 3090 327 3169; x_wconf 88' lang='lat' dir='ltr'>stomachum,</span> <span class='ocrx_word' id='word_1_213' title='bbox 350 3111 408 3172; x_wconf 88' lang='lat' dir='ltr'>ego</span> <span class='ocrx_word' id='word_1_214' title='bbox 432 3111 481 3151; x_wconf 90' lang='lat' dir='ltr'>me</span> <span class='ocrx_word' id='word_1_215' title='bbox 495 3092 635 3170; x_wconf 91' lang='lat' dir='ltr'>cohibeo,</span> <span class='ocrx_word' id='word_1_216' title='bbox 651 3111 743 3152; x_wconf 91' lang='lat' dir='ltr'>unurn</span> <span class='ocrx_word' id='word_1_217' title='bbox 758 3089 837 3168; x_wconf 89' lang='lat' dir='ltr'>dioc,</span> <span class='ocrx_word' id='word_1_218' title='bbox 853 3088 925 3150; x_wconf 90' lang='lat' dir='ltr'>hino</span> <span class='ocrx_word' id='word_1_219' title='bbox 937 3086 1047 3149; x_wconf 89' lang='lat' dir='ltr'>saltem</span> 
     </span>
     <span class='ocr_line' id='line_1_34' title="bbox 123 3172 1046 3257; baseline -0.002 -24"><span class='ocrx_word' id='word_1_220' title='bbox 123 3172 263 3253; x_wconf 86' lang='lat' dir='ltr'>intellige</span> <span class='ocrx_word' id='word_1_221' title='bbox 285 3173 399 3253; x_wconf 88' lang='lat' dir='ltr'>lector,</span> <span class='ocrx_word' id='word_1_222' title='bbox 422 3194 460 3233; x_wconf 90' lang='lat' dir='ltr'>an</span> <span class='ocrx_word' id='word_1_223' title='bbox 483 3194 545 3236; x_wconf 91' lang='lat' dir='ltr'>non</span> <span class='ocrx_word' id='word_1_224' title='bbox 568 3176 630 3236; x_wconf 91' lang='lat' dir='ltr'>suis</span> <span class='ocrx_word' id='word_1_225' title='bbox 651 3173 933 3257; x_wconf 89' lang='lat' dir='ltr'>praedicationibus</span> <span class='ocrx_word' id='word_1_226' title='bbox 955 3172 1046 3252; x_wconf 89' lang='lat' dir='ltr'>pesti-</span> 
     </span>
     <span class='ocr_line' id='line_1_35' title="bbox 126 3254 1048 3340; baseline -0.001 -26"><span class='ocrx_word' id='word_1_227' title='bbox 126 3254 259 3315; x_wconf 87' lang='lat' dir='ltr'>lentibus</span> <span class='ocrx_word' id='word_1_228' title='bbox 281 3255 311 3316; x_wconf 92' lang='lat' dir='ltr'>id</span> <span class='ocrx_word' id='word_1_229' title='bbox 334 3265 437 3338; x_wconf 86' lang='lat' dir='ltr'>agant,</span> <span class='ocrx_word' id='word_1_230' title='bbox 458 3269 492 3318; x_wconf 89' lang='lat' dir='ltr'>ut</span> <span class='ocrx_word' id='word_1_231' title='bbox 512 3259 661 3340; x_wconf 91' lang='lat' dir='ltr'>populum</span> <span class='ocrx_word' id='word_1_232' title='bbox 679 3256 803 3331; x_wconf 86' lang='lat' dir='ltr'>credere</span> <span class='ocrx_word' id='word_1_233' title='bbox 819 3256 943 3334; x_wconf 87' lang='lat' dir='ltr'>faciant,</span> <span class='ocrx_word' id='word_1_234' title='bbox 961 3255 1048 3333; x_wconf 90' lang='lat' dir='ltr'>quasi</span> 
     </span>
     <span class='ocr_line' id='line_1_36' title="bbox 124 3337 1049 3422; baseline -0.001 -24"><span class='ocrx_word' id='word_1_235' title='bbox 124 3339 166 3398; x_wconf 89' lang='lat' dir='ltr'>sit</span> <span class='ocrx_word' id='word_1_236' title='bbox 192 3338 274 3399; x_wconf 89' lang='lat' dir='ltr'>salus</span> <span class='ocrx_word' id='word_1_237' title='bbox 303 3341 335 3399; x_wconf 93' lang='lat' dir='ltr'>in</span> <span class='ocrx_word' id='word_1_238' title='bbox 366 3342 462 3401; x_wconf 89' lang='lat' dir='ltr'>veniis</span> <span class='ocrx_word' id='word_1_239' title='bbox 491 3349 523 3402; x_wconf 88' lang='lat' dir='ltr'>et</span> <span class='ocrx_word' id='word_1_240' title='bbox 555 3362 629 3403; x_wconf 88' lang='lat' dir='ltr'>vera</span> <span class='ocrx_word' id='word_1_241' title='bbox 655 3342 713 3402; x_wconf 92' lang='lat' dir='ltr'>Dei</span> <span class='ocrx_word' id='word_1_242' title='bbox 740 3341 847 3422; x_wconf 78' lang='lat' dir='ltr'>gralia</span> <span class='ocrx_word' id='word_1_243' title='bbox 902 3337 1049 3417; x_wconf 86' lang='lat' dir='ltr'>Alioquin</span> 
     </span>
     <span class='ocr_line' id='line_1_37' title="bbox 125 3421 1045 3502; baseline -0.001 -21"><span class='ocrx_word' id='word_1_244' title='bbox 125 3421 283 3501; x_wconf 90' lang='lat' dir='ltr'>quomodo</span> <span class='ocrx_word' id='word_1_245' title='bbox 307 3429 366 3482; x_wconf 89' lang='lat' dir='ltr'>tam</span> <span class='ocrx_word' id='word_1_246' title='bbox 390 3425 482 3484; x_wconf 85' lang='lat' dir='ltr'>anxie</span> <span class='ocrx_word' id='word_1_247' title='bbox 503 3444 556 3485; x_wconf 88' lang='lat' dir='ltr'>eas</span> <span class='ocrx_word' id='word_1_248' title='bbox 577 3424 849 3499; x_wconf 90' lang='lat' dir='ltr'>commendarent,</span> <span class='ocrx_word' id='word_1_249' title='bbox 884 3430 917 3484; x_wconf 89' lang='lat' dir='ltr'>ut</span> <span class='ocrx_word' id='word_1_250' title='bbox 950 3439 1045 3502; x_wconf 89' lang='lat' dir='ltr'>opera</span> 
     </span>
     <span class='ocr_line' id='line_1_38' title="bbox 125 3505 1046 3589; baseline 0.001 -26"><span class='ocrx_word' id='word_1_251' title='bbox 125 3505 298 3583; x_wconf 84' lang='lat' dir='ltr'>meritoria,</span> <span class='ocrx_word' id='word_1_252' title='bbox 321 3513 352 3566; x_wconf 92' lang='lat' dir='ltr'>et</span> <span class='ocrx_word' id='word_1_253' title='bbox 374 3507 518 3568; x_wconf 87' lang='lat' dir='ltr'>mandata</span> <span class='ocrx_word' id='word_1_254' title='bbox 539 3508 599 3569; x_wconf 88' lang='lat' dir='ltr'>Dei</span> <span class='ocrx_word' id='word_1_255' title='bbox 622 3515 748 3589; x_wconf 91' lang='lat' dir='ltr'>propter</span> <span class='ocrx_word' id='word_1_256' title='bbox 765 3507 833 3568; x_wconf 90' lang='lat' dir='ltr'>illas</span> <span class='ocrx_word' id='word_1_257' title='bbox 853 3507 939 3567; x_wconf 89' lang='lat' dir='ltr'>irrita</span> <span class='ocrx_word' id='word_1_258' title='bbox 967 3506 1046 3565; x_wconf 89' lang='lat' dir='ltr'>laee-</span> 
     </span>
    </p>
   </div>
   <div class='ocr_carea' id='block_1_5' title="bbox 128 3650 303 3659">
    <p class='ocr_par' dir='ltr' id='par_1_7' title="bbox 128 3650 303 3659">
     <span class='ocr_line' id='line_1_39' title="bbox 128 3650 303 3659; baseline -0.011 0"><span class='ocrx_word' id='word_1_259' title='bbox 128 3650 303 3659; x_wconf 70' lang='lat'>-..--.-—.</span> 
     </span>
    </p>
   </div>
   <div class='ocr_carea' id='block_1_6' title="bbox 124 3704 1046 3836">
    <p class='ocr_par' dir='ltr' id='par_1_8' title="bbox 124 3704 1046 3836">
     <span class='ocr_line' id='line_1_40' title="bbox 162 3704 1046 3778; baseline -0.003 -17"><span class='ocrx_word' id='word_1_260' title='bbox 162 3709 189 3776; x_wconf 89' lang='lat'>1)</span> <span class='ocrx_word' id='word_1_261' title='bbox 208 3707 241 3761; x_wconf 82' lang='lat'>111</span> <span class='ocrx_word' id='word_1_262' title='bbox 259 3708 300 3762; x_wconf 87' lang='lat' dir='ltr'>ed.</span> <span class='ocrx_word' id='word_1_263' title='bbox 320 3711 421 3777; x_wconf 80' lang='lat' dir='ltr'>priua:</span> <span class='ocrx_word' id='word_1_264' title='bbox 441 3714 476 3763; x_wconf 82' lang='lat' dir='ltr'>et</span> <span class='ocrx_word' id='word_1_265' title='bbox 503 3711 532 3776; x_wconf 79' lang='lat'>2)</span> <span class='ocrx_word' id='word_1_266' title='bbox 550 3711 582 3763; x_wconf 94' lang='lat' dir='ltr'>In</span> <span class='ocrx_word' id='word_1_267' title='bbox 601 3707 643 3763; x_wconf 90' lang='lat' dir='ltr'>ed.</span> <span class='ocrx_word' id='word_1_268' title='bbox 662 3708 737 3762; x_wconf 79' lang='lat' dir='ltr'>len:</span> <span class='ocrx_word' id='word_1_269' title='bbox 756 3713 784 3762; x_wconf 90' lang='lat' dir='ltr'>ct</span> <span class='ocrx_word' id='word_1_270' title='bbox 802 3705 892 3778; x_wconf 81' lang='lat' dir='ltr'>quod.¹</span> <span class='ocrx_word' id='word_1_271' title='bbox 918 3707 947 3772; x_wconf 82' lang='lat'>3)</span> <span class='ocrx_word' id='word_1_272' title='bbox 964 3704 1046 3760; x_wconf 91' lang='lat' dir='ltr'>lbid.:</span> 
     </span>
     <span class='ocr_line' id='line_1_41' title="bbox 124 3780 950 3836; baseline 0.001 -2"><span class='ocrx_word' id='word_1_273' title='bbox 124 3780 177 3835; x_wconf 89' lang='lat' dir='ltr'>sibi</span> <span class='ocrx_word' id='word_1_274' title='bbox 196 3796 252 3833; x_wconf 93' lang='lat' dir='ltr'>non</span> <span class='ocrx_word' id='word_1_275' title='bbox 271 3781 433 3834; x_wconf 85' lang='lat' dir='ltr'>necessariis</span> <span class='ocrx_word' id='word_1_276' title='bbox 452 3783 532 3836; x_wconf 80' lang='lat' dir='ltr'>torte.</span> <span class='ocrx_word' id='word_1_277' title='bbox 947 3830 950 3835; x_wconf 91' lang='lat'>.</span> 
     </span>
    </p>
   </div>
   <div class='ocr_carea' id='block_1_7' title="bbox 0 0 1182 4200">
    <p class='ocr_par' dir='ltr' id='par_1_9' title="bbox 0 0 1182 4200">
     <span class='ocr_line' id='line_1_42' title="bbox 0 0 1182 4200; baseline 0 0"><span class='ocrx_word' id='word_1_278' title='bbox 0 0 1182 4200; x_wconf 95' lang='lat' dir='ltr'> </span> 
     </span>
    </p>
   </div>
  </div>
 </body>
</html>
