2356 4200
438 250 542 307 Contra
560 248 637 308 orsi.
656 251 738 307 Eeoii.
984 247 1048 319 449

125 440 180 501 per
189 420 397 502 indulgentias
404 422 692 499 distribuendorum,
700 422 919 502 sednunquam
932 422 1003 504 lego
1015 423 1044 498 ¹)
1080 418 1083 423 ’

126 502 200 565 iilud
228 524 297 565 esse
325 505 538 586 approbatum.
582 504 674 567 Aliud
697 512 744 566 est
770 525 882 587 popam
912 525 1046 584 uerrere,

126 586 207 654 alind
230 593 380 667 statuere,
402 589 465 649 imo
487 589 581 668 louge
603 588 685 649 aliud
707 608 820 668 papam
841 595 995 663 statuere,
1016 596 1048 651 et

126 669 290 739 eonsilium
311 670 494 750 approbare.
537 672 679 750 Denique
692 690 755 732 non
767 690 836 733 sum
850 684 921 751 ego,
944 689 1046 751 neque

125 750 245 832 Rosius,
267 772 369 833 neque
389 754 526 835 Magistri
548 756 655 832 nostri,
676 754 870 835 apostolieae
891 753 973 819 sedis
997 754 1047 815 de-

126 835 305 914 emtores,
326 837 386 899 uisi
408 836 509 899 frivoli
531 856 600 899 esse
623 838 763 916 velimus,
785 836 944 898 utEeeius
961 836 1047 916 dixit,

126 937 191 984 uun
210 918 349 982 frivolus.
461 954 464 959 ·

141 1048 144 1055 .
208 999 263 1062 Eo.
295 1001 385 1065 Unde
414 995 541 1082 quilibet
563 1003 752 1065 Christianus
776 1004 878 1083 potius
902 1001 994 1063 debet
1015 1003 1046 1063 iu

127 1104 196 1155 enm
218 1085 394 1151 thesaurum
417 1105 503 1165 spem
527 1105 612 1146 susm
635 1106 796 1165 reponere,
819 1104 910 1166 quam
923 1105 961 1145 ex
974 1104 1047 1164 poe·

127 1168 184 1247 uis,
206 1167 346 1229 crucibus
370 1176 401 1229 et
421 1170 582 1231 tormentis
593 1171 817 1249 remissionem,
840 1177 984 1247 tuaquom
1008 1189 1048 1227 ex

127 1251 188 1313 iuis
217 1251 333 1313 meritis
362 1251 420 1312 sibi
449 1251 599 1328 debitum,
632 1271 799 1331 exponere.
842 1250 997 1326 Quoniam
1021 1252 1047 1311 si

127 1333 231 1395 omnio
258 1333 438 1412 fecerimus,
474 1337 616 1414 oougruit
643 1343 675 1394 ut
704 1335 856 1395 dieamus:
893 1333 1047 1408 Quoniam

128 1417 206 1476 servi
228 1416 351 1476 inutiles
374 1417 534 1494 sumus.*)
578 1417 618 1475 nt
640 1417 700 1477 hoe
721 1417 874 1496 profunde
895 1416 1046 1496 ponderes

127 1505 190 1559 tum
211 1497 384 1561 destrueret
404 1519 497 1560 omne
519 1499 750 1561 fundamentum
778 1501 867 1579 quasi
888 1501 1046 1568 ‚dictorum

126 1581 206 1643 itlius
229 1580 304 1645 boni
324 1583 390 1643 viri.
976 1605 983 1617 ¹

206 1664 295 1727 Loth
317 1665 350 1730 Si
370 1664 482 1727 Eeoius
501 1665 677 1745 loqueretur
688 1665 727 1726 de
742 1664 852 1745 eulpae
864 1666 1047 1727 remissione

126 1747 157 1814 in
177 1747 225 1809 his
248 1746 359 1825 verbis,
381 1749 442 1808 iam
465 1755 547 1809 totus
568 1756 651 1808 esset
673 1747 921 1825 ecclesiasticus,
944 1755 976 1808 et
997 1763 1048 1808 me

127 1831 253 1891 omniuo
263 1830 401 1909 heberet,
413 1833 464 1910 qui
471 1831 567 1910 pedes
573 1832 649 1908 eius,
663 1833 725 1893 imo
738 1832 869 1912 vestigia
878 1830 1047 1907 oseularer,

125 1913 203 1975 adeo
226 1911 300 1974 mihi
321 1913 446 1994 piarent
466 1914 570 1975 verbs.
604 1913 699 1975 Pione
718 1913 906 1993 malediotus
924 1913 971 1989 sit,
995 1914 1049 1991 qui

123 2015 186 2056 nou
218 2001 284 2058 toto
314 1995 407 2056 eorde
434 1995 562 2057 oonfidit
589 1997 620 2056 in
649 1996 826 2057 thesaurum
868 1997 1047 2056 meritorum

124 2077 244 2158 Christi,
268 2080 346 2139 sieut
368 2081 411 2141 ait
431 2079 555 2140 Jeremi.
579 2082 636 2142 17:
680 2078 878 2157 Malediotus,
901 2080 951 2158 qui
975 2097 1047 2138 eon·

124 2160 190 2223 fidit
210 2164 243 2222 in
262 2161 396 2223 homine.
438 2162 507 2223 Hoo
528 2170 576 2223 est
597 2161 680 2241 quod
707 2162 822 2240 doceo,
849 2161 968 2242 scribo,
997 2179 1047 2220 eo·

124 2246 206 2326 gito,
227 2244 344 2323 oiamo,
367 2252 399 2306 et
420 2245 561 2306 omuibus
583 2245 702 2305 viribus
719 2247 826 2324 cupio,
857 2252 888 2305 et
908 2263 971 2304 non
995 2242 1048 2304 de·

124 2335 255 2390 strueret
275 2328 506 2389 fundamentum
529 2348 630 2389 meum
653 2328 714 2388 hou
731 2326 1044 2408 profundepondera·

124 2419 198 2490 tum,
220 2410 275 2472 sed
296 2411 507 2472 robustissime
528 2418 683 2473 statueret.

207 2494 249 2554 At
270 2513 361 2571 vero,
394 2513 461 2553 oum
487 2497 578 2555 miser
599 2493 763 2574 theologus
785 2494 863 2555 haee
883 2492 977 2554 verba
1001 2493 1045 2553 in·

125 2576 244 2658 telligat
265 2576 303 2638 de
324 2577 507 2638 remissione
527 2596 665 2658 poenae,
689 2587 729 2654 et,
760 2580 793 2638 ut
815 2583 863 2638 est
884 2576 1045 2636 thesaurus

124 2659 177 2720 ilie
197 2662 228 2721 iu
252 2679 343 2721 mann
366 2679 476 2740 papae,
500 2679 563 2721 non
585 2659 685 2720 solum
707 2679 769 2721 non
792 2658 943 2740 profunde
970 2677 1045 2738 pou·

125 2742 211 2805 deret
232 2741 358 2804 verbum
381 2742 503 2818 Christi,
526 2743 581 2804 sed
603 2761 728 2823 prorsus
750 2742 927 2822 pessundat.
964 2740 1043 2801 Nam

125 2826 190 2886 vult
218 2825 375 2886 hominem
397 2824 553 2886 confidere
575 2826 839 2885 inremissionem
863 2843 1043 2905 poenarum,

126 2916 156 2971 et
175 2908 286 2971 merite
303 2909 414 2969 Christi
432 2908 470 2970 ad
483 2917 544 2969 tem
562 2910 688 2988 impiam
700 2907 844 2968 fiduciam
856 2924 1043 2987 supponere.

207 2991 292 3071 ideo,
315 3000 347 3051 ut
369 3011 418 3051 me
439 2991 549 3052 elarius
572 3010 741 3071 exponam,
772 2991 888 3071 Finge,
918 3008 1045 3070 quaeso,
1145 3028 1166 3073 '-

126 3073 175 3137 vel
195 3074 332 3154 nugandi
362 3072 495 3154 gratia„
510 3075 617 3135 merito
639 3073 750 3135 Christi
780 3093 849 3134 esse
871 3073 1046 3133 thesaurum

126 3156 315 3242 remissionis
343 3177 531 3237 poenarum,
562 3177 601 3218 ne
636 3156 667 3216 id
697 3157 1047 3236 omniuo,pertinaoiter

126 3260 246 3323 negem.
296 3240 406 3301 Adhue
433 3240 503 3301 dioo
533 3242 672 3302 meritum
703 3239 815 3300 Christi
841 3258 911 3299 esse
932 3241 1046 3299 iucom-

126 3324 303 3403 parabiliter
340 3325 558 3403 praestantius,
598 3323 669 3384 dum
701 3329 844 3402 operetur
877 3341 981 3382 oruees
1015 3327 1047 3381 et
1161 3316 1165 3325 '

127 3408 296 3485 passiones,
319 3425 409 3485 quam
432 3406 503 3467 dum
525 3408 661 3468 remittit.
695 3406 799 3484 Atque
821 3424 918 3485 cogor
941 3403 1045 3465 distin-

128 3508 218 3568 guere
251 3490 302 3551 vel
334 3490 469 3570 fingere,
501 3491 641 3551 Meritum
669 3488 780 3550 Christi
813 3495 917 3569 potest
956 3485 1044 3548 uobis

128 3573 274 3652 prodesse
296 3573 463 3653 tripliciter.

131 3692 281 3704 *nn-—

177 3746 206 3816 1)
230 3746 309 3813 Apud
328 3745 457 3800 huarch:
476 3751 552 3815 puto.

178 3819 206 3888 ⁶)
227 3819 317 3872 Lucae
337 3820 380 3874 17.

165 3921 253 3962 aunon
265 3930 315 3969 opp.
333 3920 355 3961 r.
368 3918 396 3959 a
409 3919 440 3959 ια
451 3918 492 3959 ror.
505 3918 556 3960 mi.
570 3919 586 3960 i.
598 3931 623 3978 p.
638 3919 690 3965 vor.
704 3918 722 3962 n
800 3886 843 3958 29
