2356 4200
184 243 247 319 194
336 286 340 293 »
432 247 627 313 Rsmtuuonss
645 247 752 316 cuspus.
773 247 851 301 nutu.

182 416 266 498 quod
287 417 318 479 in
338 423 436 481 morte
458 415 620 483 cuiuslibet
639 416 773 482 hominis
795 416 886 481 uma.
905 415 952 477 est
979 412 1046 494 agi,
1072 418 1110 482 at

181 500 328 563 innocen.
350 499 499 564 testatur?
535 498 655 562 videtur
685 501 767 562 enim
795 520 851 580 per
877 499 976 580 ipsum
1004 503 1108 559 certus

182 583 248 645 fieri
269 584 363 645 homo
386 583 425 645 de
447 603 503 644 suo
524 591 614 645 stetu.
648 583 846 665 Respondet),
868 580 951 663 quod
973 599 1036 641 non
1060 599 1107 641 se

182 669 283 747 quitur
304 687 373 727 eum
396 674 511 731 certum
531 666 613 743 fieri,
646 669 766 729 etiamsi
795 667 834 727 sit
856 663 1041 746 particulare
1062 663 1108 725 iu-

182 749 304 811 dicium.
352 749 459 811 Potest
490 749 566 827 fieri,
587 755 631 808 ut.
648 750 742 813 homo
775 757 912 811 mortuus
945 745 1109 824 iudicetur,

183 835 247 895 iuro
267 843 444 911 accusetur,
466 832 520 893 sed
543 842 645 895 tomen
668 835 820 895 sententia
842 831 1018 906 differatur,
1046 847 1109 891 uec

182 917 212 977 ei
232 916 402 993 reveletur,
430 917 551 977 interim
580 923 681 977 autem
713 924 877 977 accusante
904 912 1107 989 conscientia,

181 998 360 1079 urgentibus
389 997 590 1061 daemonibus
624 1007 656 1067 et
685 1000 821 1061 minante
854 1000 900 1061 ira
922 997 994 1072 Dei,
1030 994 1109 1061 nituit

133 1103 141 1119 ·
183 1080 267 1143 eliud
289 1083 382 1142 societ
404 1082 652 1158 misereamur,
686 1101 777 1161 quam
806 1085 839 1143 ιιι
865 1085 974 1145 tremat
996 1097 1108 1145 osen·

180 1166 277 1225 tentia
299 1165 554 1225 omnimomento
567 1183 636 1225 oum
656 1165 785 1227 horrore
807 1168 996 1245 exspectata.
1020 1160 1108 1223 Sicut

182 1247 221 1309 de
242 1247 396 1327 corporali
419 1254 518 1307 morte
538 1246 612 1307 facit
633 1254 665 1308 et
686 1249 818 1309 minatur
830 1243 990 1316 Dent-28:
1012 1242 1108 1307 Dabit

181 1330 235 1393 tibi
264 1330 415 1403 Dominus
447 1349 501 1391 cor
532 1329 692 1409 pavidum,
727 1339 759 1390 et
785 1329 933 1410 pendebit
960 1329 1027 1389 vita
1053 1335 1108 1399 tua

181 1421 254 1475 ante
275 1421 321 1491 te,
351 1432 441 1473 mane
470 1413 569 1474 dices:
603 1412 678 1488 Quis
702 1414 763 1475 tiet
790 1413 863 1475 mihi
886 1409 1037 1491 vespere?
1074 1417 1108 1475 ct

181 1515 311 1574 vespere
347 1495 448 1558 dices:
482 1495 557 1571 Quis
586 1496 638 1556 det
665 1497 738 1557 mihi
762 1496 883 1557 mane?
918 1495 965 1556 lta
1003 1501 1037 1555 et
1063 1491 1107 1555 ibi

181 1597 265 1639 mors
289 1584 415 1639 aeterne
436 1580 527 1641 simili
549 1598 665 1658 pavore
687 1580 790 1657 feriat,
823 1584 854 1639 et
874 1574 1013 1641 horribili
1035 1575 1107 1643 hore

180 1679 252 1723 rcrc
275 1662 429 1736 cruciet¹)
454 1662 598 1722 animaru.

192 1814 197 1821 ¹
233 1820 235 1825 Ι
263 1743 330 1805 Nec
351 1746 410 1805 ista
433 1748 586 1805 sententia
608 1745 733 1815 multum
756 1744 875 1817 absona
904 1749 952 1805 est
973 1742 1107 1822 veritati,
1151 1798 1156 1805 .

181 1826 429 1907 quandoquidem
452 1835 484 1887 et
501 1827 607 1889 Matth.
620 1827 650 1892 5.
672 1828 822 1891 Dominus
846 1826 1005 1906 distinguit
1026 1825 1108 1889 iuter

180 1929 264 1970 reum
287 1910 404 1987 iudicii,
437 1920 468 1970 et
496 1930 580 1970 reum
605 1911 743 1986 consilii,
773 1919 804 1972 et
826 1930 912 1971 reum
932 1907 1108 1990 gehenuae,

179 1992 211 2054 id
234 2001 290 2071 est,
312 1995 390 2054 inter
405 2000 592 2070 accusatum,
612 2001 647 2055 et
664 1995 849 2068 convictum,
871 2002 901 2055 et
916 1992 1107 2055 damnatum.

179 2075 241 2149 Sed
263 2080 295 2138 εἰ
315 2078 451 2156 insignes
472 2076 595 2155 quidam
624 2083 746 2137 autores
768 2078 896 2137 scientia
918 2075 1104 2155 plusquam

178 2159 261 2221 fama
281 2159 396 2220 audent
426 2158 540 2234 dicere,
562 2159 711 2238 quasdem
735 2161 853 2221 animas
874 2177 1025 2239 prosuae
1048 2164 1107 2218 tuc-

179 2242 345 2322 piditate²j
376 2243 458 2307 vitae
496 2262 550 2322 per
578 2251 707 2303 mortem
735 2244 819 2322 rapi,
852 2250 883 2302 et
914 2261 935 2301 a
961 2241 1030 2301 Deo
1060 2241 1108 2303 sic

178 2326 296 2406 proiici,
319 2330 352 2384 ut
373 2327 521 2404 usquein
544 2325 637 2386 fiuent
661 2325 765 2386 mundi
788 2326 944 2401 nesciant,
979 2343 1018 2385 an
1045 2325 1107 2383 sint
1166 2347 1170 2355 ’

179 2407 343 2469 demutatae
365 2407 446 2479 cuii)
472 2409 650 2472 salvandae.
694 2409 734 2468 Et
762 2410 787 2468 si
811 2409 956 2487 recipitur
976 2406 1107 2471 historie

178 2491 231 2551 iila
252 2490 292 2550 de
315 2491 467 2551 monacho
494 2494 649 2566 morituro,
672 2499 703 2552 et
723 2499 849 2571 propter
864 2496 1025 2570 peccatum
1045 2490 1106 2551 for-

180 2575 341 2635 nicationis
365 2573 449 2634 velut
470 2575 625 2651 damnato,
648 2576 709 2635 iam
726 2573 968 2653 blasphemante,
992 2571 1107 2635 deiude

179 2657 217 2718 ad
240 2658 403 2717 sanitatem
433 2677 574 2736 reverso,
611 2659 684 2718 satis
706 2666 805 2737 patet,
839 2654 922 2735 quod
958 2655 1104 2717 iudicium

180 2750 211 2801 et
241 2741 396 2801 accusatio
434 2740 543 2800 inferni
576 2749 679 2821 potest
713 2743 847 2801 enimam
883 2738 1040 2818 affligere,
1074 2745 1134 2800 et·

179 2831 280 2884 tamen
311 2822 446 2884 noudum
482 2844 550 2883 esse
586 2823 743 2885 definitam
783 2824 965 2885 seutentiam
1000 2821 1104 2882 iatam.

179 2906 227 2967 Ad
256 2906 355 2982 idem,
388 2906 418 2966 id
447 2906 528 2985 quod
556 2908 586 2968 in
616 2907 739 2968 homilia
776 2908 884 2967 recitat
912 2904 1046 2984 quadam
1070 2905 1104 2965 B.

178 2989 271 3068 Greg.
294 2989 332 3048 de
361 2991 487 3067 iuvene,
521 3010 610 3069 quem
634 2992 664 3051 iu
696 2998 794 3050 morte
822 2989 914 3050 draco
938 2989 1107 3049 absorbere

181 3073 313 3134 volebat.
737 3084 741 3090 “

261 3155 345 3215 Haec
356 3155 458 3232 itaque
475 3155 512 3214 de
526 3162 588 3215 tota
604 3157 730 3215 materia
746 3175 911 3234 poenarum
935 3153 1104 3233 purgatorii

179 3238 381 3299 uerisimiliter
404 3257 497 3316 pono,
521 3246 621 3299 motus
643 3239 945 3317 priuruurexuotura
965 3237 1104 3301 horroris

178 3329 209 3383 et
234 3322 375 3401 pavoris,
409 3320 536 3396 deinde,
575 3321 657 3399 quod
688 3324 839 3400 scriptura
867 3320 947 3381 huuc
968 3339 1108 3399 poenam.

178 3404 281 3465 tribuit
304 3403 464 3482 damnatis,
488 3405 621 3481 tandem,
644 3404 725 3483 quod
750 3406 849 3465 omnis
863 3403 997 3464 ecclesia
1018 3401 1102 3480 dicit,

177 3487 302 3549 easdem
333 3506 402 3547 esse
431 3503 549 3566 poenes
578 3488 686 3548 inferni
715 3496 747 3548 et
774 3487 952 3567 purgatorii.
995 3485 1037 3547 ut
1060 3488 1103 3547 ita

389 3620 597 3632 ffl

248 3690 278 3750 1)
299 3689 330 3740 In
349 3687 390 3740 ed.
409 3687 483 3739 iou:
502 3687 614 3738 cruciat.
652 3686 685 3748 Q]
706 3686 736 3736 ln
757 3685 797 3738 ed.
817 3687 916 3753 princ:
946 3682 1107 3752 tepiditate.¹

176 3759 415 3822 ittnsdisne
437 3759 489 3811 uel.
756 3784 770 3793 -·
848 3794 851 3801 .
