2356 4200
429 318 455 361 a.
476 288 658 362 nts'muu.
936 270 1012 370 ‘itt

84 479 174 555 peter
196 474 342 538 excelsus
364 474 488 538 dicitur:
512 468 587 559 erg'o
609 495 672 538 vox
689 477 722 537 in
736 475 840 555 Remu¹
854 480 901 537 est
916 475 1009 556 idern,

88 556 173 638 qnod
194 578 260 620 vox
280 558 483 640 inexcelsis,
509 560 527 620 i.
552 579 579 620 e.
601 558 684 640 quod
706 557 804 621 Lucas
832 577 888 619 suo
923 579 1010 623 more

86 646 238 702 montone
259 640 362 703 dicere
384 640 482 722 solet,
512 642 584 723 quia
605 649 750 705 montosa
771 647 818 704 est
839 649 920 704 terre
940 661 1010 724 pro·

85 723 260 803 missionis,
298 744 372 807 ergo
412 724 444 786 in
483 726 639 789 montenis
667 724 850 787 Bethlehem
882 723 1010 789 Rehslis

85 825 148 868 vox
177 805 283 869 cudite
311 814 367 869 est.
408 806 549 870 Herodes
576 815 719 870 eruentus
746 828 802 871 rex
822 807 936 870 multos
958 806 1009 870 Ju-

86 888 235 953 deeorum
259 889 383 970 occidit,
405 910 456 972 eo,
477 890 561 989 quod
582 910 704 974 semper
731 884 831 961 timuit
855 891 943 973 regni
964 892 1008 953 in·

86 989 252 1052 vesorem,
282 992 376 1053 quere
398 981 430 1037 et
449 973 529 1037 iilros
551 993 624 1037 suos
651 982 713 1036 tres
736 972 850 1037 occidit
870 993 1011 1037 uxorem·

86 1074 144 1136 que
164 1057 340 1138 proprium:
368 1058 413 1119 ite
434 1063 465 1120 et
486 1056 636 1119 Christum
659 1059 739 1119 inter
760 1058 892 1120 inientes
916 1076 1007 1137 quee-

85 1138 131 1221 rit,
154 1139 328 1223 suspicatus
349 1140 446 1219 iorte,
480 1140 564 1222 quod
592 1148 754 1222 parentum
776 1140 887 1202 Christi
916 1159 1008 1203 suasu

86 1222 184 1304 magis
213 1241 283 1283 eum
303 1222 463 1285 illusisset:
491 1221 609 1286 sciebat
636 1225 718 1285 eninr
739 1221 876 1285 Judueos
902 1242 1008 1306 regem

86 1308 284 1386 exspectare,
318 1311 349 1366 et
379 1326 413 1369 se
443 1307 520 1368 miro
550 1306 644 1369 modo
666 1305 804 1369 fastidiri.
825 1376 828 1381 ,
847 1305 924 1371 Ideo
952 1325 1009 1388 per

85 1387 234 1449 intentum
257 1406 366 1450 necem
388 1390 480 1452 etiem
502 1390 513 1450 i
535 1408 588 1452 sos
611 1394 725 1451 terrere
750 1388 863 1469 voluit,
896 1409 936 1450 ne
963 1389 1005 1451 fu

86 1470 143 1531 cile
165 1489 272 1552 regem
300 1471 459 1535 iectsrent.
532 1473 550 1535 d
572 1473 766 1555 propositum
788 1478 926 1534 nostrum
949 1479 1006 1534 etc

84 1681 151 1778 lix
183 1681 383 1781 Sermone
404 1684 553 1781 habito
579 1680 799 1781 Dominice
822 1684 882 1779 10.
906 1686 1007 1805 post

83 1806 87 1813 ’
269 1796 490 1894 trinit.
519 1827 558 1894 e.
589 1799 698 1894 1516.
712 1797 753 1913 *l
889 1862 891 1867 ·

167 1946 216 2008 De
237 1946 453 2031 indulgentiis,
475 1969 555 2030 ques
572 1950 726 2031 profecto,
749 1951 806 2010 etsi
824 1949 885 2012 sint
905 1934 1006 2032 ipsum

139 2152 172 2222 *)
192 2154 283 2209 Etiern
302 2154 377 2208 huuc
395 2171 552 2210 sermonem
573 2155 608 2209 de
624 2154 817 2224 indulgentiis,
840 2156 933 2222 etqui
952 2154 1008 2209 duo

83 2233 238 2296 sequuntur
257 2226 341 2281 simili
359 2232 534 2296 argumento,
551 2227 721 2282 Loeseherus
739 2229 846 2294 primus
862 2241 897 2278 ex
911 2225 1006 2282 codice

83 2297 148 2351 uso
178 2298 208 2351 in
232 2297 322 2351 lucem
353 2298 476 2366 protulit
524 2299 655 2369 Superius
693 2296 804 2366 quidem
834 2297 879 2355 hio
913 2313 1006 2352 sermo

82 2368 290 2423 interserendus
309 2376 382 2436 eret,
401 2369 450 2422 sed
470 2386 554 2438 quum
581 2370 616 2423 de
635 2368 815 2439 indulgentiis
833 2371 863 2421 in
890 2384 923 2422 eo
943 2385 1007 2440 egs-

83 2445 142 2507 tur,
167 2456 220 2494 nos
248 2456 312 2494 eum
331 2456 392 2493 cum
412 2441 521 2495 duobus
541 2442 736 2511 sequentibus,
765 2442 812 2510 qui
838 2441 922 2493 simili
941 2444 1007 2494 sunt

83 2518 268 2582 argumento,
290 2513 514 2582 coniungentium
548 2515 720 2577 censuimus,
743 2515 833 2583 megis
861 2528 1006 2582 argumen-

83 2589 142 2637 tnrn
161 2598 245 2653 quem
268 2586 401 2653 temporis
421 2585 545 2639 ordinem
573 2589 739 2653 spectantes.
776 2584 960 2653 hoeschsrus,
985 2585 1007 2648 l,

84 2655 137 2711 729
158 2669 219 2724 sqq.
238 2671 287 2709 sos
306 2655 397 2711 reddit
414 2663 497 2726 etque
515 2658 556 2710 ite
574 2657 609 2710 de
632 2657 666 2709 iis
685 2655 803 2713 iudicet:
835 2656 917 2721 ,Men
935 2657 1007 2710 sieht

83 2743 134 2780 eus
154 2724 250 2780 diesen
270 2725 433 2797 sermonen,
451 2731 505 2782 wie
524 2727 681 2793 christlich,
709 2727 853 2780 behutssm
874 2726 930 2779 und
949 2736 1007 2781 rer·

83 2796 197 2868 stttndig
215 2797 315 2851 Lnthcr
335 2797 379 2851 die
389 2799 576 2854 Ablessseche
595 2815 646 2853 vor
664 2797 713 2850 der
724 2797 894 2853 Publicetion
916 2800 1007 2851 seiner

83 2869 194 2924 Theseu
213 2868 367 2922 trsktiret.“
386 2872 527 2925 Welchius
547 2887 596 2924 eos
615 2871 775 2941 germanice
793 2867 913 2922 reddidit
927 2870 1005 2923 Tem.

84 2940 159 3004 XlX,
187 2940 241 2995 917
265 2956 325 3011 sqq.
358 2948 440 3012 etque
465 2945 504 2995 its
532 2941 566 2994 de
590 2944 625 2995 iis
650 2941 760 2995 disserit
776 2942 805 2992 in
825 2943 1006 3009 praefatione,
1111 2996 1115 3012 ,

84 3013 114 3063 T.
133 3012 208 3079 m,
226 3012 275 3068 76:
304 3013 360 3081 ,Es
385 3017 422 3068 ist
440 3014 538 3067 darnus
556 3013 764 3079 absunehmeu,
792 3015 847 3065 wie
871 3013 1006 3065 lutherus

84 3083 130 3137 die
147 3082 354 3152 Abiesssechs,
380 3087 432 3140 che
455 3102 486 3139 er
504 3088 580 3139 seius
599 3086 679 3138 Stitne
699 3099 748 3137 uns
769 3084 847 3136 hicht
865 3080 1007 3154 gebracht,

84 3154 245 3224 engesehen
263 3156 346 3222 hebe,
364 3157 421 3210 und
432 3159 486 3211 wie
505 3173 535 3210 er
553 3157 696 3211 hierinnen
714 3156 785 3208 nech
805 3154 863 3207 und
880 3156 952 3208 nsoh
972 3171 1007 3208 nu

84 3229 161 3281 einer
179 3226 274 3280 hinlen
296 3227 387 3282 lichen
408 3229 590 3283 Erlrenntniss
614 3227 729 3297 gelengt
752 3229 802 3292 sei,
838 3226 1008 3298 Authnglieh

85 3299 208 3351 verwsrf
224 3314 254 3350 er
272 3243 326 3351 den
345 3299 447 3353 Abless
473 3316 508 3352 un
536 3300 592 3352 und
615 3301 660 3351 fiir
683 3298 741 3351 sich
768 3299 857 3362 nicht,
886 3298 1007 3351 sondern

84 3385 137 3421 nur
167 3369 220 3421 den
256 3369 337 3423 debei
371 3388 423 3425 vor
443 3371 568 3425 ehenden
608 3370 794 3433 Missbruueh,
842 3369 906 3423 dese
950 3370 1008 3422 der·

85 3441 165 3494 sclbe
187 3440 228 3493 sls
249 3443 293 3494 cin
311 3442 398 3496 Mittel
417 3390 480 3495 dem
500 3442 582 3496 Geize
611 3444 655 3494 ein
675 3441 791 3511 Genitge
816 3457 849 3492 zu
873 3442 941 3494 thun
962 3458 1008 3494 sn·

85 3512 240 3581 geweudet,
261 3512 318 3564 und
342 3515 387 3567 die
406 3515 551 3568 Menschen
582 3513 706 3566 deduroh
733 3529 768 3565 en
787 3512 836 3565 der
855 3515 1008 3582 Austtbung

86 3583 196 3636 wshrer
215 3581 412 3655 Gottseliglreit
430 3586 487 3638 und
506 3602 541 3638 nn
566 3585 629 3648 dem
655 3585 780 3653 thitigen
800 3583 1007 3637 Christenthnm

86 3654 233 3708 behindert
262 3656 386 3710 wtirdcn.
422 3656 514 3712 Alleiu
543 3654 739 3726 ncehgehends
770 3655 836 3708 lssm
855 3657 897 3725 jer
921 3655 1008 3708 durch

86 3725 130 3778 dis
150 3724 248 3780 Gnade
267 3725 363 3782 Gottes
387 3730 415 3781 in
442 3731 532 3783 seiner
549 3729 732 3782 Erkenntniss
751 3729 847 3781 weiter
866 3727 921 3781 und
941 3729 1009 3787 selre

86 3799 160 3853 wohl
179 3801 234 3867 ein,
253 3798 318 3854 dees
338 3800 387 3854 der
404 3801 557 3871 ptpstliche
575 3800 676 3854 Ablsss
696 3815 731 3852 cn
744 3798 801 3852 und
814 3801 859 3855 fur
871 3800 935 3856 sich
947 3801 1012 3855 eine
