2356 4200
479 285 708 344 eruemus.
981 279 1044 350 169

124 453 237 517 mendo
262 462 318 518 ete.
360 455 504 519 Ceterum
526 457 587 519 sito
600 453 781 518 'recidivant
802 463 833 517 et
854 455 984 517 redeunt
1005 452 1044 517 e'd

123 541 295 618 vomitum,
319 541 390 619 quie
411 559 474 602 nou
497 539 674 618 advertunt,
696 539 835 602 morbum
858 546 890 600 et
909 539 1044 600 rsdioem

123 624 262 704 peceati,
284 620 364 686 sieut
385 625 436 702 qui
458 623 574 684 rivulos
595 623 688 685 fontis
710 622 904 704 preeoidunt,
926 628 979 683 aut
997 623 1044 684 fo

122 705 164 766 lis
186 705 318 786 arboris,
338 706 453 767 reliotis
473 725 556 767 vens
568 706 715 769 stradioe
734 708 821 784 vivis,
844 725 905 767 non
920 705 1044 766 solliciti

123 787 254 849 assiduo
271 790 388 870 gemitu
410 808 467 870 pro
488 790 587 870 gretia
609 789 808 851 destructri'oe
830 789 969 870 eorporis
990 788 1043 849 hu·-

122 872 168 931 ius
199 873 322 952 peeeati
357 879 388 933 et
415 871 642 934 mortificatrioe
675 873 880 934 membrorum
912 873 1043 952 peooati.

122 954 169 1014 Au
195 955 278 1016 forte
299 975 355 1035 per
376 955 447 1033 boe,
470 956 554 1035 qnod
576 955 689 1028 dieunt,
712 975 767 1037 per
791 955 916 1017 modum
939 954 1043 1015 suffre-

124 1038 175 1117 gii,
199 1037 283 1118 quod
305 1037 570 1119 illudsuffiagium
594 1059 656 1099 non
679 1045 796 1100 tentum
810 1038 974 1099 actualium
999 1037 1044 1098 eis

123 1121 337 1182 remissionem
372 1121 528 1199 conferet,
561 1122 615 1182 sed
648 1123 739 1182 etiam
768 1123 983 1183 oontritionem
1013 1126 1046 1181 et

126 1204 349 1282 poenitentium
371 1223 463 1285 super
490 1205 597 1265 fomite
625 1211 656 1265 et
682 1205 819 1284 reliquiis
846 1204 960 1271 emeris
988 1210 1046 1264 ter·

123 1287 187 1346 reni
226 1286 388 1368 impetret,
440 1287 480 1348 ad
515 1289 644 1368 gratiam
679 1288 890 1369 perfectissimi
931 1287 1044 1348 amoris

124 1369 197 1447 Dei,
224 1388 263 1431 ae
296 1370 457 1450 suspirium
490 1369 530 1430 ed
561 1370 660 1431 Deum
696 1371 853 1431 eonferetl
898 1369 1045 1450 Exempli

123 1452 237 1532 gratim
266 1452 362 1514 homo
384 1460 538 1531 mortuus,
567 1454 593 1513 si
616 1455 743 1515 moritur
764 1455 894 1532 invitus,
924 1459 956 1515 et
982 1470 1045 1514 non

124 1539 209 1596 tanto
233 1534 387 1596 desiderio
416 1537 502 1618 eupit
530 1535 674 1616 dissolvi,
706 1543 739 1597 ut
771 1536 970 1598 libentissime
991 1552 1044 1596 vo·

125 1617 233 1679 lentati
264 1618 323 1679 Dei
354 1616 495 1696 obediat,
540 1619 650 1680 ssltem
681 1619 850 1680 seeundum
883 1621 1046 1696 rationem,

123 1701 196 1760 lieet
222 1720 334 1761 sensus
361 1709 531 1783 repugnet,
563 1709 596 1762 ut
623 1703 654 1762 in
684 1703 807 1763 Christo
841 1711 872 1762 et
905 1701 1047 1763 omnibus

124 1783 328 1864 martyribus:
361 1783 411 1845 bio
444 1785 637 1846 menifestum
668 1792 731 1865 est,
760 1785 840 1865 quod
861 1786 893 1845 in
916 1789 1045 1866 peceato

125 1867 271 1942 moritur,
307 1867 380 1928 lieet
406 1886 469 1928 non
491 1868 628 1948 mortali,
651 1868 704 1929 sed
728 1875 830 1929 temen
851 1887 959 1950 prope,
970 1885 1045 1947 ergo

125 1968 189 2010 non
210 1951 364 2029 poenituit
384 1970 477 2031 super
496 1950 572 2011 illud
593 1952 625 2011 in
647 1952 719 2015 vite.
757 1951 806 2012 An
829 1970 902 2032 ergo
924 1952 954 2010 in
977 1969 1045 2030 pur·

123 2033 248 2112 gatorio
278 2033 408 2114 gretiam
443 2035 654 2114 poenitentiae
687 2035 819 2114 eooipiet
848 2054 868 2093 a
898 2034 967 2095 Deo
991 2051 1047 2113 per

122 2114 272 2195 suffragia
294 2115 455 2195 ecelesiae,
477 2123 510 2177 ut
538 2117 671 2178 libenter
692 2117 767 2178 velit
788 2135 857 2177 esse
885 2115 1046 2177 mortuus?

124 2198 200 2277 quia
222 2198 314 2258 etiem
332 2206 442 2259 natura
463 2219 526 2260 nou
548 2207 667 2280 potest,
697 2220 756 2260 nee
776 2201 856 2280 ignis
879 2199 1046 2280 purgatorii

124 2281 192 2341 sine
215 2282 315 2361 gretie
336 2282 435 2362 ipsum
459 2282 497 2342 ab
521 2282 583 2343 hoo
604 2283 745 2347 liberere.
789 2282 870 2357 Quia
891 2290 991 2342 autem
1014 2283 1046 2340 in

124 2370 256 2443 peeoeto
278 2365 422 2442 moritur,
457 2366 532 2444 quie
565 2385 626 2426 non
650 2366 749 2446 diligit
771 2365 855 2444 quod
877 2365 943 2426 vult
962 2365 1047 2425 Deus

125 2465 165 2507 ex
189 2452 255 2507 toto
278 2447 387 2525 eorde,
409 2447 464 2508 sed
485 2448 598 2508 invitus
619 2449 710 2526 feeit,
749 2468 811 2509 non
834 2453 882 2508 est
902 2447 1046 2508 voluntas

126 2529 192 2589 eius
214 2530 246 2588 in
270 2530 340 2610 lege
362 2529 496 2607 Domini,
519 2550 593 2612 ergo
617 2538 649 2591 et
671 2532 696 2592 si
719 2550 814 2611 opere
833 2531 943 2610 implet
963 2547 1046 2589 men·

125 2611 242 2688 dotum,
265 2631 328 2673 non
353 2619 457 2673 tamen
479 2614 583 2674 eorde.

210 2693 271 2754 sed
294 2696 533 2774 concordemus,
563 2706 709 2776 quantum
731 2716 909 2777 possumus:
942 2694 1047 2756 omnie

125 2797 224 2858 opera
246 2785 277 2838 et
296 2779 406 2838 merita
428 2779 540 2839 Christi
571 2787 602 2840 et
633 2780 784 2845 eeclesiae
807 2787 878 2840 sunt
899 2780 929 2839 in
953 2797 1046 2838 manu

125 2879 239 2940 papae,
263 2862 392 2940 etipse,
416 2880 636 2942 quaecunquae
658 2862 742 2923 bone
763 2862 840 2922 fiunt
862 2864 891 2922 in
915 2861 1048 2920 ecelesia

126 2962 183 3023 per
196 2942 359 3022 Christum,
381 2952 485 3024 potest
506 2947 650 3005 triferium
663 2944 829 3026 spplieere,
851 2951 885 3005 ut
897 2945 1046 3022 sequitur:

125 3027 227 3105 primo
250 3033 284 3085 ut
305 3028 558 3105 satisfactionem,
580 3028 717 3089 seeundo
740 3035 773 3088 ut
785 3027 972 3108 suffragium,
990 3032 1047 3086 ter·

125 3109 169 3169 tio
193 3115 226 3168 ut
247 3117 352 3169 votum
375 3110 425 3170 vel
442 3111 624 3171 seerifieium
641 3111 750 3189 laudis,
773 3108 1044 3171 sioutetOhrietus

126 3189 271 3271 operibus
291 3193 355 3265 suis
378 3200 409 3252 et
430 3192 528 3253 Deum
556 3192 755 3275 glorifieavit,
789 3201 820 3254 et
851 3198 957 3254 nostra
978 3209 1047 3271 pso

126 3281 197 3333 eata
217 3273 344 3335 abstulit
365 3282 396 3335 et
416 3278 546 3356 gretiam
567 3278 745 3357 promeruit.
789 3276 837 3336 Ad
868 3274 1047 3335 setisfeotio·

127 3375 198 3416 nem
222 3356 359 3436 upplioet
380 3358 598 3439 indulgentius,
621 3378 696 3438 ques
708 3359 854 3421 ooneedit
863 3357 1048 3436 viventibus,

126 3440 211 3498 ouius
233 3441 277 3498 rei
301 3439 428 3501 effeetus
452 3448 483 3502 et
505 3443 696 3503 intentieest
716 3443 802 3519 bees,
825 3448 867 3518 ut,
886 3443 909 3500 si
924 3458 1048 3520 peooes·

127 3540 177 3581 ses
205 3528 238 3582 et
265 3524 414 3583 munitus
444 3543 500 3605 pro
533 3527 669 3605 peoeetis
702 3525 878 3585 setisfeoere
906 3541 1046 3602 quaeres,

127 3604 165 3664 ed
188 3623 300 3684 papam
325 3609 457 3685 venires,
481 3607 602 3668 dicens:
630 3607 737 3668 ·Peter
760 3607 800 3684 S,
824 3604 954 3668 obsecro
967 3605 998 3666 S.
1012 3605 1047 3664 Τ.
1072 3599 1080 3618 ‘

125 3688 201 3749 velit
223 3688 367 3750 ordinere
389 3708 483 3770 opere
506 3698 538 3752 et
559 3691 715 3752 orationes
738 3691 888 3751 eeclesiae
909 3708 965 3770 pro
979 3706 1047 3769 peo

127 3773 203 3833 eatis
227 3772 321 3849 meis,
351 3780 423 3832 tune
442 3760 488 3834 illi
510 3773 564 3835 fiet
584 3780 618 3834 ut
638 3775 766 3855 petitur,
792 3781 825 3835 et
845 3779 918 3833 tuno
940 3789 1047 3833 omnes
