2356 4200
122 275 186 347 102
414 275 546 349 Epitoma
564 277 766 347 Responnonis

205 450 309 512 Tertia
329 450 465 527 falsitas,
480 450 554 529 ‘quis
577 450 650 523 scit,
673 449 786 529 inquit,
808 450 833 509 si
857 468 966 511 omnes
988 449 1049 510 ani·

34 603 38 611 ,
124 553 197 598 mae
240 534 390 614 urgatorii
412 533 507 592 velint
528 532 660 594 redimi?
681 533 767 592 Haec
787 532 847 595 ille.

183 629 185 637 ’
251 615 270 676 d
302 618 362 677 ista
383 616 500 676 falsitas
527 616 717 696 improbatur
743 614 900 697 multiplici
918 617 1051 693 ratione,

125 717 205 781 quae
233 705 333 760 autem
351 717 410 780 pro
431 718 466 759 se
488 698 631 774 adducit,
654 704 724 758 sunt
755 699 853 775 nulla,
886 700 1051 780 praecipue

124 783 216 861 illud,
250 782 333 862 quod
356 782 467 842 Paulus
500 782 549 841 vel
570 783 696 862 Moyses
729 783 912 863 appetiverit
944 782 1050 844 alteo

125 884 196 928 sesa
215 866 381 926 anathema
403 872 552 945 perpetuo
576 883 631 945 pro
656 865 741 943 aliis,
764 871 856 924 etex
878 864 1052 946 Scripturis,

127 965 204 1030 quas
227 947 361 1023 adducit,
383 948 444 1008 boc
465 966 526 1006 non
545 947 689 1027 babetur,
713 947 766 1007 sed
789 966 842 1008 eas
865 948 946 1008 male
967 947 1051 1010 intel-

127 1032 202 1113 ligit,
224 1037 255 1091 et
276 1031 403 1109 citatu).

211 1114 286 1193 Oap.
311 1115 361 1176 13.
411 1111 500 1187 Quod
534 1113 726 1173 adversarius
760 1113 841 1173 male
872 1114 988 1173 sentiat
1016 1111 1052 1172 de

126 1203 282 1279 potestate
302 1195 477 1273 Pontifieis,
506 1203 536 1256 et
565 1196 606 1256 ibi
630 1197 715 1256 multi
738 1214 856 1257 errores
877 1198 1052 1269 recitantur,

128 1278 347 1361 reprobantur,
391 1287 421 1336 et
460 1297 566 1339 eorum
611 1280 810 1340 fundamenta
851 1279 1052 1349 ostenduntur

130 1381 199 1423 esse
221 1361 313 1422 nulla.

211 1443 330 1504 Primus
352 1460 447 1521 error,
470 1443 554 1523 Papa
577 1463 639 1504 non
659 1451 765 1525 potest
784 1445 939 1504 remittere
959 1444 1050 1504 ullam

129 1525 265 1605 eulpam,
288 1526 346 1585 nisi
369 1525 555 1586 declarando
578 1534 608 1586 et
629 1527 831 1608 approbando
854 1528 1013 1587 remissam
1032 1527 1057 1586 a'

127 1609 212 1682 Ideo,
244 1613 296 1668 aut
327 1616 411 1668 oerte
442 1610 625 1670 remittendo
660 1630 749 1671 casus
784 1611 840 1672 sibi
868 1617 1052 1671 reservatos.

127 1690 213 1752 uase
231 1690 292 1754 ille.

210 1773 271 1850 Qui
292 1768 394 1834 'iatum
421 1787 559 1834 'errorem
592 1774 699 1834 fundat
728 1776 757 1835 in
781 1774 859 1848 alio,
892 1773 978 1854 *qaod
998 1783 1052 1854 per

129 1858 372 1935 uaamenav)
410 1874 511 1917 novae
550 1856 625 1936 legis
660 1859 759 1937 gratie
782 1877 844 1918 non
879 1857 1052 1918 coutamur

127 1945 238 2000 nonna
269 1938 438 2000 doctrinam
466 1952 662 2000 communem
687 1941 855 2000 Doctorum
878 1939 1051 2016 celebrium,

125 2021 312 2102 Augustini,
344 2021 539 2102 Hieronymi,
573 2023 729 2103 Hugonis,
760 2024 898 2103 Magistri
932 2022 1051 2083 Septen.

128 2099 242 2166 Bedae,
265 2103 361 2165 Raba.
384 2104 464 2164 Petri
488 2105 526 2164 de
545 2106 608 2185 pal.
632 2112 662 2165 et
680 2107 779 2169 ¹Cone.
803 2106 866 2165 Flo.

91 2201 94 2208 ’
213 2186 372 2248 Secundus
395 2203 494 2266 error,
524 2190 554 2247 in
578 2196 771 2249 sacramento
785 2190 927 2280 ¹(inquit)
950 2187 1065 2269 poeni„

129 2270 245 2331 tentiae
263 2271 409 2330 conuitio
431 2288 492 2330 uon
517 2279 562 2330 est
583 2272 663 2332 adeo
687 2272 877 2347 necessaria,
905 2276 941 2330 ut
968 2269 1051 2346 tides,

132 2371 194 2431 qua
215 2353 282 2431 quis
305 2353 417 2429 credit,
446 2372 480 2412 se
502 2353 693 2431 absolutum,
722 2361 752 2414 et
774 2353 1053 2434 incomparabiliter

128 2433 201 2514 plus
235 2436 433 2514 consequitur
466 2435 542 2495 fides
577 2437 794 2513 absolutionis,
829 2456 920 2517 que-m
954 2437 1053 2497 servor

130 2517 333 2578 contritionis.
378 2517 417 2576 Et
438 2519 467 2577 in
491 2518 557 2597 hia,
580 2522 691 2599 inquit,
714 2521 766 2599 qui
788 2520 916 2589 credunt
936 2521 967 2579 in
990 2537 1052 2579 rer-

130 2597 204 2659 bum
218 2599 338 2677 Christi,
362 2599 574 2681 Quodcunque
592 2603 730 2682 solveris,
754 2622 814 2663 non
836 2609 940 2682 potest
960 2601 1052 2662 alaris

130 2700 244 2742 errare.
287 2682 451 2743 Haeoille.

221 2764 280 2839 Qui
303 2772 333 2825 et
353 2785 471 2842 rursus,
494 2775 589 2843 erret,
611 2768 725 2847 inquit,
752 2769 800 2827 vel
823 2787 885 2828 non
905 2775 990 2828 erret
1009 2784 1052 2826 aa·

131 2847 252 2925 cardos,
273 2853 306 2907 tu
327 2867 390 2908 non
414 2868 506 2925 erras,
529 2851 553 2908 si
578 2851 751 2928 credideris,
771 2852 892 2911 scilicet
914 2857 944 2910 te
966 2850 1051 2911 abso·

132 2929 237 2990 lutum.
280 2930 365 2990 Haec
386 2931 453 2994 iste.

164 3024 169 3036 ‘
216 3013 256 3072 Et
284 3012 334 3072 hio
360 3014 452 3074 etiam
484 3019 631 3076 tractatur
663 3015 700 3077 de
723 3019 925 3078 evacuatione
945 3033 1052 3097 purga·

130 3095 203 3155 lorii
224 3113 279 3174 per
300 3088 430 3175 Papam,
467 3098 498 3156 iu
531 3101 734 3176 responsione
760 3099 799 3160 ad
836 3101 967 3179 primum
990 3100 1052 3158 eins

129 3178 222 3237 artic:
250 3177 290 3237 Et
308 3178 472 3257 probatur,
497 3180 579 3258 quod
609 3179 689 3242 sicut
710 3184 848 3264 Papaw)
868 3202 927 3262 per
950 3182 1052 3241 venias

135 3267 238 3339 potest
270 3280 362 3320 unam
385 3263 517 3322 animam
542 3282 560 3322 a
582 3267 760 3346 purgatorio
783 3266 927 3332 educere,
962 3265 1005 3324 ita
1026 3268 1054 3322 et

206 3477 240 3539 u)
260 3477 367 3533 Solutio
395 3480 492 3534 eadem
525 3480 730 3535 Coloniensium
770 3489 820 3537 est
869 3485 903 3548 v)
925 3481 1053 3544 Mentiris,

136 3548 283 3613 Silvaster,
315 3550 449 3604 Lutherus
469 3567 518 3620 per
537 3561 712 3607 sacramenta
738 3557 857 3624 gratiam
877 3556 937 3607 dari
957 3554 1053 3607 melius

134 3622 227 3687 sentit,
245 3635 329 3689 quam
347 3628 387 3675 tu.
424 3625 466 3685 w)
506 3624 565 3678 Hoc
583 3631 610 3677 et
628 3625 761 3679 lutherus
781 3627 856 3693 dicit,
875 3629 947 3680 sieut
965 3628 1054 3695 poan

134 3708 228 3758 unam,
245 3694 287 3744 sic
304 3697 400 3760 potest
417 3695 519 3748 multas
534 3697 693 3750 extrahere.
722 3698 781 3751 Stat
797 3701 873 3752 enirn
893 3696 1053 3761 similitudo,

134 3764 200 3833 quia
216 3762 323 3815 nullum
342 3771 434 3834 potest
451 3768 605 3821 extrahere.
