2356 4200
362 293 397 348 de
417 294 517 349 r'irtrta
541 293 788 364 indulgentium.
975 291 1037 358 153

117 467 167 521 tur
188 479 286 540 orare,
310 461 474 542 celebrare,
496 461 608 523 deinde
629 463 680 523 alii
692 481 815 543 quoque
833 481 892 523 nec
903 463 1039 524 ieiunare

116 562 176 603 nec
195 544 340 625 vigilare,
367 563 425 605 nec
445 565 464 605 a
487 546 649 625 carnibus,
672 548 748 625 ovis,
770 546 851 607 laete
872 543 1037 609 obstinere.

117 626 261 709 Suntque
291 629 396 688 omnia
424 647 486 688 non
522 630 616 690 modo
647 627 797 709 libera,
788 647 852 690 ιιιιο
873 629 1037 710 prohibitu,

115 728 196 789 quae
222 711 307 790 prius
336 719 423 771 erant
450 711 533 772 sanis
566 715 741 793 praecepta.
789 711 934 808 Alioquin
967 718 1036 773 oum
1086 714 1087 717 ’

118 811 174 853 eos
194 795 256 853 iam
279 794 523 854 manusDomini
544 799 660 877 tangat,
682 795 834 856 diceretur
855 797 913 855 eis:
933 792 1037 871 Quare

117 894 166 935 me
187 878 406 956 persequimini
428 878 507 937 siout
527 877 631 950 Deus,
660 885 692 938 et
721 879 862 940 carnibus
883 878 960 938 meis
987 877 1036 956 (id

116 965 173 1037 ost,
193 957 440 1036 infirmitatibus)
467 925 654 1022 saturamini

184 1042 303 1123 Arguo
323 1043 442 1139 itaque:
485 1043 629 1104 Oenones
652 1045 756 1105 sunt
748 1044 883 1124 impositi
906 1061 969 1104 non
990 1044 1034 1103 ιιι-

115 1123 226 1203 firmis,
261 1125 316 1185 sed
338 1127 421 1186 sanis
443 1131 475 1185 et
495 1126 684 1206 valentibus,
719 1145 794 1223 ergo
817 1126 913 1187 multo
935 1127 1036 1187 minus

116 1171 252 1287 mortuis,
274 1207 328 1268 sed
351 1194 532 1269 viventibus.
574 1209 637 1269 Aut
664 1212 689 1269 si
711 1211 902 1270 morituriet
926 1210 1036 1270 mortni

115 1309 179 1351 non
198 1291 272 1350 'sunt
259 1291 400 1370 iliberi,
423 1310 477 1351 cur
498 1290 607 1351 infirmi
630 1293 720 1352 etiarn
745 1311 807 1352 non
831 1286 947 1352 eisdem
968 1310 1036 1372 pre·

117 1380 239 1433 muntur
260 1381 291 1434 et
313 1374 486 1435 vexantur?
516 1376 647 1454 denique
668 1384 793 1455 recepte
814 1378 944 1435 sanitate
973 1393 1036 1436 non

115 1462 258 1516 tenentur
266 1465 405 1536 repetere
418 1476 534 1518 omissa
542 1477 574 1516 ιιι
586 1456 770 1537 infirmitate,
789 1458 946 1538 quomodo
960 1475 1034 1539 erge

115 1538 278 1599 credentur
300 1547 372 1621 post
393 1548 523 1600 mortem
549 1549 636 1621 repet
624 1539 708 1600 tendi
737 1547 789 1600 aut
822 1538 962 1601 soluendi
986 1558 1036 1603 oe-

114 1639 224 1683 nones.
301 1648 304 1655 ·

196 1703 257 1765 Sed
279 1704 329 1765 hic
356 1704 462 1765 dicunt
483 1706 620 1802 quidam:
661 1704 757 1783 Quid,
790 1707 816 1766 si
845 1707 911 1785 quis
941 1724 1034 1765 sanus

112 1788 279 1868 impositos
301 1790 507 1868 poenitentias
530 1789 677 1873 omiserit,
699 1794 731 1848 et
751 1789 1034 1884 posteamoriturns

115 1869 318 1931 confiteatur?
341 1870 469 1950 videtur,
491 1867 574 1950 quod
596 1872 673 1931 tales
696 1873 822 1932 omnino
844 1889 974 1933 necesse
991 1871 1036 1931 ιιι

115 1953 146 2011 in
167 1955 346 2034 purgatorio
370 1954 504 2033 solvere,
535 1955 653 2014 etiamsi
675 1954 756 2014 aliae
785 1972 848 2014 non
875 1954 1036 2035 imponen-

115 2030 174 2096 dae
194 2038 270 2116 sint,
301 2043 438 2097 autnon
459 2036 681 2117 imponantur?
709 2036 916 2116 Respondeo,
955 2037 1037 2114 quod

114 2137 330 2200 nequaquam,
358 2120 431 2199 quia
458 2139 513 2199 per
539 2119 631 2180 talem
646 2121 859 2180 omissionem
891 2119 966 2179 nihil
987 2125 1037 2179 est
1146 2115 1149 2123 '

112 2201 227 2263 lactum
249 2201 343 2280 alind,
367 2222 458 2282 quam
481 2202 564 2282 quod
586 2209 695 2264 contra
715 2208 914 2282 praeceptum
936 2201 1035 2262 eccle-

114 2285 178 2345 siae
199 2291 360 2365 peccatum
384 2293 452 2363 est,
475 2287 512 2345 de
535 2303 596 2364 quo
618 2285 786 2346 dolendum
808 2292 873 2362 est,
896 2303 959 2346 non
982 2284 1033 2346 de

113 2386 175 2428 nuo
197 2368 400 2448 repetendum
423 2386 460 2429 ac
482 2367 671 2448 implendum
691 2387 749 2448 pro
771 2369 955 2448 praeterito,
978 2368 1033 2429 sed

112 2469 169 2529 pro
192 2450 238 2512 fut
226 2457 293 2512 turo
316 2458 444 2511 t.antum
488 2449 607 2511 Sufficit
638 2451 697 2511 diei
720 2452 836 2514 malitia
870 2469 942 2529 sua,
971 2469 1034 2511 cre·

113 2534 210 2593 atinus
232 2534 381 2594 sollicitus
404 2535 461 2594 erit
482 2535 548 2596 sibi
592 2533 683 2609 Quod
705 2535 731 2595 si
759 2534 917 2614 praecepti
939 2543 1033 2593 trans-

112 2611 232 2713 gressio
259 2617 350 2677 ullius
379 2623 462 2677 esset
487 2616 672 2698 repetenda,
708 2625 742 2678 nt
773 2618 859 2677 nulla
884 2623 1033 2695 manaret,

113 2700 248 2759 maxime
267 2700 328 2760 id
321 2719 351 2759 ιιι
373 2699 431 2760 Dei
452 2703 624 2780 praeceptis
646 2699 711 2760 lieri
734 2699 875 2778 deberet
908 2700 963 2760 ssd
987 2663 1034 2760 ιιι

111 2781 317 2862 impossibile,
347 2789 380 2842 ut
408 2782 590 2844 adulterium
610 2784 736 2843 nonsit
764 2747 877 2844 factum
896 2785 1034 2844 omissae

112 2866 221 2925 castita
224 2867 270 2930 ιιι
823 2888 826 2899 ·
974 2900 976 2907 ·
1055 2925 1064 2939 ,

193 2947 296 3026 Nono,
320 2965 494 3028 quicunque
506 2967 654 3008 maiorem
674 2966 806 3028 poenam
829 2949 919 3046 subit,
940 2912 1032 3028 quam

112 3029 171 3093 sibi
191 3033 338 3112 imposita
360 3040 421 3107 est,
454 3033 524 3091 buio
553 3033 662 3091 merito
691 3039 721 3090 et
750 3032 911 3092 naturali
902 3050 967 3093 rure
987 3049 1034 3093 rc·

112 3116 271 3174 mittuntur
298 3116 447 3192 minores,
484 3113 539 3174 sed
579 3115 743 3174 moriturus
771 3115 854 3176 subit
887 3115 1033 3193 ultimam,

112 3215 262 3258 summam
298 3206 329 3258 et
367 3199 532 3258 maximam
565 3216 752 3278 poenarum,
787 3198 889 3258 silicet
916 3198 1032 3295 mortqs.

112 3279 215 3356 Quare
235 3287 398 3360 praesente
422 3288 519 3341 morta
542 3283 641 3342 omnia
665 3281 726 3342 alia
746 3279 839 3341 debet
858 3280 944 3359 tolli‚·
963 3296 1033 3340 cum

111 3365 164 3423 vix
185 3363 265 3423 ullus
288 3362 356 3424 suff
359 3365 421 3424 ciat
431 3365 503 3425 huic
524 3363 582 3424 soli
604 3382 735 3445 poenae
765 3362 806 3422 Et
823 3365 931 3423 iterum
952 3362 992 3422 fin
1017 3383 1034 3423 e

114 3463 220 3507 coram
241 3446 419 3526 legislatore
447 3449 626 3508 moriturum
656 3466 725 3508 sese
746 3445 787 3507 ad
809 3454 938 3507 mortem
962 3464 985 3507 o
1025 3481 1035 3491 ·

111 3537 241 3608 rentem,
263 3548 303 3589 an
328 3548 391 3590 non
412 3529 466 3590 ille
487 3548 557 3590 suns
580 3533 684 3592 statim
702 3529 910 3591 retractabit?
1018 3564 1021 3571 ·

193 3612 343 3691 Decimo,
370 3603 501 3673 illustres
525 3615 680 3693 quidam
671 3634 703 3674 ιιι
735 3612 869 3674 ecclesia
889 3613 1033 3675 doctores

111 3694 226 3773 dicunt,
206 3694 332 3775 tquod
346 3695 535 3759 Christianus
559 3698 686 3775 quilibet
703 3698 742 3757 sit
763 3695 940 3794 ditissimus,
961 3696 1034 3775 quia

111 3797 166 3858 per
189 3787 318 3866 mortem
341 3779 547 3840 voluntariam
570 3787 672 3861 potest
701 3781 805 3842 omnin
825 3780 973 3860 solvere„
999 3786 1034 3839 et

753 3890 834 3967 tl*
