2356 4200
351 303 490 379 Ιιιιιιιιι,
509 304 626 362 asna
647 306 795 363 ramma
837 293 852 351 .¹
1008 301 1052 369 ιι
1133 361 1137 375 ,

148 514 151 521 ·
211 475 365 555 Secundo,
387 475 438 536 ubi
450 495 532 536 nunc
546 481 594 537 est
614 481 754 557 potestas
773 493 894 556 papas,
916 477 967 539 ubi
985 475 1049 539 ctr-

128 565 176 621 rus
199 559 346 639 clavium,
369 561 394 619 si
416 579 479 620 non
501 560 560 620 nisi
582 561 730 620 insertum
754 559 943 640 operantur?
984 560 1049 622 lam

129 644 267 705 Christus
296 643 370 703 nihil
393 643 515 703 dedisse
544 642 683 704 videtur
693 643 859 721 eodlesiae,
893 643 944 723 qui
976 641 1052 704 nihil

128 732 245 788 oe‘rtum
268 727 296 786 ei
319 726 412 787 dedit
454 725 502 786 Eo
526 726 644 786 scilicet
665 727 807 807 pervenit
827 745 877 786 res
901 725 1052 787 ecclesiae

127 808 230 871 studio
254 809 458 870 scholasticae
481 809 674 889 theologiae
696 815 831 888 atquae
853 808 970 870 dona-ta
991 810 1053 870 siut

127 893 227 973 nobis,
249 894 434 971 nesciamus,
458 899 489 952 et
476 893 540 953 tid
557 891 736 972 profitemur
749 911 810 953 nos
824 892 954 972 nescire,
974 909 1050 955 con

126 983 173 1037 tra
196 940 299 1056 A’post
286 976 392 1037 t-olum
407 975 504 1038 tOor
520 977 547 1040 3
584 975 645 1036 Sed
668 975 738 1036 vide
760 994 845 1036 meas
868 975 1050 1037 declaratio·

126 1077 191 1122 nes
215 1057 316 1120 Credo
339 1078 389 1118 me
410 1059 441 1119 id
464 1058 613 1138 effecisse,
628 1065 669 1119 ιιι
689 1055 821 1140 intelligi
842 1059 952 1139 possit,
978 1057 1049 1138 quid

126 1141 247 1210 claves
277 1148 307 1201 et
330 1142 400 1222 quid
423 1161 486 1202 ιιοιι
509 1147 689 1222 operentur,
720 1142 813 1221 idque
836 1161 898 1202 non
920 1143 1049 1221 incerta,

128 1225 183 1285 sed
205 1229 299 1285 certe.

207 1308 327 1397 Tertio,
345 1307 442 1367 altera
463 1307 576 1368 lacinia
594 1307 694 1388 frigidi
707 1308 796 1369 huius
817 1248 990 1404 patrocinii
1004 1306 1049 1368 tul

126 1393 305 1452 miserarum
326 1392 484 1450 veniarum
508 1397 555 1450 est
576 1391 663 1487 haec,
688 1391 780 1470 quod,
804 1392 861 1452 etsi
880 1391 925 1451 illi
942 1391 1049 1452 venias

125 1492 189 1535 non
214 1481 455 1553 consequantur,
490 1479 592 1534 tamen
621 1475 705 1553 pium
740 1493 818 1554 opus
846 1473 982 1535 faciunt
990 1480 1051 1535 etot

125 1557 207 1618 Volo
234 1576 389 1637 premere,
412 1575 491 1635 quae
512 1556 563 1616 hic
584 1558 707 1638 cogito,
735 1565 948 1637 tu,quaeso,
977 1556 1050 1618 vide
1095 1568 1103 1581 ³

126 1638 198 1720 quid
222 1639 317 1716 dicas,
340 1646 372 1700 et
393 1639 465 1718 quid
483 1639 555 1699 inde
569 1644 722 1720 sequatur.
745 1640 814 1702 Hoc
832 1640 901 1700 dico
917 1641 1051 1720 interim,

117 1737 188 1784 ἰιοιι
209 1729 316 1804 potest
336 1723 470 1802 populus
492 1722 530 1782 ad
553 1725 637 1802 pium
660 1741 738 1803 opus
761 1721 885 1802 induci,
911 1724 970 1783 nisi
994 1743 1050 1804 spe

124 1807 244 1866 incerta
275 1806 455 1866 veniarum?
503 1806 560 1865 Dic
588 1806 648 1866 hoc
676 1806 812 1887 populo,
841 1813 873 1867 et
901 1805 988 1882 vide,
1023 1807 1050 1867 sl
1129 1872 1134 1887 κ

125 1908 219 1949 unum
247 1888 373 1950 obolum
402 1907 458 1968 pro
487 1890 540 1948 tali
569 1890 697 1950 veritate
721 1889 929 1969 consequaris.
974 1887 1048 1964 Quis

124 1973 207 2032 anim
229 1990 285 2051 pro
306 1974 424 2031 incerto
445 1980 559 2031 certum
583 1972 728 2032 laboret?
755 1971 830 2033 Ideo
851 1985 981 2032 necessa
1003 1979 1050 2033 ast
1164 1975 1175 2028 .'

124 2055 329 2136 praeconibus
350 2057 525 2134 veniarum,
553 2055 635 2115 hanc
654 2056 818 2115 veritatem
839 2073 903 2116 non
926 2054 1049 2116 dooere.

123 2138 288 2198 Ettamen
311 2157 374 2198 non
397 2138 510 2198 fallitur
531 2140 631 2198 maior
659 2158 731 2218 pars
760 2138 876 2219 populi.
919 2137 970 2199 Ad
992 2137 1049 2198 has

123 2223 233 2301 impias
254 2220 374 2282 fabulas
397 2223 608 2300 pervenimus,
631 2221 703 2281 dum
727 2220 893 2298 docemus,
914 2220 1048 2301 populos

125 2323 188 2364 non
218 2305 249 2363 in
280 2306 479 2364 certissimam
514 2311 545 2364 et
577 2304 778 2364 nudissimum
807 2303 1048 2365 misericordiam

123 2387 199 2462 Dei,
236 2387 291 2447 sed
322 2389 359 2446 in
388 2388 527 2466 proprias
556 2388 687 2447 iustitias
718 2388 952 2466 incertissimas,
985 2388 1048 2447 imo

125 2469 226 2529 nullas
249 2469 414 2531 confidere.

209 2551 341 2631 Quarto,
372 2555 416 2612 sic
438 2554 547 2613 veniae
570 2559 676 2614 essent
696 2573 752 2633 pro
776 2554 903 2615 mortuis
926 2528 1050 2614 solidis·

124 2655 174 2696 ras
197 2654 290 2714 quam
312 2656 377 2778 pro
391 2637 484 2713 vivis,
507 2637 580 2731 quia
598 2643 651 2696 tua
672 2638 826 2697 sententia
846 2643 976 2716 prosunt
996 2636 1047 2696 dc-

123 2719 238 2780 functis
261 2738 312 2778 cer
314 2725 439 2798 rssrme,
460 2720 538 2778 vivis
561 2728 663 2780 autem
679 2716 806 2796 incerte,
830 2726 889 2780 stt
890 2737 1048 2800 amenpro
1144 2736 1145 2740 ’

124 2802 204 2863 vivis
226 2808 298 2862 suut
318 2802 529 2882 principaliter
557 2810 587 2862 et
576 2802 724 2862 tdirecte
745 2802 851 2863 institu
833 2809 914 2862 ut.ae
958 2801 1049 2876 Quod

124 2887 150 2945 si
173 2884 289 2944 directe
311 2905 374 2946 non
398 2892 468 2944 sunt
489 2886 547 2944 nisi
561 2887 707 2963 incertae,
732 2885 899 2964 quomodo,
913 2902 1050 2964 quaeso,

124 2975 190 3029 cert
191 2987 230 3028 ae
178 2966 328 3028 ιιιιιιιι
316 2967 488 3046 t,quando
514 2976 585 3028 sunt
605 2967 793 3028 indirectas?
820 2968 877 3029 Fet
864 2975 948 3045 teo,r
971 2969 1049 3028 haec

124 3052 249 3112 etiam
241 3050 356 3111 rutilo
379 3052 410 3113 h
418 3055 447 3115 5
458 3070 482 3115 ο,
506 3050 596 3125 Quod
619 3070 656 3110 au
659 3058 731 3129 tem,
753 3053 856 3132 posita
877 3051 975 3132 primo
999 3070 1049 3111 me

124 3140 305 3211 moverunt,
336 3134 437 3193 utde
468 3133 667 3215 indulgentiis
689 3134 868 3197 dubitarem.
902 3133 953 3194 m
940 3141 1048 3213 t·quo

124 3216 221 3277 modo
238 3236 301 3277 non
297 3140 411 3277 dutbit
399 3224 510 3295 t,arem
533 3236 601 3277 cum
625 3217 764 3279 dubitare
781 3217 893 3298 jubear
913 3235 933 3276 a
954 3217 1048 3277 tantis

123 3300 284 3360 veniarum
307 3307 352 3359 tut
341 3300 467 3377 toribus,
490 3263 562 3360 doct
551 3300 676 3378 toribus,
698 3299 924 3398 praeconibus?

209 3380 305 3456 Quint
306 3401 336 3460 ο,
292 3382 438 3461 tvide,
461 3402 499 3442 ne
521 3384 654 3463 populus
676 3386 759 3464 pium
779 3402 860 3464 opus
875 3401 932 3463 pro
950 3382 1048 3443 veniis

124 3467 229 3526 facere
250 3463 359 3525 doctus
381 3485 446 3526 non
468 3466 560 3526 faciat
548 3473 620 3526 teo
644 3468 723 3546 ipso,
745 3468 806 3527 nisi
827 3465 941 3525 malum
959 3483 1048 3561 opus,

124 3549 259 3626 scilicet,
292 3550 317 3608 si
339 3567 417 3627 opus
439 3549 613 3609 huiusmodi
636 3550 711 3610 alias
741 3569 804 3611 non
826 3550 956 3628 faceret,
988 3548 1048 3609 nisi

123 3633 234 3693 venias
257 3638 406 3710 speraret.
448 3631 506 3692 Hic
531 3638 633 3711 patet,
666 3633 749 3711 quod
776 3642 846 3694 ιιοιι
863 3633 963 3692 Deum
990 3649 1047 3711 pro

123 3715 203 3791 fine,
232 3714 287 3775 sed
316 3721 503 3792 creaturam,
533 3716 650 3776 scilicet
677 3717 890 3777 remissionem
914 3734 1047 3795 poenae,

123 3801 156 3859 in
181 3817 277 3878 opere
299 3816 354 3857 suo
377 3797 479 3877 habet,
500 3799 558 3858 nisi
579 3819 692 3860 verum.
707 3797 869 3879 sita-quod·
886 3799 983 3882 aliqui
1005 3797 1048 3858 di-
