<?xml version="1.0" encoding="UTF-8"?>
<!DOCTYPE html PUBLIC "-//W3C//DTD XHTML 1.0 Transitional//EN"
    "http://www.w3.org/TR/xhtml1/DTD/xhtml1-transitional.dtd">
<html xmlns="http://www.w3.org/1999/xhtml" xml:lang="en" lang="en">
 <head>
  <title>
</title>
<meta http-equiv="Content-Type" content="text/html;charset=utf-8" />
  <meta name='ocr-system' content='tesseract 3.04.00' />
  <meta name='ocr-capabilities' content='ocr_page ocr_carea ocr_par ocr_line ocrx_word'/>
</head>
<body>
  <div class='ocr_page' id='page_1' title='image "./dmartinilutheri01luthgoog_0935.png"; bbox 0 0 2356 4200; ppageno 0'>
   <div class='ocr_carea' id='block_1_1' title="bbox 54 484 71 518">
    <p class='ocr_par' dir='ltr' id='par_1_1' title="bbox 54 484 71 518">
     <span class='ocr_line' id='line_1_1' title="bbox 54 484 71 518; baseline 0 0"><span class='ocrx_word' id='word_1_1' title='bbox 54 484 71 518; x_wconf 64' lang='grc' dir='ltr'><strong>θ</strong></span> 
     </span>
    </p>
   </div>
   <div class='ocr_carea' id='block_1_2' title="bbox 117 241 741 314">
    <p class='ocr_par' dir='ltr' id='par_1_2' title="bbox 117 241 741 314">
     <span class='ocr_line' id='line_1_2' title="bbox 117 241 741 314; baseline -0.005 -15"><span class='ocrx_word' id='word_1_2' title='bbox 117 244 181 314; x_wconf 75' lang='grc'><strong>472</strong></span> <span class='ocrx_word' id='word_1_3' title='bbox 412 245 491 297; x_wconf 84' lang='lat' dir='ltr'><strong>liert.</strong></span> <span class='ocrx_word' id='word_1_4' title='bbox 510 243 588 297; x_wconf 77' lang='lat' dir='ltr'><strong>toth.</strong></span> <span class='ocrx_word' id='word_1_5' title='bbox 607 241 741 296; x_wconf 76' lang='lat' dir='ltr'><strong>Defensio</strong></span> 
     </span>
    </p>
   </div>
   <div class='ocr_carea' id='block_1_3' title="bbox 122 407 1043 1067">
    <p class='ocr_par' dir='ltr' id='par_1_3' title="bbox 122 407 1039 578">
     <span class='ocr_line' id='line_1_3' title="bbox 200 407 1039 488; baseline -0.011 -11"><span class='ocrx_word' id='word_1_6' title='bbox 200 416 237 478; x_wconf 87' lang='lat' dir='ltr'><strong>X.</strong></span> <span class='ocrx_word' id='word_1_7' title='bbox 259 415 371 476; x_wconf 78' lang='lat' dir='ltr'><strong>Multos</strong></span> <span class='ocrx_word' id='word_1_8' title='bbox 386 413 530 474; x_wconf 85' lang='lat' dir='ltr'><strong>Canones</strong></span> <span class='ocrx_word' id='word_1_9' title='bbox 552 410 722 472; x_wconf 76' lang='lat' dir='ltr'><strong>connerios</strong></span> <span class='ocrx_word' id='word_1_10' title='bbox 734 427 844 470; x_wconf 78' lang='lat' dir='ltr'><strong>sacrae</strong></span> <span class='ocrx_word' id='word_1_11' title='bbox 855 407 1039 488; x_wconf 77' lang='lat' dir='ltr'><strong>Scripturas,</strong></span> 
     </span>
     <span class='ocr_line' id='line_1_4' title="bbox 122 502 619 578; baseline -0.012 -16"><span class='ocrx_word' id='word_1_12' title='bbox 122 518 255 578; x_wconf 90' lang='lat' dir='ltr'><strong>eamque</strong></span> <span class='ocrx_word' id='word_1_13' title='bbox 275 504 395 559; x_wconf 87' lang='lat' dir='ltr'><strong>extorte</strong></span> <span class='ocrx_word' id='word_1_14' title='bbox 416 502 619 576; x_wconf 85' lang='lat' dir='ltr'><strong>exponentes.</strong></span> 
     </span>
    </p>

    <p class='ocr_par' dir='ltr' id='par_1_4' title="bbox 122 572 1042 826">
     <span class='ocr_line' id='line_1_5' title="bbox 204 572 1042 659; baseline -0.011 -17"><span class='ocrx_word' id='word_1_15' title='bbox 204 582 256 643; x_wconf 89' lang='lat' dir='ltr'><strong>Xl.</strong></span> <span class='ocrx_word' id='word_1_16' title='bbox 280 579 372 656; x_wconf 80' lang='lat' dir='ltr'><strong>Quod</strong></span> <span class='ocrx_word' id='word_1_17' title='bbox 408 579 476 659; x_wconf 91' lang='lat' dir='ltr'><strong>plus</strong></span> <span class='ocrx_word' id='word_1_18' title='bbox 509 579 548 637; x_wconf 87' lang='lat' dir='ltr'><strong>sit</strong></span> <span class='ocrx_word' id='word_1_19' title='bbox 575 575 762 636; x_wconf 89' lang='lat' dir='ltr'><strong>credendum</strong></span> <span class='ocrx_word' id='word_1_20' title='bbox 794 574 937 654; x_wconf 68' lang='lat' dir='ltr'><strong>simplici</strong></span> <span class='ocrx_word' id='word_1_21' title='bbox 969 572 1042 634; x_wconf 88' lang='lat' dir='ltr'><strong>laice</strong></span> 
     </span>
     <span class='ocr_line' id='line_1_6' title="bbox 122 656 1042 745; baseline -0.011 -18"><span class='ocrx_word' id='word_1_22' title='bbox 122 665 308 745; x_wconf 81' lang='lat' dir='ltr'><strong>Scripturem</strong></span> <span class='ocrx_word' id='word_1_23' title='bbox 322 663 480 744; x_wconf 78' lang='lat' dir='ltr'><strong>alleganti,</strong></span> <span class='ocrx_word' id='word_1_24' title='bbox 503 680 594 740; x_wconf 88' lang='lat' dir='ltr'><strong>quam</strong></span> <span class='ocrx_word' id='word_1_25' title='bbox 605 660 710 740; x_wconf 84' lang='lat' dir='ltr'><strong>Papae</strong></span> <span class='ocrx_word' id='word_1_26' title='bbox 730 659 779 718; x_wconf 84' lang='lat' dir='ltr'><strong>vel</strong></span> <span class='ocrx_word' id='word_1_27' title='bbox 798 657 933 719; x_wconf 85' lang='lat' dir='ltr'><strong>concilio</strong></span> <span class='ocrx_word' id='word_1_28' title='bbox 949 656 1042 736; x_wconf 82' lang='lat' dir='ltr'><strong>Scrip-</strong></span> 
     </span>
     <span class='ocr_line' id='line_1_7' title="bbox 123 745 487 826; baseline -0.014 -18"><span class='ocrx_word' id='word_1_29' title='bbox 123 755 221 808; x_wconf 88' lang='lat' dir='ltr'><strong>turam</strong></span> <span class='ocrx_word' id='word_1_30' title='bbox 245 762 308 807; x_wconf 82' lang='lat' dir='ltr'><strong>nnn</strong></span> <span class='ocrx_word' id='word_1_31' title='bbox 331 745 487 826; x_wconf 84' lang='lat' dir='ltr'><strong>alleganti.</strong></span> 
     </span>
    </p>

    <p class='ocr_par' dir='ltr' id='par_1_5' title="bbox 204 823 980 903">
     <span class='ocr_line' id='line_1_8' title="bbox 204 823 980 903; baseline -0.009 -14"><span class='ocrx_word' id='word_1_32' title='bbox 204 830 267 890; x_wconf 89' lang='lat' dir='ltr'><strong>Xll.</strong></span> <span class='ocrx_word' id='word_1_33' title='bbox 291 829 372 889; x_wconf 91' lang='lat' dir='ltr'><strong>Dicit</strong></span> <span class='ocrx_word' id='word_1_34' title='bbox 393 847 454 888; x_wconf 90' lang='lat' dir='ltr'><strong>non</strong></span> <span class='ocrx_word' id='word_1_35' title='bbox 478 846 547 887; x_wconf 90' lang='lat' dir='ltr'><strong>esse</strong></span> <span class='ocrx_word' id='word_1_36' title='bbox 571 825 747 886; x_wconf 85' lang='lat' dir='ltr'><strong>necessaria</strong></span> <span class='ocrx_word' id='word_1_37' title='bbox 765 823 850 884; x_wconf 91' lang='lat' dir='ltr'><strong>bona</strong></span> <span class='ocrx_word' id='word_1_38' title='bbox 873 842 980 903; x_wconf 87' lang='lat' dir='ltr'><strong>opera.</strong></span> 
     </span>
    </p>

    <p class='ocr_par' dir='ltr' id='par_1_6' title="bbox 205 905 1002 990">
     <span class='ocr_line' id='line_1_9' title="bbox 205 905 1002 990; baseline -0.008 -18"><span class='ocrx_word' id='word_1_39' title='bbox 205 912 283 973; x_wconf 83' lang='lat' dir='ltr'><strong>Xlll.</strong></span> <span class='ocrx_word' id='word_1_40' title='bbox 306 912 404 972; x_wconf 91' lang='lat' dir='ltr'><strong>Deum</strong></span> <span class='ocrx_word' id='word_1_41' title='bbox 427 909 623 990; x_wconf 82' lang='lat' dir='ltr'><strong>praecepisse</strong></span> <span class='ocrx_word' id='word_1_42' title='bbox 644 907 762 969; x_wconf 89' lang='lat' dir='ltr'><strong>homini</strong></span> <span class='ocrx_word' id='word_1_43' title='bbox 785 905 1002 986; x_wconf 83' lang='lat' dir='ltr'><strong>impossibilis.</strong></span> 
     </span>
    </p>

    <p class='ocr_par' dir='ltr' id='par_1_7' title="bbox 205 989 1043 1067">
     <span class='ocr_line' id='line_1_10' title="bbox 205 989 1043 1067; baseline -0.011 -11"><span class='ocrx_word' id='word_1_44' title='bbox 205 995 284 1056; x_wconf 80' lang='lat' dir='ltr'><strong>xlv.</strong></span> <span class='ocrx_word' id='word_1_45' title='bbox 307 993 444 1054; x_wconf 87' lang='lat' dir='ltr'><strong>Christus</strong></span> <span class='ocrx_word' id='word_1_46' title='bbox 475 992 550 1052; x_wconf 92' lang='lat' dir='ltr'><strong>nibil</strong></span> <span class='ocrx_word' id='word_1_47' title='bbox 586 991 643 1052; x_wconf 89' lang='lat' dir='ltr'><strong>sibi</strong></span> <span class='ocrx_word' id='word_1_48' title='bbox 679 990 807 1067; x_wconf 90' lang='lat' dir='ltr'><strong>meruit,</strong></span> <span class='ocrx_word' id='word_1_49' title='bbox 843 989 900 1050; x_wconf 91' lang='lat' dir='ltr'><strong>sed</strong></span> <span class='ocrx_word' id='word_1_50' title='bbox 932 995 1043 1049; x_wconf 89' lang='lat' dir='ltr'><strong>tentum</strong></span> 
     </span>
    </p>
   </div>
   <div class='ocr_carea' id='block_1_4' title="bbox 124 1078 1045 1221">
    <p class='ocr_par' dir='ltr' id='par_1_8' title="bbox 124 1078 1045 1221">
     <span class='ocr_line' id='line_1_11' title="bbox 124 1078 1045 1221; baseline -0.008 -2"><span class='ocrx_word' id='word_1_51' title='bbox 124 1078 273 1221; x_wconf 74' lang='lat' dir='ltr'><strong>IloblsllV.</strong></span> <span class='ocrx_word' id='word_1_52' title='bbox 296 1158 452 1220; x_wconf 88' lang='lat' dir='ltr'><strong>Bohemos</strong></span> <span class='ocrx_word' id='word_1_53' title='bbox 475 1176 545 1218; x_wconf 90' lang='lat' dir='ltr'><strong>esse</strong></span> <span class='ocrx_word' id='word_1_54' title='bbox 567 1156 710 1218; x_wconf 88' lang='lat' dir='ltr'><strong>meliores</strong></span> <span class='ocrx_word' id='word_1_55' title='bbox 731 1153 927 1216; x_wconf 80' lang='lat' dir='ltr'><strong>Christianos</strong></span> <span class='ocrx_word' id='word_1_56' title='bbox 950 1152 1045 1216; x_wconf 90' lang='lat' dir='ltr'><strong>nobis.</strong></span> 
     </span>
    </p>
   </div>
   <div class='ocr_carea' id='block_1_5' title="bbox 375 1399 804 1520">
    <p class='ocr_par' dir='ltr' id='par_1_9' title="bbox 375 1399 804 1520">
     <span class='ocr_line' id='line_1_12' title="bbox 375 1399 804 1520; baseline 0 -22"><span class='ocrx_word' id='word_1_57' title='bbox 375 1403 536 1498; x_wconf 84' lang='lat' dir='ltr'><strong>Contra</strong></span> <span class='ocrx_word' id='word_1_58' title='bbox 565 1399 804 1520; x_wconf 83' lang='lat' dir='ltr'><strong>Malignum</strong></span> 
     </span>
    </p>
   </div>
   <div class='ocr_carea' id='block_1_6' title="bbox 124 1559 1049 1789">
    <p class='ocr_par' dir='ltr' id='par_1_10' title="bbox 124 1559 1049 1789">
     <span class='ocr_line' id='line_1_13' title="bbox 124 1559 1049 1643; baseline -0.008 -17"><span class='ocrx_word' id='word_1_59' title='bbox 124 1565 274 1631; x_wconf 74' lang='lat' dir='ltr'><strong>iohannis</strong></span> <span class='ocrx_word' id='word_1_60' title='bbox 297 1564 382 1627; x_wconf 85' lang='lat' dir='ltr'><strong>Eccii</strong></span> <span class='ocrx_word' id='word_1_61' title='bbox 405 1563 559 1626; x_wconf 81' lang='lat' dir='ltr'><strong>ludicium</strong></span> <span class='ocrx_word' id='word_1_62' title='bbox 588 1572 681 1643; x_wconf 86' lang='lat' dir='ltr'><strong>super</strong></span> <span class='ocrx_word' id='word_1_63' title='bbox 707 1563 826 1642; x_wconf 87' lang='lat' dir='ltr'><strong>aliquot</strong></span> <span class='ocrx_word' id='word_1_64' title='bbox 858 1559 1049 1639; x_wconf 86' lang='lat' dir='ltr'><strong>articulis,a</strong></span> 
     </span>
     <span class='ocr_line' id='line_1_14' title="bbox 125 1642 1048 1789; baseline -0.007 -81"><span class='ocrx_word' id='word_1_65' title='bbox 125 1649 266 1710; x_wconf 85' lang='lat' dir='ltr'><strong>fratribus</strong></span> <span class='ocrx_word' id='word_1_66' title='bbox 290 1649 471 1726; x_wconf 90' lang='lat' dir='ltr'><strong>quibusdam</strong></span> <span class='ocrx_word' id='word_1_67' title='bbox 506 1647 747 1789; x_wconf 50' lang='lat' dir='ltr'><strong>gepeunpsppsitis,</strong></span> <span class='ocrx_word' id='word_1_68' title='bbox 781 1645 906 1705; x_wconf 86' lang='lat' dir='ltr'><strong>Martini</strong></span> <span class='ocrx_word' id='word_1_69' title='bbox 928 1642 1048 1704; x_wconf 88' lang='lat' dir='ltr'><strong>Lutheri</strong></span> 
     </span>
    </p>
   </div>
   <div class='ocr_carea' id='block_1_7' title="bbox 125 1844 1049 2009">
    <p class='ocr_par' dir='ltr' id='par_1_11' title="bbox 125 1844 1049 2009">
     <span class='ocr_line' id='line_1_15' title="bbox 125 1844 1049 1922; baseline -0.005 -15"><span class='ocrx_word' id='word_1_70' title='bbox 125 1848 254 1908; x_wconf 84' lang='lat' dir='ltr'><strong>Errores</strong></span> <span class='ocrx_word' id='word_1_71' title='bbox 285 1848 358 1906; x_wconf 89' lang='lat' dir='ltr'><strong>item</strong></span> <span class='ocrx_word' id='word_1_72' title='bbox 381 1846 528 1906; x_wconf 88' lang='lat' dir='ltr'><strong>haeretici</strong></span> <span class='ocrx_word' id='word_1_73' title='bbox 550 1845 659 1906; x_wconf 87' lang='lat' dir='ltr'>XXIV.</span> <span class='ocrx_word' id='word_1_74' title='bbox 684 1864 724 1904; x_wconf 89' lang='lat' dir='ltr'><strong>ex</strong></span> <span class='ocrx_word' id='word_1_75' title='bbox 743 1844 829 1904; x_wconf 86' lang='lat' dir='ltr'><strong>Eccii</strong></span> <span class='ocrx_word' id='word_1_76' title='bbox 849 1844 1049 1922; x_wconf 86' lang='lat' dir='ltr'><strong>Fratrumque</strong></span> 
     </span>
     <span class='ocr_line' id='line_1_16' title="bbox 375 1927 798 2009; baseline -0.002 -21"><span class='ocrx_word' id='word_1_77' title='bbox 375 1927 570 2009; x_wconf 83' lang='lat' dir='ltr'><strong>dogmatibus</strong></span> <span class='ocrx_word' id='word_1_78' title='bbox 592 1928 798 1989; x_wconf 86' lang='lat' dir='ltr'><strong>consectanei.</strong></span> 
     </span>
    </p>
   </div>
   <div class='ocr_carea' id='block_1_8' title="bbox 175 2090 1004 2157">
    <p class='ocr_par' dir='ltr' id='par_1_12' title="bbox 175 2090 1004 2157">
     <span class='ocr_line' id='line_1_17' title="bbox 175 2090 1004 2157; baseline -0.005 -1"><span class='ocrx_word' id='word_1_79' title='bbox 175 2096 208 2157; x_wconf 82' lang='lat' dir='ltr'><strong>F.</strong></span> <span class='ocrx_word' id='word_1_80' title='bbox 230 2095 422 2156; x_wconf 86' lang='lat' dir='ltr'><strong>Martinus</strong></span> <span class='ocrx_word' id='word_1_81' title='bbox 443 2093 634 2155; x_wconf 84' lang='lat' dir='ltr'><strong>Lutherus</strong></span> <span class='ocrx_word' id='word_1_82' title='bbox 657 2093 763 2154; x_wconf 89' lang='lat' dir='ltr'><strong>Bono</strong></span> <span class='ocrx_word' id='word_1_83' title='bbox 783 2091 951 2152; x_wconf 86' lang='lat' dir='ltr'><strong>Lectori</strong></span> <span class='ocrx_word' id='word_1_84' title='bbox 974 2090 1004 2152; x_wconf 80' lang='lat' dir='ltr'><strong>S.</strong></span> 
     </span>
    </p>
   </div>
   <div class='ocr_carea' id='block_1_9' title="bbox 125 2220 1052 3625">
    <p class='ocr_par' dir='ltr' id='par_1_13' title="bbox 125 2220 1051 3128">
     <span class='ocr_line' id='line_1_18' title="bbox 208 2220 1047 2302; baseline -0.002 -21"><span class='ocrx_word' id='word_1_85' title='bbox 208 2222 349 2302; x_wconf 88' lang='lat' dir='ltr'><strong>Legimus</strong></span> <span class='ocrx_word' id='word_1_86' title='bbox 364 2222 394 2280; x_wconf 92' lang='lat' dir='ltr'><strong>in</strong></span> <span class='ocrx_word' id='word_1_87' title='bbox 409 2221 584 2302; x_wconf 85' lang='lat' dir='ltr'><strong>evangelio,</strong></span> <span class='ocrx_word' id='word_1_88' title='bbox 598 2221 744 2298; x_wconf 87' lang='lat' dir='ltr'><strong>Judeeos,</strong></span> <span class='ocrx_word' id='word_1_89' title='bbox 758 2220 882 2300; x_wconf 87' lang='lat' dir='ltr'><strong>quando</strong></span> <span class='ocrx_word' id='word_1_90' title='bbox 896 2222 1047 2281; x_wconf 85' lang='lat' dir='ltr'><strong>Christum</strong></span> 
     </span>
     <span class='ocr_line' id='line_1_19' title="bbox 125 2303 1048 2388; baseline -0.002 -22"><span class='ocrx_word' id='word_1_91' title='bbox 125 2305 255 2388; x_wconf 83' lang='lat' dir='ltr'><strong>perdere</strong></span> <span class='ocrx_word' id='word_1_92' title='bbox 278 2303 475 2383; x_wconf 80' lang='lat' dir='ltr'><strong>quaerebant,</strong></span> <span class='ocrx_word' id='word_1_93' title='bbox 498 2323 555 2364; x_wconf 87' lang='lat' dir='ltr'><strong>neu</strong></span> <span class='ocrx_word' id='word_1_94' title='bbox 567 2304 716 2365; x_wconf 85' lang='lat' dir='ltr'><strong>haberent</strong></span> <span class='ocrx_word' id='word_1_95' title='bbox 728 2305 759 2363; x_wconf 88' lang='lat' dir='ltr'><strong>in</strong></span> <span class='ocrx_word' id='word_1_96' title='bbox 779 2322 839 2383; x_wconf 91' lang='lat' dir='ltr'><strong>quo</strong></span> <span class='ocrx_word' id='word_1_97' title='bbox 856 2310 1048 2382; x_wconf 84' lang='lat' dir='ltr'><strong>accusarent,</strong></span> 
     </span>
     <span class='ocr_line' id='line_1_20' title="bbox 125 2387 1049 2467; baseline -0.003 -18"><span class='ocrx_word' id='word_1_98' title='bbox 125 2388 220 2449; x_wconf 88' lang='lat' dir='ltr'><strong>verba</strong></span> <span class='ocrx_word' id='word_1_99' title='bbox 242 2389 306 2447; x_wconf 92' lang='lat' dir='ltr'><strong>eius</strong></span> <span class='ocrx_word' id='word_1_100' title='bbox 340 2394 482 2466; x_wconf 81' lang='lat' dir='ltr'><strong>captasse</strong></span> <span class='ocrx_word' id='word_1_101' title='bbox 511 2393 602 2465; x_wconf 91' lang='lat' dir='ltr'><strong>atque</strong></span> <span class='ocrx_word' id='word_1_102' title='bbox 625 2387 829 2467; x_wconf 81' lang='lat' dir='ltr'><strong>depravasse,</strong></span> <span class='ocrx_word' id='word_1_103' title='bbox 863 2394 895 2448; x_wconf 93' lang='lat' dir='ltr'><strong>et</strong></span> <span class='ocrx_word' id='word_1_104' title='bbox 923 2388 1049 2447; x_wconf 88' lang='lat' dir='ltr'><strong>crimina</strong></span> 
     </span>
     <span class='ocr_line' id='line_1_21' title="bbox 126 2469 1049 2549; baseline -0.005 -15"><span class='ocrx_word' id='word_1_105' title='bbox 126 2472 272 2534; x_wconf 85' lang='lat' dir='ltr'><strong>adversus</strong></span> <span class='ocrx_word' id='word_1_106' title='bbox 305 2490 373 2530; x_wconf 90' lang='lat' dir='ltr'><strong>eum</strong></span> <span class='ocrx_word' id='word_1_107' title='bbox 398 2469 565 2529; x_wconf 82' lang='lat' dir='ltr'><strong>mendaciis</strong></span> <span class='ocrx_word' id='word_1_108' title='bbox 589 2472 651 2530; x_wconf 91' lang='lat' dir='ltr'><strong>suis</strong></span> <span class='ocrx_word' id='word_1_109' title='bbox 680 2470 904 2549; x_wconf 85' lang='lat' dir='ltr'><strong>composuisse.</strong></span> <span class='ocrx_word' id='word_1_110' title='bbox 950 2469 1049 2545; x_wconf 77' lang='lat' dir='ltr'><strong>Quale</strong></span> 
     </span>
     <span class='ocr_line' id='line_1_22' title="bbox 128 2552 1048 2633; baseline -0.003 -16"><span class='ocrx_word' id='word_1_111' title='bbox 128 2563 190 2633; x_wconf 86' lang='lat' dir='ltr'><strong>est,</strong></span> <span class='ocrx_word' id='word_1_112' title='bbox 220 2573 287 2614; x_wconf 86' lang='lat' dir='ltr'><strong>curn</strong></span> <span class='ocrx_word' id='word_1_113' title='bbox 312 2552 468 2613; x_wconf 90' lang='lat' dir='ltr'><strong>reddenda</strong></span> <span class='ocrx_word' id='word_1_114' title='bbox 491 2572 570 2631; x_wconf 89' lang='lat' dir='ltr'><strong>quae</strong></span> <span class='ocrx_word' id='word_1_115' title='bbox 592 2561 663 2613; x_wconf 89' lang='lat' dir='ltr'><strong>sunt</strong></span> <span class='ocrx_word' id='word_1_116' title='bbox 684 2553 825 2612; x_wconf 87' lang='lat' dir='ltr'><strong>Caesaris</strong></span> <span class='ocrx_word' id='word_1_117' title='bbox 847 2552 977 2613; x_wconf 88' lang='lat' dir='ltr'><strong>Caesari</strong></span> <span class='ocrx_word' id='word_1_118' title='bbox 998 2553 1048 2614; x_wconf 79' lang='lat' dir='ltr'><strong>do</strong></span> 
     </span>
     <span class='ocr_line' id='line_1_23' title="bbox 128 2635 1048 2715; baseline -0.005 -15"><span class='ocrx_word' id='word_1_119' title='bbox 128 2638 302 2714; x_wconf 71' lang='lat' dir='ltr'><strong>suisset*l,</strong></span> <span class='ocrx_word' id='word_1_120' title='bbox 324 2635 406 2715; x_wconf 92' lang='lat' dir='ltr'><strong>quod</strong></span> <span class='ocrx_word' id='word_1_121' title='bbox 429 2635 602 2699; x_wconf 86' lang='lat' dir='ltr'><strong>homicidae</strong></span> <span class='ocrx_word' id='word_1_122' title='bbox 623 2636 667 2695; x_wconf 93' lang='lat' dir='ltr'><strong>illi</strong></span> <span class='ocrx_word' id='word_1_123' title='bbox 689 2637 720 2694; x_wconf 89' lang='lat' dir='ltr'><strong>in</strong></span> <span class='ocrx_word' id='word_1_124' title='bbox 742 2636 834 2694; x_wconf 90' lang='lat' dir='ltr'><strong>aliam</strong></span> <span class='ocrx_word' id='word_1_125' title='bbox 858 2643 980 2715; x_wconf 88' lang='lat' dir='ltr'><strong>partem</strong></span> <span class='ocrx_word' id='word_1_126' title='bbox 1006 2656 1048 2696; x_wconf 90' lang='lat' dir='ltr'><strong>ra-</strong></span> 
     </span>
     <span class='ocr_line' id='line_1_24' title="bbox 127 2717 1049 2804; baseline -0.004 -22"><span class='ocrx_word' id='word_1_127' title='bbox 127 2725 247 2804; x_wconf 89' lang='lat' dir='ltr'><strong>pientes</strong></span> <span class='ocrx_word' id='word_1_128' title='bbox 270 2719 418 2779; x_wconf 86' lang='lat' dir='ltr'><strong>eriminati</strong></span> <span class='ocrx_word' id='word_1_129' title='bbox 440 2725 519 2797; x_wconf 89' lang='lat' dir='ltr'><strong>sunt,</strong></span> <span class='ocrx_word' id='word_1_130' title='bbox 542 2738 611 2778; x_wconf 91' lang='lat' dir='ltr'><strong>enm</strong></span> <span class='ocrx_word' id='word_1_131' title='bbox 632 2717 824 2798; x_wconf 87' lang='lat' dir='ltr'><strong>prohibuisse</strong></span> <span class='ocrx_word' id='word_1_132' title='bbox 847 2718 963 2779; x_wconf 90' lang='lat' dir='ltr'><strong>tributa</strong></span> <span class='ocrx_word' id='word_1_133' title='bbox 986 2718 1049 2779; x_wconf 91' lang='lat' dir='ltr'><strong>deri</strong></span> 
     </span>
     <span class='ocr_line' id='line_1_25' title="bbox 128 2801 1049 2882; baseline -0.003 -18"><span class='ocrx_word' id='word_1_134' title='bbox 128 2805 268 2864; x_wconf 88' lang='lat' dir='ltr'><strong>Caesari:</strong></span> <span class='ocrx_word' id='word_1_135' title='bbox 292 2804 335 2863; x_wconf 92' lang='lat' dir='ltr'><strong>ita</strong></span> <span class='ocrx_word' id='word_1_136' title='bbox 357 2822 424 2863; x_wconf 90' lang='lat' dir='ltr'><strong>eum</strong></span> <span class='ocrx_word' id='word_1_137' title='bbox 447 2801 517 2861; x_wconf 88' lang='lat' dir='ltr'><strong>illos</strong></span> <span class='ocrx_word' id='word_1_138' title='bbox 530 2802 676 2881; x_wconf 89' lang='lat' dir='ltr'><strong>templum</strong></span> <span class='ocrx_word' id='word_1_139' title='bbox 690 2821 778 2861; x_wconf 90' lang='lat' dir='ltr'><strong>suum</strong></span> <span class='ocrx_word' id='word_1_140' title='bbox 791 2801 950 2862; x_wconf 88' lang='lat' dir='ltr'><strong>soluturos</strong></span> <span class='ocrx_word' id='word_1_141' title='bbox 965 2820 1049 2882; x_wconf 74' lang='lat' dir='ltr'><strong>pree</strong></span> 
     </span>
     <span class='ocr_line' id='line_1_26' title="bbox 128 2884 1049 2965; baseline -0.001 -19"><span class='ocrx_word' id='word_1_142' title='bbox 128 2887 244 2946; x_wconf 85' lang='lat' dir='ltr'><strong>diceret</strong></span> <span class='ocrx_word' id='word_1_143' title='bbox 265 2885 295 2943; x_wconf 92' lang='lat' dir='ltr'><strong>in</strong></span> <span class='ocrx_word' id='word_1_144' title='bbox 321 2886 457 2965; x_wconf 85' lang='lat' dir='ltr'><strong>signum,</strong></span> <span class='ocrx_word' id='word_1_145' title='bbox 486 2884 530 2942; x_wconf 91' lang='lat' dir='ltr'><strong>illi</strong></span> <span class='ocrx_word' id='word_1_146' title='bbox 554 2885 701 2963; x_wconf 84' lang='lat' dir='ltr'><strong>templum</strong></span> <span class='ocrx_word' id='word_1_147' title='bbox 725 2885 780 2944; x_wconf 88' lang='lat' dir='ltr'><strong>Dei</strong></span> <span class='ocrx_word' id='word_1_148' title='bbox 803 2884 841 2943; x_wconf 89' lang='lat' dir='ltr'><strong>ab</strong></span> <span class='ocrx_word' id='word_1_149' title='bbox 865 2903 904 2945; x_wconf 90' lang='lat' dir='ltr'><strong>eo</strong></span> <span class='ocrx_word' id='word_1_150' title='bbox 928 2885 1049 2946; x_wconf 90' lang='lat' dir='ltr'><strong>solven-</strong></span> 
     </span>
     <span class='ocr_line' id='line_1_27' title="bbox 128 2966 1051 3048; baseline 0 -19"><span class='ocrx_word' id='word_1_151' title='bbox 128 2969 200 3029; x_wconf 90' lang='lat' dir='ltr'><strong>dum</strong></span> <span class='ocrx_word' id='word_1_152' title='bbox 224 2973 255 3026; x_wconf 92' lang='lat' dir='ltr'><strong>et</strong></span> <span class='ocrx_word' id='word_1_153' title='bbox 276 2967 308 3026; x_wconf 91' lang='lat' dir='ltr'><strong>in</strong></span> <span class='ocrx_word' id='word_1_154' title='bbox 331 2967 429 3027; x_wconf 90' lang='lat' dir='ltr'><strong>triduo</strong></span> <span class='ocrx_word' id='word_1_155' title='bbox 446 2966 704 3026; x_wconf 84' lang='lat' dir='ltr'><strong>reaedificandum</strong></span> <span class='ocrx_word' id='word_1_156' title='bbox 723 2968 965 3048; x_wconf 84' lang='lat' dir='ltr'><strong>interpretantes</strong></span> <span class='ocrx_word' id='word_1_157' title='bbox 989 2976 1051 3029; x_wconf 86' lang='lat' dir='ltr'><strong>tan·</strong></span> 
     </span>
     <span class='ocr_line' id='line_1_28' title="bbox 131 3048 669 3128; baseline 0.006 -21"><span class='ocrx_word' id='word_1_158' title='bbox 131 3068 223 3128; x_wconf 88' lang='lat' dir='ltr'><strong>quam</strong></span> <span class='ocrx_word' id='word_1_159' title='bbox 245 3048 455 3128; x_wconf 89' lang='lat' dir='ltr'><strong>blasphemum</strong></span> <span class='ocrx_word' id='word_1_160' title='bbox 478 3056 669 3110; x_wconf 88' lang='lat' dir='ltr'><strong>accusarunt.</strong></span> 
     </span>
    </p>

    <p class='ocr_par' dir='ltr' id='par_1_14' title="bbox 127 3132 1052 3545">
     <span class='ocr_line' id='line_1_29' title="bbox 210 3132 1051 3213; baseline 0.004 -22"><span class='ocrx_word' id='word_1_161' title='bbox 210 3132 244 3191; x_wconf 92' lang='lat' dir='ltr'><strong>In</strong></span> <span class='ocrx_word' id='word_1_162' title='bbox 267 3132 344 3191; x_wconf 88' lang='lat' dir='ltr'><strong>tales</strong></span> <span class='ocrx_word' id='word_1_163' title='bbox 371 3140 401 3192; x_wconf 88' lang='lat' dir='ltr'><strong>et</strong></span> <span class='ocrx_word' id='word_1_164' title='bbox 431 3151 507 3213; x_wconf 89' lang='lat' dir='ltr'><strong>ego,</strong></span> <span class='ocrx_word' id='word_1_165' title='bbox 542 3133 583 3191; x_wconf 93' lang='lat' dir='ltr'><strong>mi</strong></span> <span class='ocrx_word' id='word_1_166' title='bbox 617 3132 729 3212; x_wconf 87' lang='lat' dir='ltr'><strong>lector,</strong></span> <span class='ocrx_word' id='word_1_167' title='bbox 767 3151 867 3194; x_wconf 86' lang='lat' dir='ltr'><strong>novos</strong></span> <span class='ocrx_word' id='word_1_168' title='bbox 899 3132 1051 3212; x_wconf 88' lang='lat' dir='ltr'><strong>quosdam</strong></span> 
     </span>
     <span class='ocr_line' id='line_1_30' title="bbox 128 3215 1052 3296; baseline 0.005 -23"><span class='ocrx_word' id='word_1_169' title='bbox 128 3220 252 3274; x_wconf 86' lang='lat' dir='ltr'><strong>sanctos</strong></span> <span class='ocrx_word' id='word_1_170' title='bbox 275 3233 372 3294; x_wconf 91' lang='lat' dir='ltr'><strong>nuper</strong></span> <span class='ocrx_word' id='word_1_171' title='bbox 387 3215 512 3295; x_wconf 87' lang='lat' dir='ltr'><strong>impegi,</strong></span> <span class='ocrx_word' id='word_1_172' title='bbox 535 3216 586 3294; x_wconf 92' lang='lat' dir='ltr'><strong>qui</strong></span> <span class='ocrx_word' id='word_1_173' title='bbox 603 3215 711 3276; x_wconf 88' lang='lat' dir='ltr'><strong>eadem</strong></span> <span class='ocrx_word' id='word_1_174' title='bbox 727 3215 843 3275; x_wconf 88' lang='lat' dir='ltr'><strong>invidie</strong></span> <span class='ocrx_word' id='word_1_175' title='bbox 854 3215 1052 3296; x_wconf 83' lang='lat' dir='ltr'><strong>languentes,</strong></span> 
     </span>
     <span class='ocr_line' id='line_1_31' title="bbox 129 3296 1052 3378; baseline 0.002 -22"><span class='ocrx_word' id='word_1_176' title='bbox 129 3314 196 3356; x_wconf 87' lang='lat' dir='ltr'><strong>cum</strong></span> <span class='ocrx_word' id='word_1_177' title='bbox 221 3296 331 3356; x_wconf 86' lang='lat' dir='ltr'><strong>Christi</strong></span> <span class='ocrx_word' id='word_1_178' title='bbox 354 3297 455 3357; x_wconf 86' lang='lat' dir='ltr'><strong>verbis</strong></span> <span class='ocrx_word' id='word_1_179' title='bbox 477 3317 533 3377; x_wconf 93' lang='lat' dir='ltr'><strong>per</strong></span> <span class='ocrx_word' id='word_1_180' title='bbox 570 3317 619 3358; x_wconf 82' lang='lat' dir='ltr'><strong>me</strong></span> <span class='ocrx_word' id='word_1_181' title='bbox 650 3299 800 3378; x_wconf 89' lang='lat' dir='ltr'><strong>expositis</strong></span> <span class='ocrx_word' id='word_1_182' title='bbox 822 3300 971 3359; x_wconf 88' lang='lat' dir='ltr'><strong>resistere</strong></span> <span class='ocrx_word' id='word_1_183' title='bbox 988 3318 1052 3360; x_wconf 92' lang='lat' dir='ltr'><strong>uon</strong></span> 
     </span>
     <span class='ocr_line' id='line_1_32' title="bbox 128 3379 1052 3459; baseline 0 -19"><span class='ocrx_word' id='word_1_184' title='bbox 128 3386 265 3458; x_wconf 84' lang='lat' dir='ltr'><strong>possent,</strong></span> <span class='ocrx_word' id='word_1_185' title='bbox 288 3386 457 3458; x_wconf 89' lang='lat' dir='ltr'><strong>coeperunt</strong></span> <span class='ocrx_word' id='word_1_186' title='bbox 474 3379 645 3441; x_wconf 91' lang='lat' dir='ltr'><strong>mendosos</strong></span> <span class='ocrx_word' id='word_1_187' title='bbox 661 3382 778 3459; x_wconf 90' lang='lat' dir='ltr'><strong>aliquot</strong></span> <span class='ocrx_word' id='word_1_188' title='bbox 793 3381 942 3442; x_wconf 80' lang='lat' dir='ltr'><strong>articulos</strong></span> <span class='ocrx_word' id='word_1_189' title='bbox 966 3380 1052 3441; x_wconf 85' lang='lat' dir='ltr'><strong>effin-</strong></span> 
     </span>
     <span class='ocr_line' id='line_1_33' title="bbox 127 3461 1051 3545; baseline 0.001 -23"><span class='ocrx_word' id='word_1_190' title='bbox 127 3482 200 3541; x_wconf 88' lang='lat' dir='ltr'><strong>gere</strong></span> <span class='ocrx_word' id='word_1_191' title='bbox 222 3463 356 3542; x_wconf 89' lang='lat' dir='ltr'><strong>mihique</strong></span> <span class='ocrx_word' id='word_1_192' title='bbox 378 3461 562 3542; x_wconf 85' lang='lat' dir='ltr'><strong>adscribere,</strong></span> <span class='ocrx_word' id='word_1_193' title='bbox 585 3475 616 3524; x_wconf 91' lang='lat' dir='ltr'><strong>ut</strong></span> <span class='ocrx_word' id='word_1_194' title='bbox 639 3465 723 3545; x_wconf 90' lang='lat' dir='ltr'><strong>ipsos</strong></span> <span class='ocrx_word' id='word_1_195' title='bbox 742 3483 833 3524; x_wconf 87' lang='lat' dir='ltr'><strong>veros</strong></span> <span class='ocrx_word' id='word_1_196' title='bbox 856 3463 1051 3525; x_wconf 88' lang='lat' dir='ltr'><strong>damnarent.</strong></span> 
     </span>
    </p>

    <p class='ocr_par' dir='ltr' id='par_1_15' title="bbox 209 3544 1051 3625">
     <span class='ocr_line' id='line_1_34' title="bbox 209 3544 1051 3625; baseline 0.001 -21"><span class='ocrx_word' id='word_1_197' title='bbox 209 3544 258 3622; x_wconf 82' lang='lat' dir='ltr'><strong>Et,</strong></span> <span class='ocrx_word' id='word_1_198' title='bbox 280 3550 313 3604; x_wconf 93' lang='lat' dir='ltr'><strong>ut</strong></span> <span class='ocrx_word' id='word_1_199' title='bbox 334 3551 429 3604; x_wconf 86' lang='lat' dir='ltr'><strong>totam</strong></span> <span class='ocrx_word' id='word_1_200' title='bbox 452 3564 565 3605; x_wconf 87' lang='lat' dir='ltr'><strong>noscas</strong></span> <span class='ocrx_word' id='word_1_201' title='bbox 586 3545 736 3625; x_wconf 80' lang='lat' dir='ltr'><strong>fabulam,</strong></span> <span class='ocrx_word' id='word_1_202' title='bbox 769 3552 841 3606; x_wconf 86' lang='lat' dir='ltr'><strong>sunt</strong></span> <span class='ocrx_word' id='word_1_203' title='bbox 871 3545 962 3608; x_wconf 89' lang='lat' dir='ltr'><strong>nobis</strong></span> <span class='ocrx_word' id='word_1_204' title='bbox 987 3547 1051 3606; x_wconf 87' lang='lat' dir='ltr'><strong>fini-</strong></span> 
     </span>
    </p>
   </div>
   <div class='ocr_carea' id='block_1_10' title="bbox 128 3667 315 3678">
    <p class='ocr_par' dir='ltr' id='par_1_16' title="bbox 128 3667 315 3678">
     <span class='ocr_line' id='line_1_35' title="bbox 128 3667 315 3678; baseline 0.005 -1"><span class='ocrx_word' id='word_1_205' title='bbox 128 3667 315 3678; x_wconf 45' lang='grc' dir='ltr'><strong>,ψ-</strong></span> 
     </span>
    </p>
   </div>
   <div class='ocr_carea' id='block_1_11' title="bbox 197 3672 491 3792">
    <p class='ocr_par' dir='ltr' id='par_1_17' title="bbox 197 3672 537 3792">
     <span class='ocr_line' id='line_1_36' title="bbox 197 3672 491 3792; baseline 0.009 -15"><span class='ocrx_word' id='word_1_206' title='bbox 197 3724 228 3792; x_wconf 74' lang='grc'><strong>”)</strong></span> <span class='ocrx_word' id='word_1_207' title='bbox 247 3672 341 3778; x_wconf 71' lang='lat' dir='ltr'><strong>Mellh.</strong></span> <span class='ocrx_word' id='word_1_208' title='bbox 360 3672 449 3780; x_wconf 38' lang='grc' dir='ltr'><strong>22ω</strong></span> <span class='ocrx_word' id='word_1_209' title='bbox 476 3673 491 3677; x_wconf 85' lang='lat'><strong>&#39;&#39;</strong></span> 
     </span>
    </p>
   </div>
   <div class='ocr_carea' id='block_1_12' title="bbox 0 0 1191 4200">
    <p class='ocr_par' dir='ltr' id='par_1_18' title="bbox 0 0 1191 4200">
     <span class='ocr_line' id='line_1_37' title="bbox 0 0 1191 4200; baseline 0 0"><span class='ocrx_word' id='word_1_210' title='bbox 0 0 1191 4200; x_wconf 95' lang='lat' dir='ltr'><strong> </strong></span> 
     </span>
    </p>
   </div>
  </div>
 </body>
</html>
