2356 4200
123 277 186 346 312
368 256 523 335 Positl'ones
544 277 573 334 s.
592 278 655 334 sou.
676 278 798 333 senon.

123 452 207 512 irrite
229 456 260 511 et
280 449 453 531 irreligiose
474 450 504 509 in
528 468 670 509 sermone
693 467 748 508 suo
771 446 900 528 vulgari,
923 467 981 529 per
1002 451 1050 509 tot

125 535 271 595 articulos
293 534 498 614 impugnatis,
531 552 568 592 ae
595 532 633 591 de
655 531 846 612 indulgentia
867 532 1050 612 plenissima

126 625 157 678 et
190 618 299 676 summi
320 617 451 677 Romani
480 615 634 696 pontilicis
657 617 738 675 eirea
759 614 890 675 eandem
912 619 1049 696 potesta·

126 711 187 762 tem
222 700 343 760 ehartas
375 707 428 759 aut
461 699 554 759 libros
583 699 728 778 implere,
762 699 812 758 vel
840 704 923 758 uerte
951 697 1051 758 libera

126 785 226 846 fronte
255 782 294 842 de
324 784 367 842 eis
383 783 444 842 ·vel
467 782 588 862 publice
610 782 788 860 praedicare
810 789 863 841 aut
883 782 1051 862 disputare,

92 879 93 882 ’
126 866 175 928 vel
197 865 444 946 praedicantibus
464 865 728 946 scribentibusque
742 865 919 943 adhaerere,
942 883 1050 925 eorum

127 951 241 1030 scripta
262 950 430 1010 favorisare
445 948 489 1024 Ι),
512 950 541 1007 in
566 949 675 1029 vulgus
698 967 855 1029 spargere,
878 954 909 1008 et
930 967 987 1027 per
1009 946 1051 1007 od

127 1035 195 1095 bern
217 1032 391 1113 invulgane,
414 1051 468 1090 seu
490 1031 529 1091 de
552 1033 595 1091 eis
617 1033 691 1111 ipsis
713 1033 743 1090 in
765 1030 902 1112 angulis,
929 1031 979 1090 vel
1006 1050 1052 1090 an-

127 1124 245 1197 partem
269 1134 373 1175 eoram
396 1114 587 1190 hominibus,
624 1114 816 1194 impudenter
843 1133 880 1174 ao
901 1133 958 1193 per
979 1132 1052 1173 oon·

128 1205 276 1280 temptum
301 1199 401 1276 loqui,
435 1199 563 1258 timeant
585 1199 658 1274 sibi,
692 1217 731 1257 ne
754 1199 783 1257 in
806 1198 960 1277 praefatas
983 1214 1054 1276 pro-

127 1284 298 1363 positiones
320 1281 471 1358 insidant,
496 1287 582 1341 etse
604 1301 659 1361 per
681 1281 742 1341 hoo
763 1288 855 1360 atque
877 1279 955 1340 alios
970 1279 1054 1339 dam-

129 1366 264 1426 nationis
285 1363 422 1443 penioulo
446 1366 593 1444 gravique
619 1364 781 1444 temporali
806 1364 978 1424 ooufinsioni
1001 1381 1053 1421 ex·

130 1453 256 1528 ponant.
299 1448 405 1507 Bestia
426 1449 522 1526 enim,
552 1466 630 1526 quae
652 1453 788 1507 montem
812 1446 956 1527 tetigerit,
979 1445 1055 1526 lapi·
1091 1494 1095 1503 .

130 1532 258 1592 dabitur,

510 1611 668 1684 Flnlsn.

187 1854 217 1922 l)
238 1855 269 1906 ln
289 1852 333 1906 ed.
351 1853 423 1905 len:
452 1852 579 1902 tavisare.
618 1848 649 1908 2)
671 1848 698 1898 ln
727 1848 780 1901 fine
806 1845 930 1898 additum
950 1846 1055 1914 legitur

131 1929 159 1979 in
180 1926 223 1977 ed.
242 1925 300 1978 Ien.
320 1930 347 1978 et
366 1922 508 1974 Vittemb.:
531 1923 635 1973 Autore
656 1920 682 1972 [l.
703 1917 834 1972 Conrado
856 1918 994 1984 Vimpiua.
