2356 4200
133 248 195 317 120
459 251 607 331 Sermones
624 249 736 306 lutheri

133 423 224 484 ritate
245 422 438 485 roborentur.
480 421 633 483 Judicinm
654 441 742 482 suum
762 421 907 504 portabit,
929 423 1053 503 quicun-

134 525 195 586 que
215 506 268 567 ille
288 506 388 584 fuerit,
411 507 462 585 qui
484 507 550 566 istis
572 506 635 565 suis
656 505 811 586 figmentis
833 513 957 568 sanctos
979 525 1053 587 apo-

133 589 231 650 stolos
260 595 292 650 et
320 589 481 650 ecclesiam
503 590 561 650 Dei
591 589 728 650 illuserit.
770 590 906 651 Primum
926 589 1053 671 tigmen-

132 684 195 732 tnm
219 673 311 753 igitur
332 678 388 751 est,
411 672 493 751 qnod
515 671 594 732 tilius
615 673 697 751 regis
714 672 825 752 fuerit3
845 680 877 734 et
892 673 981 752 dicis,
1003 691 1055 734 me

133 755 230 822 nulla.
247 756 410 816 autoritate
441 755 583 836 probare.
626 755 829 835 Respondes,
862 776 920 816 nec
947 761 995 836 tu,
1024 762 1054 817 et

134 838 229 899 multu
243 839 352 900 minus.
375 838 529 917 Secundo,
546 837 630 918 quud
650 839 681 897 in
699 859 834 918 purpura
855 844 886 899 et
906 838 1055 900 sandaliis

134 921 313 1000 incesserit‚‘
343 929 374 982 et
394 923 524 1002 gemmis
545 922 576 981 in
599 920 694 1001 pallio
717 929 779 983 tam
803 921 941 983 diversus
963 941 1054 986 ace·

134 1006 207 1066 teris
226 1005 387 1085 apostolis,
411 1005 462 1065 ubi
475 1005 646 1069 mammeas
669 1013 699 1067 et
712 1008 886 1069 scansurus
899 1006 975 1084 mid),
998 1005 1054 1083 bct

133 1108 160 1150 a
183 1090 253 1166 uidit
276 1092 339 1165 uum
362 1089 486 1166 tbteibt,
517 1089 571 1164 but
600 1106 627 1150 er
656 1090 712 1166 gete
733 1087 824 1166 buten
851 1089 901 1166 bct
923 1094 1054 1168 petingen

133 1176 190 1233 aab
208 1171 335 1249 &parsu
379 1171 488 1230 Mirum
510 1169 592 1249 qued
615 1189 677 1230 non
701 1176 874 1250 equestrem
897 1172 989 1231 etiam
1011 1170 1053 1232 le

132 1255 221 1333 uerit,
253 1255 284 1314 iu
313 1272 375 1333 quo
397 1253 593 1334 singularitas
612 1253 853 1330 haereticorum,
884 1253 1054 1315 schismati·

133 1356 250 1415 ccrum,
272 1335 474 1416 superborum
495 1337 602 1395 mirum
626 1335 720 1397 habet
739 1337 954 1417 patrocinium.
981 1336 1051 1399 Ter·

132 1421 224 1498 tium,
257 1419 339 1499 quud
369 1420 488 1479 iuvenis
520 1418 703 1480 describitur
731 1426 763 1480 et
797 1426 899 1480 tamen
935 1419 1054 1484 habeus

131 1503 257 1564 barbam
279 1503 364 1562 canis
385 1521 574 1582 respersam,
608 1501 663 1561 sed
691 1502 771 1564 forte
797 1504 829 1562 in
850 1501 912 1564 fine
934 1501 1053 1583 praedi·

131 1586 272 1646 cationis.
316 1585 463 1660 Quartum
492 1584 575 1662 quud
609 1584 750 1646 diabolus
788 1605 858 1646 eum
888 1584 1055 1647 confltetur

132 1669 211 1729 sicut
227 1687 303 1748 puer
320 1675 351 1728 et
367 1667 513 1728 describit
532 1668 625 1728 etiam
647 1687 748 1747 nares,
770 1669 911 1750 capillos,
933 1668 1053 1748 oculos,

132 1752 219 1830 quasi
240 1751 301 1812 hoc
323 1750 362 1811 ad
384 1770 448 1811 rem
471 1751 632 1830 pertineat.
676 1749 822 1826 Quintum
845 1751 927 1830 quod
950 1757 1054 1813 vestes

132 1841 164 1894 et
184 1833 324 1894 sandalia
345 1853 408 1895 nnn
425 1840 621 1894 veterascunt
637 1835 667 1893 in
681 1835 721 1899 25
736 1835 835 1911 annis,
857 1834 947 1911 forte,
969 1833 1053 1914 quod

132 1936 195 1978 non
217 1917 317 1997 potuit
346 1901 423 1977 alias
445 1921 547 1977 vestes
581 1916 714 1996 habere,
749 1923 780 1978 et
810 1915 851 1982 25
871 1918 961 1978 annis
988 1935 1053 1979 non

132 2001 224 2060 etiam
245 1999 314 2081 plus
335 1999 384 2060 vel
409 2000 507 2059 minua
529 1999 762 2079 praedicaverit,
785 2019 970 2079 quamquam
991 2000 1054 2062 hoc

131 2102 194 2144 non
216 2084 320 2163 magni
341 2083 462 2144 referat.
515 2082 643 2144 Sextum
665 2082 746 2161 duod
769 2083 872 2164 angeli
895 2102 964 2143 eum
989 2103 1053 2145 non

131 2167 233 2226 sinant
266 2167 381 2227 esurire
409 2172 462 2225 aut
490 2165 629 2246 fatigari,
663 2166 723 2227 hnc
753 2173 801 2226 est
832 2165 930 2244 idem,
967 2167 1053 2245 quod

132 2249 326 2329 evangelium
348 2248 530 2328 praedicans
551 2254 660 2309 contra
672 2249 868 2329 evangelium
882 2250 977 2327 vivat,
999 2247 1052 2310 ubi

130 2331 289 2411 apostolus
322 2332 353 2391 in
380 2332 495 2391 ieiunio
523 2333 638 2392 esurire
660 2351 694 2391 se
723 2331 902 2410 confitetur,
937 2331 1051 2394 deinde

130 2414 169 2473 ad
191 2414 283 2475 Hebr.
301 2415 347 2476 12.
371 2416 452 2473 aucti
475 2413 642 2494 perfidem
666 2422 725 2476 etc.
755 2415 916 2476 Corinthus
938 2415 1050 2494 aliquis

128 2497 206 2560 haec
226 2497 400 2558 somniavit.
444 2495 612 2576 Septimum
645 2504 747 2558 autem
775 2499 911 2558 omnium
935 2499 1050 2559 suavis·

129 2581 249 2653 simum,
271 2579 351 2659 quod
376 2581 492 2640 centies
513 2580 544 2640 in
567 2579 617 2641 die
639 2588 671 2642 et
691 2582 808 2642 centies
829 2582 860 2640 in
883 2587 976 2642 nocte
997 2601 1049 2662 gs

126 2674 190 2722 mia
211 2661 305 2723 flexit.
348 2663 438 2743 Rogo
471 2661 638 2742 quidboni
661 2663 770 2725 orabat
789 2665 820 2725 in
843 2663 936 2725 catali
959 2665 1049 2726 unius

128 2746 236 2821 horae,
259 2746 296 2804 si,
308 2745 410 2805 saltim
432 2745 653 2806 discriminavit
675 2748 842 2824 orationes,
864 2747 932 2806 sine
953 2745 1048 2809 dubio

128 2828 167 2887 nd
189 2829 277 2888 unius
300 2827 457 2889 dimidiam
478 2836 597 2908 partem
619 2824 766 2907 vacabat‚'
781 2837 814 2888 ut
835 2831 945 2889 iterum
965 2849 1048 2910 genu

127 2911 274 2974 flecteret.
317 2911 438 2972 Deinde
459 2912 583 2991 qnando
606 2911 810 2992 praedicavit,
840 2911 963 2992 quando
985 2931 1060 2974 am.

127 2994 261 3073 bulabat,
284 2994 407 3073 quando
431 2994 564 3072 bibebat,
588 2994 720 3055 edebat?
763 2995 845 3055 Nihil
868 2994 951 3055 aliud
974 2996 1048 3076 egit,

128 3095 218 3160 quam
241 3076 324 3157 quod
346 3096 447 3158 genua
468 3077 632 3138 flectebat?
675 3077 782 3139 Simile
814 3084 846 3138 et
873 3077 912 3138 de
940 3085 1048 3139 sancta

126 3160 246 3221 Martha
267 3161 444 3222 somniatur.
488 3160 583 3221 Porro
615 3162 646 3220 in
669 3168 761 3222 nocte
783 3180 898 3240 quaeso
921 3161 1047 3240 quando

127 3243 319 3304 dormiebat?
361 3243 435 3304 Tam
458 3243 574 3304 insulsa
594 3243 810 3324 praedicantur
832 3251 863 3304 et
883 3243 1049 3304 creduntur

126 3327 234 3386 merito
257 3325 295 3386 ab
318 3326 381 3404 his,
410 3327 460 3404 qui
495 3326 605 3387 nolunt
633 3326 770 3388 meliora.
813 3325 891 3386 lllud
914 3326 1047 3406 denique

126 3409 244 3488 omitto,
269 3409 350 3487 quod
372 3427 471 3488 nepus
492 3411 574 3490 regis
586 3408 693 3490 Syriae
710 3409 828 3470 dicatur
848 3415 879 3469 et
899 3429 1046 3490 purpura-

125 3496 172 3550 tus
195 3492 299 3573 regiae
320 3491 477 3571 dignitatis
499 3512 633 3570 memor,
667 3510 736 3552 cum
770 3493 862 3553 etiam
895 3512 934 3553 ex
956 3511 1046 3554 sacro

125 3573 288 3656 evaugelio
325 3581 447 3635 constet
478 3595 536 3636 nec
571 3574 666 3635 ullum
697 3595 802 3656 regem
830 3574 938 3656 Syriae
973 3581 1047 3636 tunc

123 3656 234 3735 fuisse,
257 3656 310 3717 sed
332 3656 490 3737 praesides
514 3677 675 3732 romanos,
710 3660 768 3718 nisi
789 3659 913 3739 regulos
935 3657 1045 3718 intelli-

123 3759 196 3820 gas,
215 3746 254 3800 nt
273 3739 414 3802 Herodes
437 3748 469 3802 et
488 3740 623 3803 Arabiae
645 3741 741 3803 Arete
761 3761 818 3805 rex
839 3747 871 3802 et
891 3740 1045 3822 Abgarus.
