2356 4200
210 779 454 963 Responsio
474 844 520 937 F.
549 840 730 937 Martini
759 826 958 954 Lutheri,

124 1043 377 1192 Angustinensis
406 1041 681 1142 lluittsnbergaa‚
715 1042 771 1142 ad⁸
790 1041 959 1126 Didogon
987 1041 1047 1108 Sil·

123 1145 181 1193 ves
199 1143 230 1192 1¹1
261 1125 447 1201 Pnenat1s‚
477 1125 638 1292 milliari
653 1125 788 1202 Palam,
819 1124 857 1192 do
884 1126 1047 1209 potestate

210 1558 258 1647 lle
282 1595 349 1647 ortu
370 1587 459 1647 huius
481 1588 769 1668 Responsionis
797 1589 912 1649 iamin
935 1574 975 1648 iis
1002 1587 1057 1668 lo·-

125 1673 188 1732 cuti
228 1690 352 1746 sumus,
380 1689 459 1749 quae
481 1671 519 1730 de
541 1670 708 1750 Dialogo
732 1669 922 1732 Silvestri
942 1671 1047 1731 Prie-

123 1756 245 1815 riatis
274 1754 309 1812 in
332 1753 371 1812 M.
394 1753 550 1839 botheri
572 1753 852 1814 conclusiones
876 1753 921 1814 de
942 1758 1046 1833 pote⁴

124 1845 227 1897 state
255 1833 381 1916 papae
405 1829 637 1915 disputavimus.
666 1835 713 1896 Ec
739 1836 868 1897 velimus
890 1836 951 1897 huc
973 1854 1044 1911 con·

123 1921 214 1981 feres.
265 1919 299 1978 ln
329 1917 488 1979 reddendo
518 1926 603 1978 textu
640 1920 737 1978 secuti
765 1938 869 1979 snmus
903 1918 1046 1979 editionis

123 2002 281 2084 originalis
311 1997 761 2082 exemplar,.quod²-Lutherus
782 2003 849 2081 ipse
876 2021 932 2061 suc
953 2019 1046 2061 manu

122 2085 202 2147 haec
231 2083 505 2163 adscribent'rsffiD.
528 2085 657 2145 Doctori
680 2083 1047 2164 Christophoroficheurl

124 2169 157 2232 F.
182 2169 224 2230 Μ.
247 2167 301 2226 L.“
341 2169 440 2227 arnico
471 2168 640 2227 clarissimo
670 2165 924 2247 Norimbergensi
956 2163 1047 2245 misit,

125 2253 211 2311 ouius
236 2250 340 2311 titulus
363 2257 426 2310 est:

125 2379 179 2441 Ad
202 2374 418 2458 Dialogum
441 2377 634 2458 sylvestri
658 2378 844 2438 Prior-atis
868 2377 1047 2457 Magistri

125 2463 274 2523 Palatii
306 2462 355 2521 de
387 2469 591 2540 vpotestate
620 2461 747 2540 Papae
769 2461 991 2541 Responsio
1014 2460 1047 2524 F.

125 2544 335 2607 MARTINI
367 2543 557 2605 LUTHER
585 2544 912 2624 Augustinensis,
949 2541 1048 2604 Wit-

456 2628 655 2707 tenbcrge.
677 2628 706 2688 4.

210 2744 402 2826 Quamquam
420 2763 595 2824 usquequo
616 2744 687 2805 loco
704 2762 805 2821 neque
820 2761 880 2821 quo
897 2761 979 2802 anno
997 2741 1047 2802 hic
1158 2773 1165 2784 ι

125 2828 406 2889 liberexousussit
426 2830 457 2887 in
480 2827 742 2903 tituloindicotnr,
765 2833 868 2885 tamen
891 2844 929 2884 ex
952 2826 1046 2906 signis

125 2912 367 2992 typographicis,
391 2911 499 2990 quibus
521 2910 599 2971 tituli
622 2910 735 2989 pagina
757 2914 866 2970 ornata
883 2914 939 2985 est,
961 2916 1045 2968 certo

126 2994 233 3073 colligi
263 3001 386 3074 potest,
425 2994 507 3053 huno
537 3013 601 3052 non
634 2994 732 3051 minus
761 3009 853 3068 quem
882 2990 1046 3069 dialogum

126 3077 201 3145 silv.
223 3077 396 3154 Prieriatis‚
420 3096 509 3156 quern
533 3095 625 3155 supra
645 3074 854 3148 reddidimus,
878 3062 1047 3151 [libold

126 3159 252 3222 officina
274 3161 448 3220 Melchioris
470 3157 609 3220 Lottheri
632 3159 712 3238 typis
735 3174 881 3217 excusum
905 3173 982 3215 esse.
1013 3155 1047 3214 ln

125 3242 313 3311 bibliothece
355 3243 554 3303 Scheurliena
590 3239 842 3320 Norirnbergensi
874 3238 934 3298 hoc
976 3237 1046 3297 libri

125 3327 286 3406 exemplar
295 3327 445 3387 volumini
459 3325 605 3387 librorum
618 3326 812 3384 intersertum
823 3325 879 3400 est,
902 3322 953 3400 qui
964 3339 1046 3380 anno

127 3409 413 3489 lblSprodierunt.

210 3492 372 3572 Reponitur
383 3492 433 3551 hic
450 3492 530 3552 liber
552 3493 643 3552 etiem
665 3491 696 3549 in
719 3488 938 3568 antiquissimis
953 3488 1046 3569 scrip-

125 3582 226 3640 torum
248 3574 370 3635 Lntheri
394 3575 637 3652 collectionibus,
659 3592 739 3652 quoe
759 3592 787 3633 a.
811 3574 890 3636 rote
912 3576 943 3630 et
967 3571 1046 3635 1520

124 3658 315 3739 prodierunt.
361 3658 532 3739 Separatim
560 3658 605 3718 bis
629 3663 739 3736 postea
761 3673 892 3714 excusus
921 3658 969 3714 est
990 3653 1045 3714 sub

124 3742 171 3803 his
195 3743 305 3809 titulis:
856 3750 860 3755 ’
1030 3775 1033 3778 «

151 3855 244 3898 tumn
257 3866 309 3906 opp.
324 3855 348 3895 v.
363 3853 389 3895 a,
403 3855 433 3894 aa
443 3855 485 3895 rer.
498 3854 547 3896 usa
562 3854 577 3894 e
590 3863 613 3905 p.
629 3852 678 3896 voi
693 3853 724 3895 11.
823 3823 844 3895 1
