2356 4200
257 308 310 363 pro
332 288 436 348 dedas.
456 294 565 348 virtutis
583 292 829 364 ludmgsntisriim.
917 252 1006 358 x28¹7

62 458 212 519 omnium
239 480 410 544 poenarum
441 478 505 525 uon
526 463 707 544 simpliciter
728 463 866 523 omnium
886 460 1003 523 intelli-

70 541 133 621 git,
157 541 213 602 sed
235 565 255 606 a
277 565 312 606 se
332 547 401 627 ipso
424 546 640 608 tantummodo
662 547 888 627 impositurum.
924 571 927 576 ·

158 625 218 705 21)
241 627 355 691 Errant
386 630 491 709 itaque
518 629 782 713 indulgentiarum
809 627 1004 709 praedioato,

71 725 125 768 rea
136 704 168 792 ¹)
190 709 228 791 ii,
256 710 308 790 qui
330 711 448 793 dieunt,
470 730 532 793 per
549 730 651 794 papae
672 711 883 793 indulgentias
904 711 1002 782 homi2

71 808 148 849 nem
170 791 210 853 ab
233 795 316 855 omni
336 815 441 876 poena
462 795 542 857 solvi
565 802 596 856 et
617 794 739 858 salvari.
770 824 773 829 ·

159 876 220 953 22)
241 874 324 952 Quiri
356 878 473 939 nullam
504 879 635 939 remittit
660 877 820 939 animabus
841 878 873 936 in
894 895 1003 958 purga·

73 958 182 1037 torio‚·
200 976 296 1039 quam
317 962 348 1021 iii
371 962 516 1023 haesita
551 961 730 1023 debuissent
757 959 925 1038 seeundum
954 976 1004 1020 es·

73 1059 177 1100 nones
200 1042 334 1127 solvere.

160 1125 221 1201 23)
244 1124 277 1186 Si
289 1127 431 1189 remissio
454 1127 518 1187 ulla
541 1128 1003 1207 omniumomninolpoenarum

74 1213 183 1286 potest
211 1207 302 1270 alioui
332 1209 414 1289 dari,
445 1216 649 1289 certumst,
679 1228 747 1271 eani
770 1228 834 1271 non
856 1211 914 1270 nisi
936 1226 1003 1290 per·

75 1290 272 1371 festissimis,
294 1292 325 1353 id
348 1298 412 1372 est,
433 1295 626 1374 paucissimis
649 1293 724 1354 dari.

161 1375 222 1452 24)
246 1375 323 1439 Falli
351 1375 392 1436 ob
418 1375 451 1436 id
481 1394 611 1437 neeesse
640 1384 688 1437 est
715 1377 864 1437 maiorem
885 1380 1003 1456 partem

75 1455 204 1537 populi,
225 1476 281 1537 per
302 1456 530 1521 indifferentem
549 1459 635 1520 illam
658 1466 689 1520 et
712 1457 908 1540 magnifieum
929 1476 1003 1539 poe

76 1558 138 1599 nae
162 1539 284 1601 solutae
307 1543 555 1622 promissionem.
882 1562 896 1582 ³
1099 1584 1102 1589 ·

163 1625 225 1700 25)
246 1622 380 1699 Qualem
410 1631 598 1706 potestatem
623 1623 716 1685 babet
735 1642 819 1704 papa
839 1624 870 1684 iii
894 1641 1003 1704 purga·

77 1707 193 1766 terium
221 1707 420 1786 generaliter,
447 1709 541 1769 talem
569 1706 663 1769 habet
691 1705 818 1787 quilibet
839 1707 1003 1787 episeopus

77 1795 110 1849 et
130 1795 255 1849 sumtus
276 1791 307 1850 iii
331 1809 387 1852 sna
408 1791 532 1852 Diooesi
545 1791 578 1870 ²)
603 1798 634 1851 et
654 1787 802 1871 parochie
820 1789 1004 1870 speoialiter.

163 1874 205 1937 26
218 1872 253 1951 *)
278 1873 401 1955 Optime
429 1875 502 1935 fauit
528 1894 625 1955 papa,
653 1873 738 1953 quod
759 1890 822 1934 non
851 1879 1006 1953 potestate

79 1952 177 2015 elaris
203 1960 314 2034 [quam
330 1957 446 2019 nullam
468 1957 578 2037 habet)
592 1956 646 2018 sed
661 1976 717 2037 per
728 1954 855 2018 modum
867 1953 1004 2036 suffragii

80 2039 135 2099 dat
154 2038 316 2100 animabus
338 2041 565 2103 remissionem.

163 2121 222 2203 27)
247 2121 412 2184 Hominem
428 2124 616 2205 praedicant,
638 2123 688 2200 qui
711 2112 823 2200 statim,
844 2127 878 2182 ut
903 2121 1002 2181 iaetus

79 2222 224 2265 nummus
264 2207 295 2266 in
337 2208 444 2268 oistain
483 2207 620 2267 tinnierit
636 2205 691 2284 ²),
733 2204 858 2265 evolare
896 2202 1002 2264 dieunt

79 2307 226 2349 animam.
948 2296 953 2321 ⁸

162 2372 224 2446 23)1
248 2371 370 2433 Certum
394 2380 441 2434 est
454 2389 580 2433 nummo
602 2373 633 2431 iii
656 2372 765 2431 cistam
786 2371 937 2431 tinniente
949 2388 1001 2431 au·
1084 2394 1087 2399 ·

78 2456 144 2536 geri
166 2462 328 2534 quaestum
340 2454 373 2533 ι)
398 2463 429 2517 et
450 2457 609 2517 avaritiam
630 2472 733 2535 posse,
756 2452 933 2534 suffragium
949 2473 1000 2513 au·
1112 2537 1113 2541 Ἰ

78 2547 141 2598 tem
163 2538 317 2599 soulesiae
339 2541 438 2600 estin
460 2539 585 2600 arbitrio
605 2538 662 2599 Dei
685 2537 790 2598 solius.

161 2623 222 2699 29)
247 2620 322 2696 Quis
346 2624 418 2701 soit,
446 2623 472 2682 si
495 2641 603 2683 omnes
626 2622 747 2681 animae
768 2621 799 2680 iii
822 2620 1000 2702 purgatorio

78 2704 177 2765 velint
198 2699 317 2783 redimi,
340 2706 418 2766 siout
439 2705 478 2767 de
500 2705 530 2768 S.
555 2704 702 2767 Severino
726 2710 756 2764 et
777 2703 917 2764 Pasohali
939 2703 999 2762 fae

81 2796 146 2848 tuni
169 2792 318 2849 narratur.

162 2873 220 2946 30)
245 2871 353 2930 Nullus
388 2889 513 2931 securus
540 2877 589 2931 est
614 2870 654 2931 de
680 2871 809 2931 veritate
832 2887 906 2929 suae
928 2880 1000 2930 oon²

78 2954 227 3034 tritionis,
262 2953 358 3015 inulto
396 2954 495 3013 minus
529 2953 568 3015 de
595 2954 814 3015 consecutione
843 2952 1001 3033 plenariae

79 3055 281 3097 remissionis.

162 3122 221 3196 31)
246 3119 346 3195 Quam
368 3138 453 3180 ranis
476 3125 524 3179 est
543 3138 617 3180 vere
638 3120 811 3199 poenitens,
834 3124 896 3179 tani
911 3136 997 3178 rarus

78 3211 126 3265 est
147 3223 221 3264 vere
241 3201 449 3284 indulgentias
471 3202 641 3281 redimens,
668 3202 698 3262 id
722 3209 785 3280 est,
818 3202 999 3262 rarissimus.

162 3289 219 3362 32)
245 3285 478 3348 Damnsbuntur
499 3287 530 3344 in
551 3293 711 3347 aeternum
730 3303 800 3346 oum
822 3285 883 3344 suis
905 3285 1000 3365 magi·
1024 3326 1029 3337 .

138 3581 166 3641 1)
187 3579 218 3630 lii
238 3576 282 3634 ed.
301 3578 412 3631 lenens:
433 3576 633 3631 Commissaiii.
669 3574 702 3643 2)
723 3573 805 3646 Apud
825 3571 998 3630 v.d.Herdt:

77 3651 209 3706 dioecesi.
266 3652 297 3715 3)
318 3651 348 3701 ln
373 3649 416 3703 ed.
444 3649 525 3704 1530:
554 3650 694 3702 tinnuerit.
749 3646 782 3713 4)
803 3645 834 3698 In
860 3645 901 3699 ed.
926 3647 999 3699 dem:

77 3729 215 3793 questum.

132 3795 164 3864 ⁸)
185 3793 269 3865 Apud
290 3810 316 3846 v.
337 3792 362 3844 d.
385 3791 486 3845 Hardtt
504 3792 524 3845 1.
544 3796 597 3846 eta.
