2356 4200
63 272 65 278 ’
123 270 165 340 42
375 278 584 350 Responsioll
603 279 680 337 ms.
699 280 820 340 nauem

125 453 243 591 pt,
178 446 328 508 moriendi
341 452 400 512 etc
423 455 509 512 recte
524 451 668 529 sentiunt,
691 456 723 512 at
739 452 788 514 sic
796 450 947 515 docentes
961 455 1048 573 reete

145 537 409 695 ooeiltispoudeo:
451 616 605 676 Remissio
634 636 803 695 poenarum
835 622 958 677 tantum
975 633 1048 679 con·¹

124 699 216 759 fertur
242 718 311 777 per
326 699 429 758 literas
459 707 490 759 at
511 699 736 780 indulgentias,
766 700 934 780 dignumne
971 716 1045 778 ergo

122 781 240 842 iudicas
261 782 357 858 hanc,
389 782 547 860 spirituale
569 783 768 846 commodum
790 782 922 844 vocare?
955 779 1047 855 Quid

124 865 227 925 anima
257 864 330 925 inde
356 863 431 926 boni
469 867 686 945 consequitur?
729 864 812 927 Nihil
841 885 982 946 prorsus,
1017 870 1048 927 ct

123 949 226 1009 tamen
258 955 305 1009 cst
334 948 492 1027 spirituale
526 948 732 1013 commodum.
775 950 837 1009 lta
848 947 952 1009 luditis
981 967 1046 1008 ver·

123 1032 231 1093 borum
254 1038 285 1091 et
304 1033 464 1092 nominum
486 1031 627 1110 licentia,
651 1032 752 1095 donec
773 1033 879 1094 omnia
897 1030 1045 1093 confude

126 1116 201 1175 ritis.
421 1168 429 1192 ,
1045 1162 1070 1169 ff

206 1197 365 1275 Secundo,
394 1198 550 1276 quomodo
574 1219 645 1278 spes
667 1199 775 1259 melius
799 1197 925 1259 vivendi
947 1197 1046 1258 nasci·

123 1289 172 1342 tur
192 1301 232 1342 ex
253 1281 435 1341 remissione
457 1282 649 1359 poenarum?
671 1281 772 1359 idest,
794 1283 858 1344 vita
874 1300 914 1342 ex
927 1279 1044 1341 morte?

123 1366 244 1425 Mortua
265 1383 314 1423 res
337 1365 573 1443 estpoenarum
596 1367 754 1441 remissio,
785 1372 817 1425 at
844 1365 886 1424 ita
903 1370 1046 1440 'mortua

123 1457 157 1508 ut
178 1449 271 1507 etiam
294 1447 351 1506 tuis
374 1447 528 1526 magistris
551 1449 679 1510 testibus
697 1448 806 1508 melius
818 1447 858 1508 sit
869 1447 1045 1515 satisfacere

123 1551 179 1612 per
200 1550 245 1609 se,
268 1547 359 1608 quam
382 1530 624 1591 satisfactionem
636 1532 748 1592 remitti
761 1550 817 1610 per
828 1529 1044 1610 indulgentias.

124 1613 185 1674 Sed
208 1613 279 1692 qnid
302 1632 362 1694 ego
386 1633 454 1672 cum
477 1615 535 1673 tuis
557 1614 646 1674 nudis
668 1615 770 1676 verbis
795 1613 924 1694 pugno?
950 1613 1045 1693 -Spss

123 1699 206 1757 vitae
227 1697 364 1778 melioris
387 1714 427 1756 ex
438 1696 506 1756 Deo
529 1698 727 1777 pergratiam
745 1697 917 1757 eiusvenit.
939 1696 1046 1759 Gratia

123 1787 226 1841 autem
255 1798 317 1839 non
345 1780 377 1839 in
404 1780 651 1858 remissionibus,
685 1780 739 1841 sed
767 1781 799 1841 in
827 1778 1045 1842 initiationibus

123 1883 294 1943 poenarum
315 1863 509 1942 potissimum
538 1871 693 1941 operatur,
730 1870 764 1924 ut
790 1862 831 1922 ad
852 1862 1045 1924 Corinthios:

123 1947 230 2008 Virtus
252 1948 283 2005 in
305 1943 482 2006 infirmitate
503 1944 715 2024 perficitur*).
1050 1944 1051 1949 ’

205 2029 255 2089 Ad
276 2029 464 2089 tricesimam
487 2030 617 2106 tertiam,
639 2029 691 2089 ubi
712 2029 788 2089 nihil
808 2028 943 2090 habuisti
965 2026 1044 2106 quod

123 2113 257 2185 diceres,
280 2112 312 2172 id
334 2111 460 2172 voluisti
484 2112 607 2187 conari,
629 2119 663 2173 ut
684 2132 734 2173 me
755 2110 895 2191 pontifici
917 2111 1045 2174 odiosis

123 2198 232 2257 simum
254 2196 382 2272 iaceres,
405 2196 490 2255 cuius
512 2214 563 2255 me
585 2195 790 2256 detractorem
812 2196 972 2272 iniustum,
993 2194 1044 2256 fal·

123 2299 201 2353 sum,
224 2297 446 2356 erroneumqua
469 2277 651 2339 deblateras.
693 2277 830 2338 Evidens
854 2278 978 2356 signum
1000 2283 1046 2338 est

123 2362 260 2422 destituti
278 2381 297 2421 a
318 2362 448 2422 veritate
469 2361 552 2422 furor
574 2368 605 2422 at
626 2361 807 2442 indignatio.

205 2445 394 2524 Respondeo
426 2443 481 2503 tibi
513 2447 610 2505 semel
641 2464 698 2525 pro
730 2443 887 2506 omnibus:
932 2442 1045 2504 Summi

123 2526 277 2608 pontificis
305 2532 491 2607 potestatem
514 2527 651 2607 honoro,
684 2529 762 2589 sicut
789 2526 895 2603 decet,
928 2532 1045 2587 vestras

124 2617 227 2672 autem
262 2611 313 2671 val
341 2611 520 2689 opiniones,
550 2612 601 2671 vel
634 2611 828 2671 adulationes
869 2614 1045 2671 contemno.

123 2694 197 2755 Ideo
220 2695 309 2761 huius
332 2693 539 2754 conclusionis
563 2715 651 2755 meae
676 2695 774 2769 (hanc
797 2694 879 2752 enim
901 2711 966 2753 non
991 2691 1046 2751 dis·

145 2780 218 2853 uto)
243 2779 427 2838 contrarium
450 2776 547 2837 libera
567 2777 668 2838 fronte
687 2777 840 2838 haeresim
865 2776 1045 2855 pronuncio

123 2798 194 2920 ilco
228 2867 275 2920 sst
308 2861 339 2919 in
367 2879 460 2919 manu
494 2859 628 2920 hominis
663 2859 856 2920 reconciliari
891 2858 1045 2919 hominem

123 2944 202 3020 Deo,
224 2962 282 3004 nec
303 2961 387 3023 papa
406 2949 512 3022 potest
530 2945 662 3020 gratiam
675 2944 732 3003 Dei
755 2941 973 3002 iustificantem
995 2941 1046 3002 do·

125 3045 209 3104 nare,
232 3033 266 3086 ut
287 3032 355 3087 tota
371 3027 466 3085 sentit
483 3025 623 3106 ecclesia,
646 3029 730 3088 cuius
745 3025 932 3086 contrarium
948 3024 1046 3084 nullus

125 3109 182 3169 fuit
204 3117 266 3168 tam
289 3108 399 3169 foedus
421 3108 604 3183 haereticus,
627 3112 678 3189 qui
700 3110 836 3170 doceret.

210 3191 420 3269 Secundam
387 3193 500 3250 utuis
522 3194 728 3270 praeconibus
751 3213 771 3251 n
772 3198 907 3268 teunque
929 3209 1046 3251 succur-

124 3294 191 3348 ras,
220 3275 331 3335 iterum
364 3273 455 3354 tingis
485 3273 712 3337 distinctionem
742 3294 799 3355 pro
821 3273 1046 3334 Themistamm

124 3320 276 3419 laudabili
288 3376 383 3434 more,
406 3356 527 3417 dicens·
551 3350 610 3431 Qui
625 3378 699 3420 varo
740 3359 845 3418 dicunt
867 3364 921 3423 tut
938 3355 1047 3436 refers)

125 3460 198 3501 vere
222 3440 336 3519 dicunt,
357 3440 453 3500 modo
475 3442 688 3503 reconciliatio
711 3442 766 3501 illa
786 3440 1005 3520 intelligatur
995 3457 1046 3498 rm·

125 3525 260 3605 proprie,
283 3542 340 3604 per
361 3507 552 3584 amotionem
574 3532 641 3585 reat
641 3545 697 3602 ua,
721 3526 772 3603 qui
794 3525 929 3584 animam
953 3521 1046 3583 aDai

127 3607 391 3687 contemplatione
414 3606 496 3666 clara
518 3608 706 3669 secludebat.

200 3785 232 3853 ⁸>
255 3786 267 3838 1
287 3783 354 3840 oar.
370 3784 418 3839 ra
