2356 4200
441 290 545 345 Contra
561 287 640 345 onai.
658 269 741 344 Eccii.
988 287 1051 353 411

139 458 287 522 adversos
308 479 394 521 meas
417 458 640 540 disputationes
663 460 861 538 fabrefactos,
885 461 981 521 risum
1006 465 1054 521 est

138 544 313 624 singulatim
343 562 535 624 percurrere,
570 551 602 604 st
622 544 699 604 meis
727 543 982 623 disputationibus
1003 544 1055 604 vel

137 626 375 699 obscuriusculis
399 627 564 687 asteriscos
592 627 721 703 addere,
755 625 864 704 quibus
885 631 949 686 tum
971 626 1053 687 clare

134 709 317 789 lucentibus,
340 715 372 769 tu
394 711 420 770 si
446 710 534 769 voles
547 728 617 769 enm
635 710 815 790 participem
828 709 940 788 iacere,
961 711 1053 770 etiam

132 794 200 873 ipse
223 793 315 854 facile
335 793 503 872 intelliget,
542 810 632 871 quarn
654 793 849 853 temerarium
871 794 919 871 sit,
942 793 1053 872 aliena,

134 877 316 956 praesertim
337 894 400 937 non
423 874 598 952 intellecta,
621 875 781 955 damnare,
809 882 872 936 tum
894 876 989 955 longe
1009 877 1053 936 in-

133 959 367 1019 sidiosissimum
389 959 673 1038 iniquissimumque
693 958 765 1019 ielis
778 965 863 1019 tanto
886 959 1054 1020 amaricare

132 1042 223 1102 aanioi
246 1060 309 1102 non
331 1043 515 1121 praemoniti
536 1043 702 1121 omniaque
714 1041 843 1103 meliora
855 1060 1052 1122 praesumen-

131 1126 169 1184 tis
193 1125 233 1184 de
255 1125 355 1186 amico
378 1125 508 1203 placita,
539 1126 603 1184 imo
625 1126 774 1203 quaesita.
819 1124 880 1186 Sed
912 1144 987 1185 vera
1007 1132 1055 1185 est

130 1209 297 1288 scriptura:
336 1206 443 1275 Omnis
465 1208 559 1269 homo
582 1209 725 1268 mendax.
767 1208 917 1269 Homines
939 1227 1053 1288 sumus,

132 1290 276 1352 homines
298 1309 466 1352 manemus.
510 1291 592 1350 Dicit
611 1291 730 1370 itaque:

523 1372 645 1435 Eceius.

211 1456 294 1517 Nolo
332 1457 449 1516 minuta
480 1458 640 1535 prosequi,
683 1461 735 1517 aut
762 1474 800 1516 ea
832 1475 911 1536 quae
933 1455 1052 1538 schola-

130 1540 207 1599 stice
231 1541 402 1619 oppugnari
430 1546 576 1618 possunt,
608 1541 639 1598 in
660 1540 815 1619 praesenti
838 1538 1054 1618 disputationis

128 1623 258 1682 materia
280 1622 319 1683 de
339 1622 546 1702 indulgentiis,
568 1623 712 1701 quoniam
736 1623 781 1681 sic
793 1622 923 1701 primam
936 1641 1052 1704 oppug-

127 1724 234 1765 narem
258 1705 499 1765 conclusionem.

511 1787 667 1852 Lutherus.

209 1869 251 1930 Ut
276 1889 429 1950 generoso
456 1875 535 1946 (non
565 1869 647 1930 enim
669 1869 768 1931 dicam
801 1869 951 1950 superbo)
986 1889 1051 1929 rem

126 1952 305 2034 aggreditur
324 1955 497 2033 prooemio,
520 1954 578 2013 nisi
600 1953 683 2033 quod
704 1953 849 2014 modesta
873 1971 1053 2033 oppugnare

125 2037 245 2115 potius,
272 2054 361 2114 quarn
385 2055 563 2116 expugnare
590 2037 683 2114 dixit,
718 2037 835 2096 seilicet
863 2037 981 2095 minuta
1021 2041 1053 2095 ct

126 2119 328 2195 scholastica,
365 2139 436 2179 nam
460 2121 577 2180 maiora
596 2120 733 2179 fortassis
757 2117 953 2199 expugnabit.
976 2116 1051 2192 Quis

126 2221 188 2262 non
213 2203 320 2261 timeat
344 2223 363 2261 a
392 2204 508 2280 crepitu
535 2203 621 2262 istius
644 2201 779 2262 buccae?
820 2201 888 2282 Ego
910 2219 983 2261 vero
1006 2221 1051 2260 re·

126 2284 271 2345 cordatus
304 2285 385 2344 illius
413 2285 587 2345 Horatiani:
631 2284 711 2360 Quid
738 2286 814 2344 feret
846 2283 897 2343 hic
925 2284 1051 2364 dignum

125 2374 212 2427 tanto
241 2369 411 2447 promissor
438 2368 542 2428 hiatu?
588 2369 646 2427 Vix
668 2369 763 2427 risum
785 2368 878 2444 tenui,
900 2386 963 2427 non
987 2366 1052 2427 vult

124 2450 310 2510 scholastice
335 2451 492 2529 disputare
514 2460 546 2510 et
567 2470 714 2532 pugnare,
737 2469 776 2510 ex
790 2469 850 2528 qno
867 2449 962 2510 verbo
977 2452 1051 2510 satis

125 2532 280 2612 intelligo,
302 2533 430 2593 Eccium
453 2541 589 2594 nostrum
614 2536 689 2595 istos
713 2533 866 2594 obeliscos
889 2534 919 2592 in
942 2532 1049 2594 diebus

127 2616 1050 2696 (quosvocant)Oarnisprivii,laruaindutnsingenium,con-

125 2697 227 2775 flasse,
242 2718 313 2757 nam
327 2719 383 2778 per
396 2707 493 2761 totum
513 2699 588 2759 illud
603 2699 806 2760 obeliscorum
821 2699 915 2758 cbaos
927 2701 955 2772 ¹)
975 2697 1049 2758 nihil

125 2801 280 2842 sacrarum
288 2782 453 2858 literarum,
462 2782 535 2841 nihil
547 2784 824 2844 ecclesiasticorum
834 2781 967 2859 Petrum,
975 2780 1050 2840 nihil
1132 2833 1137 2845 .

125 2883 289 2941 canonum,
312 2865 366 2924 sed
380 2868 484 2926 omnia
507 2865 787 2942 scholasticissima,
810 2865 1048 2944 opiniosissims,

124 2966 271 3026 marsque
284 2950 404 3007 somnia
417 2949 666 3026 comminiscitur,
677 2956 884 3027 etprorsusea
894 2949 971 3027 ipsa,
979 2965 1050 3006 con·

124 3038 171 3090 tra
189 3049 268 3108 quae
279 3050 340 3109 ego
361 3031 493 3111 disputo,
515 3033 558 3090 ita
575 3040 608 3090 ut
621 3033 646 3090 si
665 3031 776 3090 vellem
799 3038 831 3090 et
851 3049 910 3109 ego
932 3031 1050 3108 peripa·
1142 3081 1144 3084 ,

125 3114 254 3187 teticari,
277 3133 339 3173 uno
361 3113 435 3173 flatu
458 3115 515 3174 hos
538 3132 645 3174 omnes
668 3116 734 3175 eius
754 3131 875 3192 pappos
896 3111 1050 3192 disperge-

124 3215 198 3274 rem,
221 3195 416 3276 diceremque
437 3196 512 3256 illud
537 3198 671 3276 magistri
694 3198 740 3257 sui
763 3196 937 3256 decretum:
972 3195 1049 3256 Peti-

124 3477 188 3531 edit.
209 3477 346 3530 lenensis:
368 3479 426 3533 Hos
441 3481 551 3548 scripsit
561 3480 696 3534 Lntherns
707 3487 770 3534 ante
780 3479 974 3533 Resolutiones
989 3495 1050 3532 sua·

123 3566 184 3601 rum
200 3549 422 3616 Propositionum
442 3551 475 3604 de
486 3554 586 3605 virtute
601 3553 844 3622 lndulgentiarum,
859 3557 956 3602 contra
978 3551 1049 3604 Eccii

124 3621 1047 3690 obeliscos,utipseintratobllsublin.)testatnr,ubiinquit:Quid

124 3701 215 3746 autam
236 3693 269 3745 de
288 3696 339 3744 hac
349 3711 379 3746 re
395 3698 511 3747 sentiam
524 3698 551 3748 in
562 3697 772 3764 probationibus
783 3699 851 3748 meis
864 3695 1017 3750 declarabo.

178 3764 207 3834 1)
229 3766 261 3845 ln
280 3772 308 3818 et
325 3765 392 3822 Jen:
414 3767 509 3822 cahos.
