2356 4200
172 276 234 344 136
411 277 610 333 Rewlua'ones
626 276 736 346 Dispat.
754 275 834 330 Lnth.

171 449 250 510 niori
272 466 335 509 non
357 445 518 523 recusabo,
539 445 662 508 Domini
676 446 758 526 eninr
775 452 824 506 est
838 452 928 522 terra,
951 449 983 505 ct
997 442 1094 524 ploni·

173 531 247 595 tudo
269 532 346 605 eius,
368 531 420 610 qui
442 535 490 590 ast
511 528 691 591 benedictus
713 530 744 588 in
765 528 886 606 secula,
904 527 1020 604 Amen,
1043 528 1094 606 qui

170 621 281 758 {tVItlcL
295 621 397 675 servat
423 613 455 673 in
477 619 652 690 aeternum,
685 611 837 686 Amenl).
880 611 973 671 Anno
993 609 1086 729 M.)

360 853 633 950 Protestatio
663 855 905 950 Reveraudi

194 1071 196 1075 ι
235 1032 334 1094 Patris
357 1031 480 1092 Martini
500 1029 623 1090 Lutireri
645 1029 861 1112 Angustiniani
883 1032 1033 1094 Vuittem·

485 1113 656 1194 bergensis¹
668 1121 727 1180 etc.
739 1113 783 1191 ²).

256 1231 335 1308 Quia
356 1230 435 1291 haec
456 1237 504 1291 est
525 1231 704 1310 theologica
722 1226 899 1312 disputatio,
922 1251 983 1312 quo
1005 1253 1096 1315 peca-

172 1317 267 1378 tioras
288 1314 398 1374 faciam
422 1314 553 1389 animos,
575 1313 658 1374 nudo
684 1313 898 1394 disputationis
916 1322 1002 1378 textu
1017 1316 1096 1378 forte

173 1397 325 1474 offensos,
370 1403 509 1477 repetam
546 1395 597 1456 hic
636 1395 737 1458 denuo
774 1399 1031 1478 protestationem
1064 1400 1095 1461 in

173 1480 288 1542 scholis
310 1478 376 1539 fieri
398 1479 530 1540 solitam.

255 1562 388 1623 Primum
411 1567 582 1643 protestor,
604 1581 654 1621 me
675 1580 799 1642 prorsus
822 1563 897 1624 nihil
919 1562 1022 1626 dicere
1044 1571 1097 1626 aut

173 1653 281 1708 tenere
302 1646 392 1720 velle,
415 1644 567 1725 nisiquod
589 1646 620 1705 in
643 1651 675 1705 et
696 1663 735 1704 ex
750 1644 844 1706 sacris
867 1647 963 1708 literis
984 1648 1095 1729 primo,

173 1729 285 1790 deinde
312 1729 528 1789 ecclesiasticis
556 1727 708 1809 panibus,
740 1729 779 1789 ab
796 1729 928 1791 ecclesia
955 1728 1098 1792 Romana

173 1812 315 1892 receptis,
336 1811 495 1891 hucusque
518 1811 657 1888 servatis,
679 1818 710 1871 et
732 1830 771 1871 ex
793 1813 962 1873 canonibus
986 1814 1024 1874 ac
1046 1815 1095 1877 de·

174 1895 338 1956 cretaiibus
358 1893 524 1975 pontificiis
546 1893 675 1956 habetur
697 1901 728 1954 et
748 1894 854 1955 haberi
866 1902 978 1976 potest.
1002 1890 1092 1979 Quod

174 1977 294 2058 siquid
316 1996 356 2038 ex
375 1978 413 2038 iis
435 1975 558 2056 probari
580 1976 631 2037 vel
651 1977 817 2057 improbari
838 1997 901 2039 non
924 1987 1040 2061 potest,
1061 1978 1091 2041 id

174 2062 273 2143 gratia
294 2060 509 2141 disputationis
532 2059 691 2137 duntaxat,
712 2079 769 2140 pro
783 2060 897 2121 iudicio
914 2063 1043 2123 rationis
1066 2068 1097 2123 et

175 2143 365 2224 experientia
387 2143 517 2220 tenebo,
537 2158 673 2221 'semper
694 2150 796 2203 tamen
819 2146 849 2203 in
874 2143 922 2205 his
944 2144 1032 2207 saivo
1054 2147 1097 2206 iu·

175 2226 257 2287 dicio
280 2228 416 2287 omnium
439 2227 630 2305 superiorum
653 2245 800 2286 meorum.
1041 2301 1044 2305 ἡ

257 2308 357 2368 Unum
379 2307 454 2367 iliud
487 2306 568 2369 addo
602 2316 633 2368 et
664 2308 736 2368 mihi
770 2308 902 2370 vendico
923 2311 991 2370 iure
1014 2309 1095 2373 Cirri-

174 2392 294 2452 stianae
315 2390 474 2468 libertatis,
497 2391 579 2471 qnod
603 2392 766 2470 opiniones
778 2390 811 2454 B.
825 2392 974 2470 Thomae,
996 2395 1096 2454 Bona·

175 2483 338 2553 venturae,
370 2481 423 2533 aut
444 2473 574 2536 aliorum
596 2473 850 2536 scholasticorum
884 2476 934 2536 vel
973 2479 1096 2538 eanoni-

174 2564 289 2618 starutn
309 2556 417 2634 nudas,
440 2558 506 2617 sine
530 2563 614 2617 textu
629 2563 660 2616 et
673 2556 857 2637 probatione
871 2560 1001 2639 positas,
1025 2559 1096 2621 voio

174 2659 230 2728 pro
254 2658 325 2700 meo
348 2639 472 2699 arbitrio
496 2640 626 2700 refutare
650 2640 699 2699 vel
721 2648 898 2720 acceptare,
929 2643 1096 2704 secundum

175 2722 336 2784 consilinm
369 2722 519 2796 Paniift:
553 2722 664 2783 Omnia
696 2724 840 2803 probate,
877 2726 958 2803 quod
983 2727 1095 2786 bonum

175 2812 223 2867 est
244 2813 357 2866 tenete.
400 2805 466 2865 Etsi
489 2806 553 2866 scio
577 2805 768 2885 quorundam
781 2806 1008 2868 Themistarum
1031 2829 1095 2869 san·

175 2891 316 2965 tentiam,
350 2887 519 2952 volentium
543 2887 576 2950 B.
599 2888 749 2949 Thornam
788 2889 826 2950 ab
859 2891 993 2950 ecclesia
1029 2911 1096 2952 essa

175 2990 193 3031 a
216 2971 377 3052 probatum
396 2973 426 3031 in
450 2970 608 3048 omnibus,
637 2978 760 3032 constat
780 2973 870 3051 satis,
893 2984 1040 3052 quantum
1064 2975 1096 3035 B.

223 3064 313 3115 ornae
346 3053 449 3114 valeat
469 3055 627 3116 autoritas.
680 3053 752 3133 Hac
776 3074 845 3116 mea.
873 3058 1097 3135 protestatione

177 3136 269 3196 eredo
292 3138 365 3197 satis
387 3136 580 3196 manifestum
612 3135 693 3225 deri,
727 3137 809 3217 quod
845 3158 946 3199 errare
974 3140 1096 3220 quidem

174 3225 295 3300 potero,
318 3218 373 3279 sed
396 3218 568 3279 haereticus
590 3238 652 3278 non
681 3239 752 3297 ero,
786 3222 1012 3301 quantumlibet
1041 3224 1095 3284 fre·

176 3312 260 3361 mant
283 3310 314 3362 et
335 3301 495 3361 tabescant
514 3304 544 3379 ii,
567 3304 617 3381 qui
639 3302 728 3362 aiiter
747 3306 881 3364 sentiunt
896 3302 1095 3388 vel‘cupinnt

590 3386 682 3446 Finis.
776 3422 788 3440 .

251 3560 280 3631 t)
304 3563 333 3614 ln
371 3562 412 3615 ed.
443 3561 494 3615 den
540 3561 662 3616 additum
701 3569 764 3616 ast:
802 3565 853 3617 Die
890 3566 916 3617 S.
947 3566 1097 3623 Trinitatis.

174 3630 298 3690 it‘Haec
329 3635 426 3686 verba:
466 3635 630 3688 Protestatio
663 3641 714 3688 etc.
745 3650 801 3688 non
832 3636 963 3706 leguntur
995 3641 1024 3691 in
1057 3638 1097 3695 ed.

174 3719 326 3845 pnnqffei.
346 3776 440 3831 Thess.
461 3778 486 3833 {t
