2356 4200
453 319 487 362 a·
499 301 568 364 lars
586 303 682 362 labin.
969 302 1031 370 221

109 492 178 539 mus
201 485 232 539 et
252 478 392 560 legamus
413 480 504 540 istam
528 478 701 559 speciosam
724 478 859 538 ninnium
884 477 1030 538 virtutum

108 563 240 622 formam
261 563 293 622 in
319 560 451 640 Christo,
474 569 546 622 sunt
565 563 648 622 enim
670 561 743 620 satis
766 559 854 620 claris
877 561 954 621 vivis
978 579 1029 621 ex·

109 647 227 725 pressis
254 645 362 706 litteris
390 653 422 705 et
451 647 475 704 si
499 646 545 704 nis
575 652 606 704 et
636 645 716 704 notis
746 643 835 704 nobis
857 642 981 722 depicta
1000 650 1034 715 at

108 729 281 808 proposita.
330 727 411 788 Nam
438 664 511 789 inde
536 729 629 805 venit
658 726 741 806 quod
764 734 869 786 nostm
892 733 1033 806 tempore

108 810 190 871 adeo
205 813 325 872 cantas
342 811 479 892 frigescit
499 818 530 870 et
553 812 652 871 omnis
675 811 770 870 virtus
789 808 1032 869 Christianorum

109 893 216 954 deficit
241 900 273 955 et
300 894 453 975 sapientia
482 895 639 971 minuitur,
674 890 811 971 fiuntque
832 891 978 952 tenebrae
999 898 1034 953 ut

108 978 140 1036 in
168 977 332 1058 Aegypto,¹
359 977 432 1056 quia
463 996 524 1037 non
557 978 616 1036 itur
637 974 678 1036 ad
699 975 830 1036 formam
859 975 953 1052 hano,
981 972 1033 1039 ubi

109 1059 251 1120 videmus
273 1067 312 1121 et=
326 1059 488 1140 donemur,
517 1059 573 1119 sed
595 1059 731 1129 venitin
761 1057 950 1120 oblivionem
977 1076 1035 1138 per

108 1150 218 1209 totum.
251 1142 329 1203 Nam
352 1144 431 1203 sicut
452 1142 538 1202 multi
562 1150 633 1203 sunt
649 1142 762 1201 tructus
781 1140 891 1201 Christi
914 1141 1032 1221 passio·

110 1245 183 1285 nem
206 1225 374 1287 meditandi
384 1249 403 1303 ,ι
430 1227 496 1285 sine
525 1225 619 1285 dubio
653 1243 708 1304 per
736 1225 920 1288 contrarium
943 1232 1033 1285 arunt

111 1308 234 1369 damna.
249 1310 395 1390 opposita
416 1308 671 1387 oblivescentinm
693 1326 771 1370 eam.
814 1307 906 1367 Tales
919 1307 1032 1368 finctus

109 1392 183 1453 ride
215 1392 287 1465 alibi
315 1393 347 1451 in
379 1392 495 1452 Roseto
524 1398 556 1451 et
586 1391 664 1450 aliis.
713 1390 889 1451 Notandum
919 1400 1032 1470 tamen,

110 1474 195 1554 quod
223 1494 298 1554 prae
327 1474 469 1535 omnibus
498 1475 648 1554 scriptura
668 1481 854 1534 nosmonet
875 1474 1032 1534 natitatem

109 1557 271 1618 attendere
306 1559 336 1617 in
367 1559 425 1618 ista
452 1559 607 1638 passione.
668 1556 745 1615 Nam
788 1558 958 1617 incarnatio
1001 1563 1034 1618 et

110 1642 216 1721 passio
244 1639 355 1701 Christi
378 1641 452 1700 licet
471 1639 514 1700 ad
533 1658 656 1700 omnem
679 1638 821 1699 affectum
843 1647 875 1699 et
895 1639 1032 1701 intellec-

110 1733 159 1783 tus
188 1722 390 1784 eruditionem
425 1721 515 1784 nobis
546 1720 801 1782 commendentur
831 1721 1032 1802 inspicienda,

110 1808 246 1866 maxime
267 1812 371 1867 tamen
393 1806 431 1866 ad
455 1806 613 1865 caritatem
635 1805 692 1865 Dei
714 1805 937 1885 inspiciendam
960 1806 1032 1887 cog-

111 1888 363 1969 noscendamque
391 1908 465 1969 erga
491 1907 548 1949 nos
576 1908 630 1967 per
653 1887 839 1968 &cripturam
868 1889 958 1949 nobis
980 1908 1032 1950 ex-

111 1971 234 2033 hibetur
264 1971 513 2052 contemplanda,
571 1972 622 2030 iiio
643 1971 712 2033 ich.
737 1976 768 2034 3:
813 1971 864 2032 Sic
885 1971 968 2031 Deus
991 1970 1034 2032 di-

111 2055 189 2115 lexit
209 2054 371 2132 mundam,
400 2062 445 2115 et:
467 2054 613 2114 Maiorem
637 2056 795 2114 satiantem
818 2072 908 2115 nemo
927 2054 1032 2134 habet,

110 2144 143 2198 et
173 2138 352 2217 apostolus:
382 2138 525 2217 -Propter
544 2137 668 2196 nimiam
691 2138 848 2197 caritatem
872 2156 973 2217 suam,
1000 2144 1033 2198 et

109 2221 150 2280 ad
182 2220 310 2283 (inlatas
339 2220 426 2280 dicit:
471 2219 529 2294 Qui
557 2220 665 2280 dilexit
691 2240 740 2279 me
764 2229 794 2280 et
820 2221 967 2297 restituit,
999 2229 1032 2280 et

109 2305 277 2364 ieremias:
321 2304 628 2383 Perpetua-caritate
657 2302 751 2363 dilexi
778 2313 818 2364 te.
869 2301 943 2363 Ideo
972 2304 1031 2364 iste

110 2387 239 2447 affectus
278 2388 411 2449 maxime
438 2388 469 2445 in
496 2386 550 2445 illa
578 2394 626 2445 est
652 2387 857 2464 exercendus,
889 2387 1030 2447 omnibus

111 2471 200 2530 malis
226 2477 258 2530 et
289 2469 536 2529 similitudinibus
557 2469 707 2529 fovendus
729 2470 777 2529 his
799 2470 974 2549 applicatis:
995 2478 1031 2531 -nt

109 2553 217 2634 tingite
239 2553 381 2631 divitem,
405 2552 555 2631 nobilem,
579 2553 763 2631 sapientem,
793 2560 950 2632 potentem
979 2554 1030 2614 lm·

112 2636 186 2696 bere
209 2655 302 2695 unum
324 2635 419 2694 tilium
446 2643 492 2704 (te
515 2637 596 2695 enim
609 2643 734 2716 oportet
744 2635 870 2696 induere
887 2635 1030 2699 affectum

110 2720 205 2799 patris
230 2727 261 2778 et
284 2717 406 2779 tandem
430 2716 483 2777 lilii
505 2720 587 2787 eius)
620 2728 651 2778 et
672 2726 746 2779 tunc
766 2718 953 2798 respondeat
974 2736 1030 2799 pro

110 2804 236 2862 inimico
258 2812 312 2862 tuo
334 2803 496 2882 ignorante
519 2802 568 2861 vel
588 2803 745 2861 nesciente
767 2810 873 2862 tetam
892 2802 1029 2883 diligero.

110 2885 221 2945 Solent
232 2885 373 2945 homines
385 2885 475 2944 lacile
491 2883 677 2963 exprobrare
693 2884 876 2945 beneficium
892 2886 1031 2965 ingratia

111 2987 114 2991 ·
195 2968 465 3029 Corollarium.
508 2968 600 3026 Tales
623 2967 838 3028 meditationes
862 2987 956 3047 saepe
974 2970 1029 3029 uti·

110 3051 203 3111 liores
226 3060 295 3110 sunt
318 3069 409 3130 quam
442 3051 599 3110 orationes
629 3059 661 3111 et
688 3053 893 3130 operationes.
937 3051 1028 3111 Ratio

110 3142 177 3212 est,
210 3136 280 3212 quia
304 3135 400 3214 magis
423 3131 584 3213 perficiunt
609 3133 769 3212 allectum,
799 3134 854 3194 sed
876 3152 944 3193 cum
967 3135 1029 3196 tale

111 3225 159 3276 est
179 3218 473 3297 praestantissimum
491 3218 637 3292 omnium,
654 3216 781 3277 affectus
797 3219 877 3277 enim
897 3224 929 3277 et
943 3236 1030 3278 amor

110 3302 140 3359 in
165 3300 262 3360 Deum
292 3302 396 3360 omnia
423 3301 541 3378 reliqna
567 3300 657 3360 facile
684 3301 791 3378 docet,
827 3302 899 3380 qnia
924 3302 1028 3361 unctio

84 3383 205 3444 --docet
226 3385 264 3443 de
287 3383 429 3443 omnibus
451 3384 527 3461 istis,
550 3383 603 3442 sed
627 3385 671 3443 sic
692 3387 795 3444 unctio
819 3392 944 3463 paratur
965 3391 1029 3445 tan·

111 3486 203 3545 qnam
220 3467 274 3526 tibi
289 3464 346 3525 soli
362 3466 438 3526 haec
451 3466 566 3544 fecerit,
587 3466 727 3527 meditari
745 3473 882 3547 oportet,
902 3475 936 3526 ut
956 3486 1029 3547 apo-

111 3550 209 3610 stolus
225 3559 256 3609 et
269 3550 302 3609 B.
318 3549 412 3629 Virgo
426 3557 457 3610 et
467 3548 591 3610 Simeon
604 3555 662 3609 eto.
687 3548 798 3624 Quiasi
809 3569 871 3611 non
884 3550 954 3629 tibi,
974 3550 1029 3612 sed

111 3633 180 3692 aliis
196 3633 309 3692 factum
326 3639 425 3712 putas,
444 3634 503 3691 iam
517 3634 636 3712 negasti
650 3652 729 3711 eum,
751 3635 824 3712 quia
836 3634 972 3714 signatus
995 3653 1029 3694 es

111 3734 200 3776 cruce
223 3717 287 3776 eius
310 3723 341 3774 et
362 3734 475 3775 nomen
498 3723 529 3776 et
551 3717 672 3796 signum
696 3718 760 3777 eius
783 3718 874 3797 geris.

172 3800 329 3862 Doctrina.
365 3798 522 3859 Meditatio
539 3800 693 3878 passionis
710 3801 775 3860 eius
785 3799 1030 3862 laudatissimum
