2356 4200
131 249 174 319 90
450 255 605 311 Sermones
624 256 736 313 Lutheri

130 426 261 506 quentis,
279 426 365 485 cuius
378 443 490 506 vesper
501 425 719 488 tenebrescens
735 432 782 487 est
801 428 972 489 serotinum
984 427 1052 491 sab·

129 509 224 586 bethi,
237 528 348 589 vesper
358 517 459 570 autem
472 509 632 570 lucescens
647 516 694 570 est
707 530 798 570 mane
811 511 871 571 diei
885 512 1051 589 sequentis.

129 592 1051 675 Ideodistinguitlucescensi.ematutiuumasenotinoprae·

129 675 260 736 cedente
281 677 361 754 ipso.
399 675 508 736 Marc:
532 675 631 737 Valde
657 696 756 737 mane.
785 676 874 738 Luc:
897 677 1051 739 Diluculo.

129 759 216 820 Joh.:
240 759 315 818 Oum
335 757 436 818 adbuc
458 759 604 821 tenebrae
620 766 733 822 essent.
766 760 940 820 Diluculum
959 759 1052 823 valde

129 862 229 920 mane,
243 861 354 921 vesper
367 841 538 919 lucescens,
558 861 627 902 cum
647 841 747 902 adhuc
768 842 914 904 tenebrae
936 849 1051 920 essent,

129 927 232 987 omnia
259 944 315 1004 pro
338 923 449 984 eodem
471 924 522 985 hic
543 933 717 1003 sumuntur,
748 925 803 985 sed
826 926 908 1004 quod
931 927 1051 987 Marcus

128 1010 186 1086 ait,
209 1015 277 1068 orto
299 1009 360 1068 iam
383 1007 468 1085 sole,
496 1008 624 1069 refertur
645 1008 684 1069 ad
706 1009 754 1086 id,
787 1009 869 1087 quod
893 1009 1051 1088 usquead

127 1092 299 1170 sepulcrum
331 1097 494 1168 venerant,
538 1092 677 1152 exierant
711 1099 813 1152 autem
845 1098 918 1153 ante
950 1098 1049 1153 ortum

127 1175 201 1235 solis
224 1175 396 1250 civitatem,
419 1173 473 1233 sed
508 1173 638 1234 eumad
675 1175 847 1254 sepulcrum
882 1176 1050 1253 venissent,

127 1264 211 1318 ortus
234 1262 282 1317 eet
305 1256 367 1333 sol,
396 1257 479 1316 unde
503 1257 592 1317 dicit:
628 1258 787 1318 Venerunt
808 1256 848 1317 ad
871 1277 1049 1318 monumen-

126 1347 189 1400 tum
224 1346 291 1399 orto
327 1341 389 1399 iam
425 1339 499 1399 sole.
560 1339 632 1401 Job.
660 1340 734 1400 dicit
767 1340 807 1401 de
841 1341 910 1401 sola
944 1342 1049 1421 Maria,

127 1424 198 1502 quia
225 1422 322 1482 multe
343 1424 490 1501 mysteria
511 1423 541 1482 in
564 1424 626 1483 isto
652 1423 781 1484 articulo
815 1425 927 1504 tangit,
957 1425 1049 1484 etiam

124 1505 196 1566 ideo
219 1506 292 1583 quia
312 1506 403 1565 latius
428 1505 560 1565 intendit
582 1505 621 1566 de
643 1525 680 1566 ee
709 1506 858 1584 scribere,
888 1525 979 1584 quam
1011 1506 1050 1568 de

125 1589 208 1665 aliis,
237 1588 309 1648 ideo
331 1589 435 1668 missis,
453 1588 514 1647 illis
536 1587 617 1648 hanc
643 1590 787 1667 assumit,
820 1597 851 1650 et
877 1609 933 1668 per
959 1594 1049 1669 gesta

126 1673 191 1732 eius
213 1691 282 1730 eam
306 1669 438 1730 deducit.
481 1672 603 1731 Matth.:
653 1671 694 1732 Et
722 1691 797 1732 ecce
824 1678 1048 1733 terraemotus

125 1756 222 1814 sactus
246 1761 294 1814 est
316 1773 456 1834 magnus.
499 1754 638 1834 Angelus
661 1761 764 1814 autem
781 1755 907 1814 Domini
921 1754 1049 1816 descen·

125 1837 169 1896 dit
191 1837 229 1896 de
252 1837 353 1914 coelo,
376 1843 407 1897 et
428 1838 581 1897 accedens
602 1837 734 1897 revolvit
754 1837 887 1917 lapidem
910 1845 942 1899 et
962 1838 1048 1899 sede·

124 1920 178 1980 bat
199 1940 291 1999 super
313 1939 393 1980 eum.
429 1919 504 1979 Erat
524 1919 689 1999 adspectus
709 1922 775 1980 eius
798 1922 876 1981 sicut
897 1921 1050 2000 fulguret

124 2004 309 2064 vestimenta
331 2003 397 2062 eius
420 2004 499 2062 sicut
519 2022 599 2078 nox,
627 2022 703 2082 prae
725 2005 834 2064 timore
856 2010 958 2064 autem
982 2005 1048 2064 eius

125 2087 261 2146 exterriti
293 2091 364 2144 sunt
397 2085 542 2145 custodes
571 2089 602 2146 et
630 2085 702 2148 facti
727 2091 798 2146 sunt
819 2086 905 2146 velut
927 2087 1048 2146 mortui.

124 2170 238 2229 Marc:
283 2167 420 2228 Veniunt
446 2167 484 2226 ad
518 2175 750 2228 monumentum
780 2176 848 2229 orto
878 2170 938 2229 iam
970 2170 1048 2229 sole.

125 2252 211 2311 Haec
232 2252 314 2310 sacta
335 2258 406 2309 suut
431 2257 503 2310 ente
524 2251 691 2311 adventum
714 2252 890 2325 mulierum,
913 2258 944 2312 et
964 2251 1048 2312 huno

125 2334 270 2414 angelum
287 2333 368 2394 forte
390 2340 421 2392 et
443 2333 586 2394 custodes
610 2333 766 2411 viderunt,
789 2343 842 2394 aut
862 2333 971 2395 saltem
993 2333 1047 2393 ful-

124 2436 231 2498 gorem
254 2417 331 2478 eius.
374 2415 434 2477 Ubi
455 2416 624 2494 sciendum,
646 2417 728 2496 quod
751 2418 809 2478 iste
832 2418 961 2497 angelus
984 2435 1047 2477 non

125 2499 238 2560 mansit
261 2498 372 2558 sedens
394 2517 486 2577 super
508 2498 658 2579 lapidem,
688 2498 743 2560 sed
763 2519 867 2561 rursus
890 2500 1048 2578 disparuit,

125 2582 226 2643 donec
248 2582 390 2641 mulieres
411 2582 594 2642 introierunt
615 2582 799 2661 sepulcrum.
831 2581 908 2642 Cum
921 2582 1050 2643 vidisset

124 2667 253 2742 sactum,
276 2670 307 2724 et
329 2672 401 2723 tune
422 2663 482 2723 illis
504 2664 688 2744 perturbatis
710 2685 813 2724 rursus
836 2666 993 2744 apparuit,
1015 2671 1049 2726 ut

124 2768 164 2808 ex
184 2747 268 2807 Luca
289 2747 461 2826 colligitur:
505 2747 546 2807 Et
565 2749 765 2827 respicientes
793 2747 952 2825 viderunt,
982 2754 1049 2809 erat

124 2832 239 2911 quippe
267 2849 396 2910 magnus
427 2829 526 2890 valde.
569 2830 658 2892 Luc:
697 2830 884 2890 Invenerunt
912 2829 1047 2910 lapidem

36 2943 39 2948 ·
123 2914 307 2974 revolutum.
350 2912 676 2974 Joh,:Sublatun1a
705 2921 915 2975 monumenta.
964 2912 1048 2974 Ecce

124 2997 174 3056 hic
195 2996 300 3073 habes,
323 2994 406 3074 quod
428 2996 572 3076 angelum
595 3015 657 3056 uon
676 2995 827 3073 viderunt,
847 3015 906 3056 nec
924 2995 1047 3056 invene·

123 3086 194 3139 runt
216 3078 375 3138 sedentem
398 3098 489 3158 super
510 3078 654 3157 lapidem.
698 3077 826 3139 Abierat
847 3080 928 3138 enim
946 3084 1047 3138 custo·
1099 3132 1101 3143 ,

124 3161 212 3222 dibus
235 3161 396 3222 deterritis.
429 3160 519 3223 Luc:
540 3161 581 3220 Et
601 3162 759 3240 ingressae
781 3180 844 3221 non
865 3163 1049 3221 invenerunt

124 3264 235 3324 corpus
256 3244 381 3304 Domini
402 3243 485 3306 deso.
530 3244 582 3304 Sic
603 3262 677 3325 ergo
700 3251 771 3303 sunt
791 3245 967 3324 ingressae,
990 3245 1048 3324 pri-

125 3348 206 3387 mum
229 3327 320 3386 nullis
343 3326 576 3405 apparentibus,
600 3333 630 3386 et
651 3325 729 3386 forte
753 3325 824 3386 dum
848 3326 892 3385 sic
915 3326 1046 3386 invicem

124 3409 325 3489 disputarent,
348 3427 480 3487 quonam
503 3410 704 3488 pervenisset.
746 3408 869 3469 Ethinc
883 3410 1047 3488 respicien-

125 3501 171 3552 tes
194 3501 314 3553 etcum
337 3493 527 3551 introcuntes
550 3492 661 3551 anxiae
683 3499 802 3571 essent,
825 3498 897 3551 tunc
916 3493 1046 3571 primum

125 3580 332 3656 apparuerunt
360 3575 404 3633 eis
435 3574 547 3656 angeli.
602 3574 693 3635 Unde
716 3574 789 3635 dicit
810 3581 930 3653 textus,
959 3574 1047 3635 Luc:

124 3659 165 3718 Et
186 3659 299 3718 sactum
323 3663 384 3735 est,
416 3657 489 3716 dum
511 3663 614 3718 mente
636 3664 853 3720 consternatae
876 3667 981 3720 essent
1008 3660 1048 3722 de

124 3743 183 3802 isto
206 3760 248 3804 sc.
271 3758 402 3820 corpore
425 3740 545 3820 ablato,
568 3741 653 3801 varia
674 3741 865 3821 suspicantes
887 3748 920 3802 et
940 3744 1047 3806 timen-
