2356 4200
27 277 28 280 ’
124 256 166 327 74
449 267 601 322 Sermones
618 263 728 322 Lutheri

127 433 180 513 ut,
201 440 234 495 ut
256 434 476 502 talleoneum
493 434 618 515 frigido,
641 433 951 516 albumeunnigro,
975 435 1048 496 diui

127 519 188 585 tiae
212 537 280 578 oum
303 524 500 598 peripertote,
530 538 638 579 sonum
662 537 735 577 oum>
753 519 1048 599 aegroeontendou

128 608 159 681 et
180 600 283 663 solum
304 622 345 671 eo
369 602 496 662 alterum
520 602 628 662 dieitur
650 602 720 679 tale,
744 604 821 680 quie.
835 604 1047 682 imperfeotum

125 690 176 746 eet
196 684 235 744 ed
260 685 359 763 aliud,
380 685 450 747 ideo
474 692 601 745 vocatur
624 686 701 760 tale,
731 685 858 763 quiete
879 687 1046 752 torennen-

124 788 197 845 eum
220 768 259 829 ab
283 788 360 846 uno,
391 788 574 829 conversum
601 768 647 829 ed,
666 769 771 846 eliud.;
788 768 854 829 ..sie
875 770 980 835 iuetue
994 789 1047 834 uo-

132 857 237 930 cetur,
271 871 334 912 non
356 852 407 930 qui
438 859 499 929 est,
534 851 588 911 sed
606 851 664 930 ,qui-
683 850 730 929 fit,
759 851 1047 929 .seoundum=;illud‚

126 935 225 997 iustus
256 934 437 1005 iustificetur
471 934 581 995 adhue.
629 935 705 995 Nom
736 937 837 997 omnis
871 943 982 996 motus.
1000 942 1049 1000 est

125 1019 237 1097 partim
261 1019 291 1080 iu
315 1020 444 1079 termino
469 1037 587 1096 equo,
620 1027 653 1079 et
681 1020 793 1097 partim
823 1019 861 1079 ed
878 1020 1048 1089 terminum

125 1101 168 1169 nel
188 1120 293 1180 quem‚
323 1103 402 1161 siout
428 1121 521 1181 aeger
551 1101 706 1161 sonandus
724 1108 782 1161 :est
802 1103 833 1160 in
856 1101 1047 1182 aegritudine

127 1184 319 1262 recedendo,
348 1185 463 1247 sedin
496 1185 627 1244 sanitate
655 1184 850 1261 accedendo,
879 1186 1048 1247 sie-inetur

126 1287 249 1346 semper
270 1276 318 1328 eet
339 1270 369 1327 in
393 1273 522 1346 peooeto
545 1267 625 1346 pede
654 1268 788 1329 sinistro·
806 1276 838 1327 et
863 1275 967 1328 vetere
994 1267 1048 1328 ho·

126 1352 218 1426 mine,
243 1357 275 1410 et
296 1352 438 1431 ingratia
460 1350 540 1430 pede
562 1351 681 1427 dextro,
704 1352 722 1412 i.
746 1370 772 1414 e.
796 1370 878 1411 novo
902 1347 1047 1412 homine:

126 1435 169 1494 ite
191 1453 314 1513 quoque
337 1442 368 1495 et
388 1436 417 1493 in
443 1437 551 1494 limone
572 1434 682 1495 inferni
707 1434 819 1509 servili,
842 1441 873 1493 et
893 1435 1047 1496 iu-timore

49 1520 59 1538 ²
126 1517 185 1581 Dei
207 1524 322 1578 ‚ennete
351 1519 450 1577 simul.
494 1517 613 1594 Quare,
649 1516 772 1596 quondo
807 1517 928 1594 dieitur,
964 1515 1048 1595 quod

129 1602 183 1678 oui
204 1602 291 1661 timet
318 1601 471 1661 infernum
491 1599 660 1660 descendet
679 1601 717 1658 ,in
745 1619 832 1672 enm,
859 1601 1047 1679 intelligitur

128 1684 167 1744 de
190 1704 240 1760 eo,
262 1687 312 1762 qui
336 1689 411 1763 p‘ure
427 1684 577 1744 serviliter
598 1684 684 1744 timet
706 1690 737 1742 et
759 1683 834 1743 nihil
852 1683 947 1744 eliud.
990 1683 1047 1743 Te·

129 1767 167 1827 lis
191 1774 292 1828 eutem
316 1775 365 1828 eet
388 1769 505 1845 omnis,
534 1768 586 1845 qui
612 1772 701 1826 extro
720 1767 850 1844 gratiam
873 1774 934 1842 eet,
966 1785 1047 1844 quoe

129 1850 197 1910 sole
217 1851 326 1929 inoipit
346 1851 485 1911 timorem
509 1857 647 1910 sonetum
670 1855 702 1909 et
723 1849 864 1910 servi-lem
879 1850 960 1909 fores
982 1849 1043 1908 mit'

128 1942 201 1994 tere.
246 1933 347 2010 Siout,
376 1934 513 2012 quinon
536 1933 633 1992 eredit
654 1931 885 2002 condemnetur,
907 1931 1047 2010 intelligi}

129 2017 235 2079 turdo
258 2037 306 2093 eo,
328 2018 379 2094 qui
403 2035 527 2095 prorsus
549 2035 613 2076 non
635 2015 747 2092 eredit·
763 2015 898 2093 alioquin
923 2022 954 2074 et
976 2033 1049 2092 opo·

131 2100 221 2160 stolis
243 2099 475 2175 dioitGhrietus,
498 2118 560 2159 non
584 2097 718 2175 creditis,
734 2099 811 2176 :quie
833 2117 892 2178 ego
915 2099 945 2156 in
958 2097 1049 2157 Petro

19 2208 22 2212 ·
131 2189 163 2243 et
184 2183 275 2243 Peter
302 2184 333 2241 in
363 2203 413 2241 me
434 2189 496 2256 est,
525 2183 705 2257 etiterum,
736 2180 858 2240 cretius
885 2182 917 2240 in
938 2181 1049 2254 Deum,

130 2272 161 2325 et
182 2268 212 2324 in
235 2285 284 2326 me
306 2265 436 2341 oredite,
467 2265 599 2343 denique
622 2264 781 2340 dixerunt,
807 2261 1049 2340 -adouge'nobie

129 2349 236 2424 tidem³
272 2354 470 2428 augmentum
500 2348 619 2408 soilioet
641 2353 771 2425 eoeplee
798 2346 869 2407 lidei
888 2353 1049 2426 petentes,

128 2432 197 2511 Ego
221 2439 324 2492 autem
346 2433 482 2510 optimus
506 2430 670 2510 theologus
693 2449 761 2489 eum
784 2429 893 2508 phoro,
915 2431 933 2487 i.
958 2449 985 2488 e.
1007 2430 1049 2488 in-

129 2520 291 2575 stantanen
320 2515 473 2574 inlusione
502 2515 619 2592 gratiae
649 2520 680 2574 et
708 2513 891 2590 expulsione
920 2511 1050 2591 peceati

129 2597 269 2658 intellexi
293 2597 390 2671 dioto,
423 2597 540 2656 scilieet
562 2598 634 2674 quie
657 2603 753 2656 totum
777 2601 937 2673 peceatum
961 2594 1050 2653 simul

133 2700 259 2760 prorsus
283 2681 503 2759 expelleretur,
533 2686 660 2758 totoque
681 2678 769 2738 simul
792 2678 891 2757 gretie
912 2677 1051 2736 insunole-

129 2768 224 2839 retur,
246 2768 279 2822 ut
291 2764 381 2824 etiam
396 2763 535 2823 nonnulli
552 2762 833 2841 metaphyeieontee
844 2761 946 2839 potius
959 2779 1050 2837 ouem

131 2847 377 2925 theologizantes
400 2846 519 2924 dieunt
543 2843 861 2925 gretiemeeouudum
886 2844 1050 2906 essentium

132 2950 219 2989 suern
246 2936 341 2988 totum
363 2929 497 3005 infundi,
520 2927 655 2989 nihilne
677 2947 768 2987 seusu
791 2925 942 3004 diepu103·
959 2925 1053 2985 verbe

15 3012 19 3019 '
132 3020 206 3072 sunt
227 3013 360 3090 pessime
383 3015 535 3073 senentio.
579 3011 630 3071 Sie
653 3011 733 3070 enim
757 3029 876 3088 sapere,
899 3010 958 3071 lroe
980 3007 1051 3085 quid

136 3102 182 3155 eet
203 3095 303 3171 aliud‚
327 3115 417 3174 quern
440 3095 689 3174 desperationem
713 3095 881 3168 monuere,
904 3101 935 3151 et
957 3091 1051 3151 infeli·

132 3197 198 3237 oem
214 3179 432 3239 oonsoientiern
450 3179 628 3255 inquietare.
672 3176 723 3236 sio
736 3177 822 3234 enim
837 3181 868 3234 et
881 3193 940 3253 ego
955 3192 1053 3253 prope

132 3260 171 3321 de
194 3261 262 3322 Deo
286 3268 319 3320 et
338 3261 483 3339 quioquid
505 3261 572 3338 ipse
594 3266 641 3318 est
663 3258 809 3322 ettebet
831 3258 1002 3335 desperavi.

215 3344 276 3404 Alii
299 3344 407 3422 itaque·
424 3351 457 3404 et
478 3343 576 3421 quenti
599 3349 679 3415 eunt,
702 3342 752 3420 qui
775 3342 1054 3418 nee-ipeeeeterne

133 3428 242 3487 timent
273 3446 401 3505 prorsus
432 3426 631 3485 vehementer
658 3427 687 3485 in
724 3425 855 3483 ceritate-
872 3422 1053 3493 eonion-teti,

132 3529 262 3588 quorum
287 3511 377 3573 timor
400 3520 448 3569 est
469 3516 604 3584 sanetus,
624 3527 687 3586 quo
707 3507 806 3566 solum
822 3507 920 3566 Deum
937 3507 1053 3566 timent.

133 3594 251 3672 Atque,
282 3599 314 3653 ut
340 3592 419 3671 dixi,
434 3591 659 3671 ,apostolorum
688 3597 785 3649 etetus
809 3590 910 3669 nrogis
932 3590 1053 3666 privile-

133 3678 198 3756 gio,
233 3695 324 3754 quern
347 3695 402 3734 usu
424 3677 482 3734 iste
505 3682 552 3734 est
574 3693 740 3733 conoessus
763 3673 970 3752 paucissimis,
1000 3693 1053 3750 po-

82 3820 87 3828 ,
134 3761 256 3838 tiusque
278 3757 367 3818 nobie
391 3766 533 3818 ostensus
557 3757 597 3819 ed
619 3762 748 3834 metum,
771 3775 869 3835 quemn
885 3756 1053 3834 apprehen·
