2356 4200
125 271 187 339 476
419 271 498 325 llsrt
516 269 595 324 Loth.
615 267 747 325 Dsisnsto

126 465 164 508 co
186 445 266 525 ipso,
288 462 350 523 quo
372 462 437 504 uon
452 442 631 521 compescit,
653 440 835 520 praesertim
858 459 922 502 non
947 439 1046 502 audita

123 535 212 610 parte
234 527 341 589 altera.
384 525 493 587 Certus
503 525 596 585 -euim
619 543 696 601 sum,
717 523 779 584 hoc
799 521 890 584 nolle
910 524 1011 603 ipsum
1031 543 1047 585 a

126 631 175 672 me
197 610 254 671 sibi
278 609 359 689 fieri,
393 607 475 689 quod
496 609 564 688 ipse
596 607 670 667 facit
692 606 775 669 mihi.
818 605 931 685 Neque
954 607 1047 687 patiar

125 714 194 756 sum
218 712 253 754 se
274 711 463 772 expurgare,
487 689 569 771 quod
592 709 693 751 meam
717 707 886 769 personam
914 709 979 750 nou
1003 689 1047 750 dc·

126 778 278 858 signatam
300 795 319 835 a
340 795 374 836 se
395 775 473 836 forte
495 774 586 834 dicet.
639 773 711 835 Non
743 773 826 833 enim
861 773 924 834 alio
947 773 1045 834 studio

127 878 239 921 nomen
271 877 371 918 merim
399 857 446 918 his
469 859 543 917 'suis
571 856 664 916 larvis
691 855 895 935 ineptissimis
925 857 1047 918 interae

125 944 223 1003 ruisse
256 940 338 1002 credi
368 946 488 1020 potest,
521 958 614 1019 quam
642 945 675 999 ut
707 939 785 999 haec
806 945 951 1003 monstra
980 939 1047 1000 mihi

125 1027 276 1100 inureret,
304 1029 405 1083 tantus
427 1030 476 1083 est
495 1022 613 1083 homini
635 1042 674 1084 ex
696 1020 863 1082 maledicta
885 1021 990 1103 gloria
1008 1023 1049 1082 in·

128 1107 229 1168 vidiae
250 1106 384 1167 morbus.

209 1189 310 1250 uredo
333 1194 436 1249 cutem
456 1187 614 1251 auditores
630 1206 716 1248 meos
733 1187 813 1248 forte
827 1186 959 1268 dixisse,
982 1207 1048 1249 con·

127 1273 230 1334 cilium
251 1271 397 1352 generale
427 1272 551 1349 saepius
573 1289 709 1348 errasse,
742 1276 773 1330 et
805 1289 910 1331 errare
947 1280 1047 1351 possa

127 1363 191 1418 tum
213 1353 297 1434 quod
318 1374 387 1415 rara
408 1360 479 1414 sunt
495 1354 628 1415 concilia
648 1353 701 1414 illa
721 1353 859 1434 legitime
883 1354 1048 1435 generalia,

127 1439 218 1519 quale
240 1438 391 1498 Niceuum
424 1437 494 1515 fnit,
523 1437 584 1498 hoc
606 1438 687 1496 eninr
717 1435 856 1497 dicentes
892 1438 1048 1498 verissime

128 1521 278 1584 dixerunt.
320 1521 363 1581 At
378 1519 423 1581 illi
445 1539 501 1600 pro
522 1521 694 1581 rusticitate
722 1538 778 1580 sue
810 1538 850 1601 cx
873 1519 1047 1599 particulari

128 1624 202 1665 mox
222 1603 391 1664 intulerunt
411 1602 633 1682 rmiversalem,
668 1621 760 1663 omne
781 1601 930 1664 videlicet
951 1603 1049 1664 couci·

127 1686 199 1747 lium
221 1686 419 1766 reprobatum
441 1692 643 1747 assumentes.
693 1684 762 1745 Hoc
793 1691 897 1746 aulem
921 1705 962 1746 co
981 1685 1048 1747 faci·

127 1768 186 1830 lius
208 1768 311 1845 credo,
334 1769 418 1847 quod
439 1768 536 1829 multa
559 1768 671 1829 similia
699 1767 771 1829 mihi
792 1768 831 1828 ab
854 1767 975 1829 eisdem
996 1770 1049 1829 im·

126 1857 218 1932 pacto
240 1858 318 1931 sum7
342 1871 412 1911 nam
436 1870 506 1914 cum
528 1850 672 1913 docerem
688 1869 783 1932 opera
798 1850 953 1929 quaedam
969 1851 1048 1912 boue

127 1935 209 1995 male
233 1934 314 2013 lieri,
336 1954 410 1996 mox
432 1934 582 1995 criminati
605 1940 691 2011 sunt,
720 1932 803 2013 quod
826 1934 935 1995 omnia
956 1953 1047 2016 opera

127 2017 210 2080 bona
232 2018 379 2098 negarim.
422 2017 463 2078 Et
497 2036 567 2077 oum
589 2016 719 2078 sanctos
751 2018 891 2078 invocari
920 2037 979 2097 pro
999 2036 1047 2098 pc

127 2101 218 2161 cunia
239 2108 270 2161 et
291 2120 324 2160 re
352 2100 514 2180 temporali
536 2119 643 2180 parum
670 2099 875 2160 Christianum
904 2119 977 2162 esso
997 2099 1049 2161 do·

127 2185 273 2259 cuissem‚
305 2184 407 2243 statim
429 2182 544 2243 invidia
577 2184 723 2262 magistra
755 2184 965 2261 lactaverunt,
1002 2202 1048 2244 me

127 2284 196 2326 cum
220 2265 379 2345 Pighardis
413 2285 527 2346 negare
550 2265 731 2326 Sanctorum
756 2265 916 2326 culturam.
961 2265 1047 2327 Adeo

126 2348 173 2408 his
195 2347 336 2407 Eccianis
369 2348 524 2428 theologis
548 2349 650 2429 placet
672 2368 757 2409 error
778 2354 809 2409 et
836 2349 947 2429 populi
968 2349 1048 2410 Chri·

127 2432 217 2491 stiani
240 2430 395 2506 seductio,
428 2438 462 2491 ut
484 2451 538 2492 eos
560 2449 616 2511 pro
639 2438 747 2493 ventre
769 2451 824 2492 suo
848 2451 911 2492 non
936 2432 1049 2513 pudeat

126 2516 217 2575 etiam
241 2525 365 2593 apertae
387 2515 507 2574 veritati
530 2515 682 2575 resistere.
711 2517 757 2574 lta
771 2515 936 2575 concilium
956 2513 1048 2595 quod·

126 2597 202 2659 libet
222 2597 328 2678 negari
350 2616 369 2656 a
391 2616 439 2656 mo
467 2598 670 2673 mentiuntur,
704 2598 755 2660 ubi
789 2597 917 2675 aliquod
957 2618 1047 2658 unum

126 2681 177 2740 vel
199 2699 317 2741 errasse
339 2679 387 2739 vel
406 2698 507 2739 errare
534 2699 627 2760 posse
655 2680 732 2740 dixi:
770 2680 854 2760 digni
884 2680 980 2760 plane
1009 2681 1049 2740 di-

49 2794 52 2798 *
127 2764 236 2844 scipuli
259 2762 353 2823 Eccio
378 2763 536 2843 magistro.

261 2961 462 3022 Articulus
485 2961 683 3023 secundus
707 2969 744 3022 et
765 2962 919 3022 tertius.

209 3089 324 3168 Papam
348 3091 474 3170 negavit
494 3091 641 3150 vicarium
664 3089 787 3151 Christi.

209 3172 331 3232 Petrum
354 3173 480 3252 negavit
501 3174 669 3253 principem
692 3171 918 3253 apostolorum.

208 3254 266 3315 llic
287 3254 367 3334 vide,
391 3274 508 3333 quaeso
530 3262 577 3334 te,
600 3257 713 3334 lector,
735 3275 774 3316 an
795 3254 924 3316 Eccium
949 3276 1050 3319 mcum

126 3335 241 3398 debeas
261 3338 441 3418 theologum
463 3358 501 3399 an
526 3339 696 3419 sophistam
719 3338 906 3400 existimare.

208 3421 342 3480 Primum
364 3421 535 3482 fraternalis
557 3421 673 3482 invidio
693 3420 839 3482 articulos
851 3440 915 3482 nou
930 3423 1052 3505 integre

125 3504 238 3582 posuit,
253 3505 401 3565 omittens
422 3502 503 3564 hanc
519 3511 639 3585 partem
664 3504 746 3576 (iure
768 3503 906 3583 divino),
927 3524 1004 3566 nam
1027 3505 1053 3566 si

125 3585 206 3646 hauc
227 3586 334 3666 addas,
358 3585 501 3647 catholici
523 3594 595 3648 sunt
615 3586 744 3647 articuli.

209 3667 271 3730 Sed
284 3669 369 3730 Eccii
389 3668 547 3730 videamus
562 3669 820 3732 inaestimabilem
842 3675 874 3729 et
895 3689 972 3732 vers
994 3669 1052 3732 Ec

125 3750 245 3813 cianam
267 3751 488 3834 eruditionem,
518 3772 678 3815 assumens
701 3753 783 3813 euim
805 3752 956 3815 articulos
979 3772 1052 3816 oon-
