2356 4200
306 254 403 304 contra
421 251 484 308 Mal(
501 250 621 309 tauma.
638 250 713 305 Eccii
732 250 821 305 Jndic.
1000 248 1061 333 491

136 445 157 486 e
177 422 310 491 sordidis
324 421 451 482 notariis
466 421 689 500 consarcinata,
711 421 860 483 deliniunt
880 442 937 503 pro
952 421 1057 500 Eccic,

136 525 216 587 quae
238 512 340 575 autem
361 523 380 564 c
401 504 502 565 ductis
523 503 735 585 pontificibus,
758 512 791 566 ut
811 505 959 589 Pelagio,
983 504 1057 567 Gre-

135 590 241 671 gorio,
263 593 400 649 etatuunt
421 606 477 668 pro
499 606 569 668 me,
604 593 638 648 ut
658 587 785 649 oetendi‘
802 589 834 649 in
855 587 1059 667 Reeplutlone

137 691 208 735 mea
230 689 406 733 novreermc.
548 714 559 747 ,-
578 714 590 747 ,,
780 726 784 733 ,

191 753 280 825 „Sed
303 761 342 816 et.
356 752 555 815 conciliorum
568 752 704 815 ‚nemina
724 755 850 834 recitat,
882 755 954 834 quia
983 754 1060 833 nihil

132 840 166 901 iu
188 838 225 899 iie
245 857 303 918 prc
322 855 380 897 eua
400 837 554 897 sententie
575 841 720 897 statutum
744 843 800 914 eet,
824 845 955 917 excepto
979 835 1058 899 0011-

134 922 312 1001 etantienei,
334 918 417 999 quod
439 925 542 981 tamen
564 919 614 980 hic
636 925 733 995 tecet,
756 921 828 999 quia
851 922 937 982 novit
958 927 990 981 at
1011 922 1055 1001 ip·
1115 934 1123 949 ‘

133 1024 203 1067 eum
225 1020 298 1066 aeae·
316 1002 456 1077 dubium,
471 1003 540 1063 -imo
563 1008 672 1063 contra
694 1022 738 1065 ee.
760 1001 829 1083 Ego
853 1022 909 1083 pro
933 1022 982 1064 me
1004 1003 1055 1064 he-

105 1118 110 1127 ·
137 1087 199 1153 beo
222 1086 373 1149 Nicenum
394 1093 426 1147 et
435 1085 623 1158 Africanum,
645 1086 708 1146 imo
731 1105 786 1146 aex
808 1087 907 1166 prima
927 1093 965 1155 et
980 1085 1059 1147 cela·

136 1170 280 1249 berrima,
302 1174 336 1230 ut
356 1170 386 1229 in
409 1168 624 1249 Disputaticne
646 1166 767 1249 Lipeica
787 1169 948 1231 videbitur.
976 1166 1059 1231 Nihil

133 1269 208 1335 ergo
232 1251 473 1333 quceritEcciue
496 1253 790 1313 nominumietorum
807 1252 941 1331 cantulo,
962 1269 1056 1331 quam

132 1344 167 1399 ιιι
188 1335 322 1398 lectcree
342 1320 455 1395 idiotae
478 1339 509 1395 et
529 1335 653 1413 ignaros
676 1335 859 1415 stupefaciat
887 1343 919 1396 et
938 1333 1056 1397 illudat.

217 1418 337 1494 Cetera,
359 1436 439 1497 quac
460 1417 500 1477 ad
515 1417 596 1476 hanc
612 1418 772 1479 materiam
789 1421 952 1497 pertinent,
973 1416 1056 1497 vide,

132 1504 240 1580 lector,
260 1503 293 1563 in
314 1499 526 1579 Resoluticne,
549 1505 582 1560 ut
602 1496 677 1578 dixi,
699 1501 878 1581 novissima,
900 1510 931 1565 ct
952 1499 1055 1581 dispu-

133 1586 206 1649 tatis
227 1585 358 1666 Lipsiae.

399 1738 601 1809 Atticulae
623 1717 799 1827 quartus.

131 1876 276 1941 Oenones
306 1877 383 1938 dixit
412 1876 567 1936 institutos
594 1881 722 1958 propter
753 1877 913 1937 avaritiam
947 1877 1058 1936 summi

132 1959 289 2044 pontificia
324 1966 355 2020 et
376 1958 504 2019 aliorum
526 1956 727 2038 pontificum,
757 1958 953 2039 quianullus
976 1965 1059 2018 eeeet

334 2060 423 2103 caena
444 2047 618 2101 reservatus
639 2042 706 2101 iure
729 2042 843 2103 divino.

212 2171 302 2232 Hunc
323 2188 485 2232 erroneum
505 2170 688 2249 probaturus
709 2168 820 2230 Ecciue
852 2168 950 2230 multe
981 2187 1054 2230 cou—

129 2256 296 2317 earcinavit
317 2274 357 2315 ex
378 2253 527 2313 Decretis.
548 2252 628 2313 Nam
650 2253 732 2332 apud
753 2253 880 2321 Eccium
910 2252 958 2314 iue
981 2251 1055 2313 divi·

128 2359 202 2400 num
230 2339 262 2399 in
283 2337 423 2398 Decretis
449 2335 589 2401 humanis
612 2335 740 2413 residet,
777 2334 860 2416 quod
892 2334 975 2415 apud
996 2354 1054 2396 noa

127 2425 160 2483 in
181 2421 277 2483 Sacra
297 2420 455 2500 Scriptura
475 2426 594 2499 regnat,
615 2418 698 2498 ideo,
720 2418 868 2499 quidquid
891 2418 935 2480 ibi
955 2417 1054 2480 blate-

129 2511 187 2582 rat,
210 2507 329 2568 omitto.
362 2501 485 2582 Optime
507 2503 592 2579 acic,
615 2520 679 2562 non
702 2521 771 2562 aeae
793 2508 960 2582 praecepta
980 2519 1053 2581 apc

128 2586 241 2649 etolica
268 2595 299 2648 et
326 2591 441 2647 statuta
468 2586 617 2646 maiorum
640 2584 883 2662 contemnenda,
916 2582 971 2645 eed
993 2584 1054 2645 hcc

129 2671 294 2750 quaeritur,
316 2690 355 2730 an
376 2670 442 2728 iure
466 2667 571 2741 divino
594 2668 633 2728 eit
653 2668 733 2729 ullue
751 2687 842 2729 ceene
863 2665 1057 2729 reservatae?

128 2752 198 2815 Hoc
218 2752 329 2814 Ecciua
350 2768 506 2831 nunquam
533 2749 686 2833 prpbabit.
720 2749 802 2826 Quia
829 2770 922 2831 supra
942 2749 1051 2830 proba-

128 2843 194 2896 tum
215 2844 271 2912 eet,
294 2837 459 2915 apieccpoe
481 2853 589 2897 omnes
613 2852 682 2895 esee
696 2834 842 2914 aequales
859 2835 925 2895 iure
938 2832 1053 2911 divino,

128 2936 223 2998 quare
245 2917 346 2981 nunus
366 2918 481 2996 peterit
502 2936 607 2985 caeam
629 2918 717 2978 alteri
739 2918 886 2997 excipere
914 2917 979 2977 iure
1010 2915 1053 2976 di·

126 3004 210 3084 vino,
231 3001 295 3061 imo
309 2996 377 3077 ¹n'ec
399 3000 564 3080 episcopua
587 2998 734 3080 plebane.
923 3066 926 3071 ,

165 3120 168 3126 -
210 3082 501 3163 Unde'tly'prienue
523 3081 642 3162 Epieta.
660 3086 693 3149 3.
715 3083 768 3147 lib.
792 3086 820 3149 1.
853 3079 1051 3163 reprehendit

127 3185 194 3243 ece,
216 3168 267 3246 qui
288 3166 362 3228 alibi
383 3165 638 3241 circumcursant,
662 3184 753 3245 quam
774 3167 806 3227 in
829 3165 962 3227 ecclesia
983 3183 1048 3244 aua,

125 3250 179 3312 ubi
202 3255 416 3329 peccaverunt,
438 3247 561 3311 dicens:
596 3246 673 3307 Oum
695 3256 842 3317 statutum
864 3250 904 3311 eit
924 3247 963 3309 ab
986 3266 1049 3324 om·

124 3331 215 3395 nibua
237 3332 343 3409 nobie,
379 3340 411 3393 at
432 3349 565 3410 aequum
593 3331 632 3390 eit
662 3330 777 3410 pariter
802 3338 835 3393 et
862 3332 994 3407 iuetum,
1017 3336 1051 3391 ut

125 3415 364 3494 uniuscuiusque
386 3413 564 3477 cauea-illic
585 3411 742 3490 audiatur,
773 3412 825 3475 ubi
858 3421 907 3475 eet
935 3414 1050 3475 crimen

126 3498 309 3576 admissum,
342 3504 373 3558 et
406 3492 532 3580 singulis
554 3495 728 3577 pastoribus
761 3496 863 3576 portio
886 3496 988 3577 gregia
1010 3497 1051 3557 eit

124 3581 291 3662 adecripta,
312 3580 719 3661 quamregatunueqniequa
740 3586 772 3639 ct
781 3577 940 3659 gubernet,
952 3596 1048 3658 epor-

124 3671 171 3729 tet
191 3667 295 3744 utique
317 3682 387 3742 ece,
421 3663 529 3743 quibus
554 3681 758 3744 praesumus,
783 3679 846 3723 nnn
867 3661 1048 3738 circumcun-¹

124 3766 204 3828 ecre,
225 3766 285 3808 nec
306 3747 522 3832 episcopcrum
543 3745 761 3808 cohaerentem
772 3742 974 3806 concordiam
995 3762 1051 3804 eua

151 3865 243 3908 ennon
256 3875 308 3915 opp.
324 3864 351 3907 v.
363 3865 392 3908 a
405 3865 435 3908 ιι
446 3862 488 3906 rec
500 3861 551 3910 tat
573 3863 591 3907 ι.
602 3873 626 3916 ρ.
642 3863 692 3908 vor.
705 3862 737 3907 m
842 3845 882 3909 32
