2356 4200
200 277 264 349 404
422 278 676 349 ιρριιιοοο
694 277 869 333 usuum

202 450 385 531 disputasse,
408 454 439 510 et
461 448 632 510 omniasub
648 447 776 529 pedibus
796 438 984 510 sanctissimi
1009 445 1118 507 domini

201 533 297 595 nostri
330 532 503 595 LeonisX.
534 531 779 628 subiecisse,ut
766 531 952 605 toccidat,
981 527 1119 608 vivificet,

200 614 356 696 reprobet,
377 613 539 696 approbet,
561 616 639 675 sicut
660 615 818 695 placuerit
862 613 1039 675 atrocem
1061 613 1120 674 ains

202 717 312 762 vocem
334 698 482 761 Obristi'
475 719 505 757 in
536 698 605 778 ipso
635 697 837 778 praesidentis
859 714 1045 778 agnoscam.
1085 695 1120 756 Et

117 792 119 797 '
200 781 337 864 legitime
358 787 514 862 protestor
535 801 585 841 me
607 780 683 841 nihil
703 780 806 841 dicere
829 788 883 841 aut
897 797 1012 860 sapere
1034 778 1120 858 velle,

202 864 283 946 qnod
313 883 376 926 non
411 865 442 924 in
473 871 565 924 etex
594 865 688 924 sacris
719 863 815 924 literis
850 870 882 924 et
903 860 1120 924 ecclesiasticis

199 947 338 1030 patribus
369 948 525 1027 sacrisque
558 947 727 1008 canonibus
749 946 873 1027 probari
895 953 1020 1028 potest,
1041 946 1119 1007 utin

200 1028 281 1093 libro
304 1029 542 1094 Resolutionum
565 1049 700 1090 mearum
726 1030 822 1091 viden
833 1036 948 1112 potest
994 1029 1042 1089 De
1063 1047 1121 1109 qno

201 1113 303 1176 denuo
325 1119 490 1195 protestor,
513 1113 593 1172 sicut
580 1113 689 1173 talias
711 1114 832 1256 saepius
858 1118 1052 1194 protestatus
1073 1111 1121 1172 fai

283 1196 401 1258 Idcirco
425 1217 444 1256 a
466 1195 604 1276 praefato
635 1197 828 1258 sanctissimo
858 1196 988 1257 domino
1018 1202 1121 1258 nostro

141 1328 144 1334 .
200 1280 294 1361 Papa,
317 1298 379 1340 non
403 1278 483 1340 bene
506 1278 681 1358 informato,
704 1281 830 1357 eiusque
852 1286 1023 1361 praetensa
1042 1297 1122 1340 conr-

200 1363 357 1442 missione,
379 1361 418 1422 ad
441 1361 608 1442 supradicti
629 1361 744 1423 domini
761 1362 975 1424 Procuratoris
997 1361 1122 1423 Fiscalis

200 1446 376 1506 instantiam
404 1449 456 1520 (ut
477 1446 674 1526 praefertur)
688 1447 824 1527 signata,
851 1465 888 1507 ac
909 1464 928 1506 a
950 1446 1122 1526 praetensio

199 1526 349 1603 indicibus
371 1533 403 1588 et
425 1529 572 1589 citatione
594 1528 783 1627 supradicta,
806 1548 843 1590 ac
864 1535 1034 1610 praetenso
1056 1547 1122 1610 pro

201 1629 300 1689 sessu,
323 1618 431 1671 contra
452 1631 502 1671 me
522 1612 652 1673 forsitan
664 1613 803 1673 instituto
824 1617 856 1673 et
869 1610 1122 1688 instituendo,et

201 1691 341 1755 omnibus
374 1693 447 1754 inde
480 1696 594 1756 secutis
633 1701 665 1754 et
700 1697 866 1773 secuturis,
912 1702 944 1756 et
985 1693 1122 1776 quolibet

199 1777 346 1856 ipsorum,
368 1795 426 1838 nec
447 1796 543 1838 nona
558 1777 697 1875 quolibet
710 1778 812 1840 futuro
825 1779 1018 1860 gravamine,
1040 1776 1121 1858 quod

199 1859 272 1920 mibi
293 1879 333 1921 ex
345 1878 383 1921 eo
397 1861 501 1923 venire
517 1861 640 1940 poterit,
620 1861 704 1921 tad
717 1862 944 1922 sanctissimum
963 1861 1121 1923 dominura

199 1943 231 2003 in
254 1941 376 2004 Christo
343 1948 532 2040 tpatrem,
554 1950 587 2003 et
574 1941 764 2005 tdominum
787 1942 939 2023 nostrum,
963 1943 1122 2006 dominum

131 2077 136 2083 ,
200 2024 347 2105 Leonem,
370 2022 474 2087 divina
494 2024 690 2106 providentia
712 2027 874 2124 papamll.
897 2027 1009 2089 melius
1031 2027 1121 2089 inler-

200 2109 344 2170 mandnm
367 2127 521 2205 provoco,
553 2116 584 2169 et
610 2109 764 2191 appello
755 2130 786 2170 ιιι
809 2110 856 2171 his
878 2112 1017 2191 scriptis,
1051 2129 1123 2192 apo·

200 2193 357 2273 stolosque
371 2186 480 2271 primo‘,
503 2191 639 2252 secundo
662 2200 693 2253 et
713 2195 814 2272 tertio,
831 2194 993 2274 instanter,
1010 2196 1121 2255 instan-

197 2277 268 2352 tiuS,
291 2275 551 2335 etinstantissime
568 2275 642 2335 mihi
665 2276 730 2336 dari
752 2283 834 2373 peto,
858 2277 975 2356 siquis
999 2278 1048 2356 sit,
1072 2279 1120 2373 qui

197 2358 270 2418 mihi
293 2357 366 2418 dare
392 2356 450 2417 hos
485 2358 616 2419 voluerit
604 2366 677 2419 tet
703 2361 851 2439 potnerit,
879 2367 911 2420 et
937 2360 1119 2440 praesertim

199 2461 218 2501 a
239 2441 339 2519 vobis,
362 2439 488 2501 domino
510 2440 656 2524 Notario,
691 2443 931 2520 testimoni,ales
953 2442 1119 2504 subiiciens

196 2545 246 2585 me
273 2524 409 2603 mihique
438 2491 656 2584 adhaerentes
673 2532 704 2586 et
725 2525 893 2586 adhaerere
925 2526 1071 2588 volentes
1091 2528 1119 2585 in

197 2608 243 2669 hia
271 2607 456 2688 protectioni
490 2626 527 2667 ac
568 2589 739 2669 defensioni
773 2609 902 2688 praefati
934 2610 1120 2670 sanctissimi

197 2691 314 2753 domini
336 2690 432 2750 nostri
454 2709 570 2770 papae,
600 2690 748 2751 melius
740 2692 946 2768 informati¹l
992 2692 1034 2753 Et
1055 2711 1121 2773 pro-

197 2782 295 2836 testor
322 2773 360 2835 de
389 2773 607 2852 prosequendo
640 2774 720 2834 hanc
749 2795 858 2839 meam
877 2775 1118 2855 appellationem

196 2858 258 2916 suis
280 2855 521 2937 temporibuset
509 2857 628 2917 tlocis
661 2859 804 2938 congruis
832 2878 888 2939 per
917 2859 999 2919 viam
1035 2858 1119 2919 nulli·

195 2940 266 2999 tatis
289 2946 320 3000 et
341 2938 427 3016 alias,
449 2946 541 3019 prout
562 2940 670 3000 melius
693 2948 813 3021 potero,
836 2942 953 3021 optime
978 2942 1054 3002 mihi
1078 2961 1119 3002 re·

197 3029 316 3082 servata
329 3021 424 3082 facul
412 3021 516 3095 tate²)
541 3022 683 3102 addendi,
700 3023 866 3097 minuendi,
880 3025 1035 3105 mutandi,
1058 3044 1119 3086 cor-

195 3104 323 3186 rigendi,
346 3105 405 3165 et
396 3123 427 3165 1n
452 3105 559 3164 melius
571 3105 766 3186 reformandi
791 3109 936 3187 omnique
959 3109 1057 3169 alio'
1049 3111 1119 3169 ruris

196 3187 348 3249 beneficio
372 3206 493 3267 semper
513 3189 611 3249 salvo.

196 3265 199 3272 ’
278 3270 376 3352 Super
405 3269 512 3350 quibus
547 3271 688 3333 omnibus
723 3280 753 3332 et
782 3273 909 3354 singulis
940 3252 1120 3354 praemissis

194 3354 381 3434 praelibatus
403 3354 589 3415 reverendus
612 3355 702 3415 Pater
720 3356 756 3418 D
773 3355 928 3417 Martinus
947 3357 1120 3434 Lntheriur,

195 3457 301 3499 sacrae
324 3436 501 3516 theologiae
523 3438 689 3517 professor,
713 3445 744 3500 et
755 3438 927 3520 appellans,
950 3440 1010 3501 sibi
1033 3462 1054 3502 a
1075 3461 1120 3501 me

194 3519 321 3582 Notario
355 3519 478 3600 publico
513 3520 591 3587 infra
628 3524 758 3604 scripto,
799 3523 870 3584 loco
905 3525 1119 3604 apostolorum

265 3703 294 3766 ι)
314 3703 345 3755 ln
364 3703 407 3760 ed.
424 3705 499 3760 lem:
516 3706 696 3761 informandi.
740 3705 772 3775 2)
794 3705 826 3758 ln
852 3706 894 3759 ed.
915 3710 1006 3775 princ.
1027 3707 1119 3762 deest:

189 3772 331 3831 facultate.
