<?xml version="1.0" encoding="UTF-8"?>
<!DOCTYPE html PUBLIC "-//W3C//DTD XHTML 1.0 Transitional//EN"
    "http://www.w3.org/TR/xhtml1/DTD/xhtml1-transitional.dtd">
<html xmlns="http://www.w3.org/1999/xhtml" xml:lang="en" lang="en">
 <head>
  <title>
</title>
<meta http-equiv="Content-Type" content="text/html;charset=utf-8" />
  <meta name='ocr-system' content='tesseract 3.04.00' />
  <meta name='ocr-capabilities' content='ocr_page ocr_carea ocr_par ocr_line ocrx_word'/>
</head>
<body>
  <div class='ocr_page' id='page_1' title='image "./dmartinilutheri01luthgoog_0786.png"; bbox 0 0 2356 4200; ppageno 0'>
   <div class='ocr_carea' id='block_1_1' title="bbox 384 281 1045 348">
    <p class='ocr_par' dir='ltr' id='par_1_1' title="bbox 384 281 1045 348">
     <span class='ocr_line' id='line_1_1' title="bbox 384 281 1045 348; baseline 0.003 -10"><span class='ocrx_word' id='word_1_1' title='bbox 384 283 417 339; x_wconf 88' lang='lat' dir='ltr'><strong>D.</strong></span> <span class='ocrx_word' id='word_1_2' title='bbox 434 285 515 340; x_wconf 72' lang='lat' dir='ltr'><strong>Hert.</strong></span> <span class='ocrx_word' id='word_1_3' title='bbox 533 283 646 345; x_wconf 66' lang='lat' dir='ltr'><strong>[rutheni</strong></span> <span class='ocrx_word' id='word_1_4' title='bbox 665 286 772 341; x_wconf 76' lang='lat' dir='ltr'><strong>concio.</strong></span> <span class='ocrx_word' id='word_1_5' title='bbox 941 330 944 339; x_wconf 93' lang='lat'><em>.</em></span> <span class='ocrx_word' id='word_1_6' title='bbox 983 281 1045 348; x_wconf 71' lang='lat'><strong>323</strong></span> 
     </span>
    </p>
   </div>
   <div class='ocr_carea' id='block_1_2' title="bbox 76 449 1099 3683">
    <p class='ocr_par' dir='ltr' id='par_1_2' title="bbox 122 449 1065 1445">
     <span class='ocr_line' id='line_1_2' title="bbox 123 449 1043 536; baseline 0.005 -27"><span class='ocrx_word' id='word_1_7' title='bbox 123 449 289 532; x_wconf 83' lang='lat' dir='ltr'><strong>mioidinm‚</strong></span> <span class='ocrx_word' id='word_1_8' title='bbox 311 455 496 535; x_wconf 74' lang='lat' dir='ltr'><strong>incendium,</strong></span> <span class='ocrx_word' id='word_1_9' title='bbox 518 454 713 536; x_wconf 71' lang='lat' dir='ltr'><strong>sacrilegium</strong></span> <span class='ocrx_word' id='word_1_10' title='bbox 732 461 794 516; x_wconf 81' lang='lat' dir='ltr'><strong>eto.</strong></span> <span class='ocrx_word' id='word_1_11' title='bbox 831 453 968 530; x_wconf 75' lang='lat' dir='ltr'><strong>Quorum</strong></span> <span class='ocrx_word' id='word_1_12' title='bbox 990 453 1043 514; x_wconf 78' lang='lat' dir='ltr'><strong>eii·</strong></span> 
     </span>
     <span class='ocr_line' id='line_1_3' title="bbox 122 533 1044 619; baseline 0.003 -26"><span class='ocrx_word' id='word_1_13' title='bbox 122 550 186 612; x_wconf 80' lang='lat' dir='ltr'><strong>quc</strong></span> <span class='ocrx_word' id='word_1_14' title='bbox 205 533 320 615; x_wconf 67' lang='lat' dir='ltr'><strong>plodio,</strong></span> <span class='ocrx_word' id='word_1_15' title='bbox 339 539 421 618; x_wconf 79' lang='lat' dir='ltr'><strong>igne,</strong></span> <span class='ocrx_word' id='word_1_16' title='bbox 444 557 534 619; x_wconf 72' lang='lat' dir='ltr'><strong>equo.</strong></span> <span class='ocrx_word' id='word_1_17' title='bbox 555 538 650 616; x_wconf 81' lang='lat' dir='ltr'><strong>furca,</strong></span> <span class='ocrx_word' id='word_1_18' title='bbox 666 544 735 599; x_wconf 79' lang='lat' dir='ltr'><strong>rote</strong></span> <span class='ocrx_word' id='word_1_19' title='bbox 750 536 865 618; x_wconf 75' lang='lat' dir='ltr'><strong>plectit,</strong></span> <span class='ocrx_word' id='word_1_20' title='bbox 887 536 960 595; x_wconf 91' lang='lat' dir='ltr'><strong>utin</strong></span> <span class='ocrx_word' id='word_1_21' title='bbox 975 536 1044 596; x_wconf 82' lang='lat' dir='ltr'><strong>inre</strong></span> 
     </span>
     <span class='ocr_line' id='line_1_4' title="bbox 123 616 1065 701; baseline 0.004 -26"><span class='ocrx_word' id='word_1_22' title='bbox 123 616 216 694; x_wconf 80' lang='lat' dir='ltr'><strong>cirili,</strong></span> <span class='ocrx_word' id='word_1_23' title='bbox 238 617 550 701; x_wconf 79' lang='lat' dir='ltr'><strong>eliquepoenitentie</strong></span> <span class='ocrx_word' id='word_1_24' title='bbox 570 623 730 698; x_wconf 78' lang='lat' dir='ltr'><strong>canonico,</strong></span> <span class='ocrx_word' id='word_1_25' title='bbox 753 628 785 681; x_wconf 90' lang='lat' dir='ltr'><strong>ut</strong></span> <span class='ocrx_word' id='word_1_26' title='bbox 805 619 962 700; x_wconf 74' lang='lat' dir='ltr'>simplices</span> <span class='ocrx_word' id='word_1_27' title='bbox 981 616 1065 680; x_wconf 79' lang='lat' dir='ltr'><strong>tor·-</strong></span> 
     </span>
     <span class='ocr_line' id='line_1_5' title="bbox 122 700 1007 782; baseline 0.003 -23"><span class='ocrx_word' id='word_1_28' title='bbox 122 700 294 761; x_wconf 84' lang='lat' dir='ltr'><strong>nicetionoe</strong></span> <span class='ocrx_word' id='word_1_29' title='bbox 315 708 347 763; x_wconf 88' lang='lat' dir='ltr'><strong>et</strong></span> <span class='ocrx_word' id='word_1_30' title='bbox 367 703 428 767; x_wconf 81' lang='lat' dir='ltr'><strong>elie</strong></span> <span class='ocrx_word' id='word_1_31' title='bbox 450 703 611 782; x_wconf 75' lang='lat' dir='ltr'><strong>quosdam,</strong></span> <span class='ocrx_word' id='word_1_32' title='bbox 633 710 666 764; x_wconf 91' lang='lat' dir='ltr'><strong>nt</strong></span> <span class='ocrx_word' id='word_1_33' title='bbox 687 703 806 764; x_wconf 78' lang='lat' dir='ltr'><strong>iri-iure</strong></span> <span class='ocrx_word' id='word_1_34' title='bbox 826 703 1007 766; x_wconf 77' lang='lat' dir='ltr'><strong>canonico·</strong></span> 
     </span>
     <span class='ocr_line' id='line_1_6' title="bbox 130 782 1042 866; baseline 0.007 -22"><span class='ocrx_word' id='word_1_35' title='bbox 130 824 157 838; x_wconf 79' lang='lat'><strong>·.</strong></span> <span class='ocrx_word' id='word_1_36' title='bbox 203 782 325 846; x_wconf 69' lang='lat' dir='ltr'><strong>iustitie</strong></span> <span class='ocrx_word' id='word_1_37' title='bbox 346 787 417 847; x_wconf 84' lang='lat' dir='ltr'><strong>huin</strong></span> <span class='ocrx_word' id='word_1_38' title='bbox 437 787 591 848; x_wconf 76' lang='lat' dir='ltr'><strong>contrarie</strong></span> <span class='ocrx_word' id='word_1_39' title='bbox 612 794 659 848; x_wconf 88' lang='lat' dir='ltr'><strong>est</strong></span> <span class='ocrx_word' id='word_1_40' title='bbox 679 787 732 846; x_wconf 86' lang='lat' dir='ltr'><strong>ille</strong></span> <span class='ocrx_word' id='word_1_41' title='bbox 753 786 872 866; x_wconf 85' lang='lat' dir='ltr'><strong>speeies</strong></span> <span class='ocrx_word' id='word_1_42' title='bbox 897 785 1042 862; x_wconf 72' lang='lat' dir='ltr'><strong>iustitiae,</strong></span> 
     </span>
     <span class='ocr_line' id='line_1_7' title="bbox 123 867 1043 953; baseline 0.005 -28"><span class='ocrx_word' id='word_1_43' title='bbox 123 883 212 945; x_wconf 86' lang='lat' dir='ltr'><strong>quse·</strong></span> <span class='ocrx_word' id='word_1_44' title='bbox 226 868 331 929; x_wconf 77' lang='lat' dir='ltr'><strong>simias</strong></span> <span class='ocrx_word' id='word_1_45' title='bbox 345 867 527 938; x_wconf 75' lang='lat' dir='ltr'><strong>Salomonis,</strong></span> <span class='ocrx_word' id='word_1_46' title='bbox 550 888 699 950; x_wconf 76' lang='lat' dir='ltr'>pavones,</span> <span class='ocrx_word' id='word_1_47' title='bbox 722 875 753 933; x_wconf 80' lang='lat' dir='ltr'><strong>et</strong></span> <span class='ocrx_word' id='word_1_48' title='bbox 765 885 947 953; x_wconf 81' lang='lat' dir='ltr'><strong>sycomoros</strong></span> <span class='ocrx_word' id='word_1_49' title='bbox 961 867 1043 930; x_wconf 77' lang='lat' dir='ltr'><strong>fecit</strong></span> 
     </span>
     <span class='ocr_line' id='line_1_8' title="bbox 124 945 1044 1030; baseline 0.003 -21"><span class='ocrx_word' id='word_1_50' title='bbox 124 945 195 1024; x_wconf 75' lang='lat' dir='ltr'><strong>Qun</strong></span> <span class='ocrx_word' id='word_1_51' title='bbox 215 946 266 1028; x_wconf 68' lang='lat' dir='ltr'><strong>fle,</strong></span> <span class='ocrx_word' id='word_1_52' title='bbox 299 958 333 1012; x_wconf 83' lang='lat' dir='ltr'><strong>ut</strong></span> <span class='ocrx_word' id='word_1_53' title='bbox 355 970 461 1014; x_wconf 79' lang='lat' dir='ltr'><strong>eorem</strong></span> <span class='ocrx_word' id='word_1_54' title='bbox 481 951 656 1013; x_wconf 83' lang='lat' dir='ltr'><strong>hominibus</strong></span> <span class='ocrx_word' id='word_1_55' title='bbox 680 951 778 1012; x_wconf 87' lang='lat' dir='ltr'><strong>bonus</strong></span> <span class='ocrx_word' id='word_1_56' title='bbox 800 952 846 1012; x_wconf 85' lang='lat' dir='ltr'><strong>vir</strong></span> <span class='ocrx_word' id='word_1_57' title='bbox 866 953 921 1030; x_wconf 79' lang='lat' dir='ltr'><strong>sit,</strong></span> <span class='ocrx_word' id='word_1_58' title='bbox 944 959 1044 1012; x_wconf 80' lang='lat' dir='ltr'><strong>etso-</strong></span> 
     </span>
     <span class='ocr_line' id='line_1_9' title="bbox 123 1031 1042 1115; baseline 0.002 -24"><span class='ocrx_word' id='word_1_59' title='bbox 123 1032 225 1092; x_wconf 79' lang='lat' dir='ltr'><strong>osseri</strong></span> <span class='ocrx_word' id='word_1_60' title='bbox 246 1051 310 1095; x_wconf 88' lang='lat' dir='ltr'><strong>non</strong></span> <span class='ocrx_word' id='word_1_61' title='bbox 332 1037 447 1115; x_wconf 85' lang='lat' dir='ltr'><strong>possit,</strong></span> <span class='ocrx_word' id='word_1_62' title='bbox 477 1033 649 1115; x_wconf 81' lang='lat' dir='ltr'><strong>evsdstqee</strong></span> <span class='ocrx_word' id='word_1_63' title='bbox 671 1031 788 1115; x_wconf 84' lang='lat' dir='ltr'><strong>poenes</strong></span> <span class='ocrx_word' id='word_1_64' title='bbox 810 1034 905 1115; x_wconf 84' lang='lat' dir='ltr'><strong>legis,</strong></span> <span class='ocrx_word' id='word_1_65' title='bbox 935 1048 1042 1094; x_wconf 76' lang='lat' dir='ltr'><strong>conse</strong></span> 
     </span>
     <span class='ocr_line' id='line_1_10' title="bbox 124 1116 1043 1199; baseline 0.002 -25"><span class='ocrx_word' id='word_1_66' title='bbox 124 1116 296 1194; x_wconf 76' lang='lat' dir='ltr'><strong>qn&#39;sturqne</strong></span> <span class='ocrx_word' id='word_1_67' title='bbox 330 1120 482 1197; x_wconf 87' lang='lat' dir='ltr'><strong>promisse</strong></span> <span class='ocrx_word' id='word_1_68' title='bbox 511 1116 694 1199; x_wconf 77' lang='lat' dir='ltr'><strong>temporalia</strong></span> <span class='ocrx_word' id='word_1_69' title='bbox 726 1117 814 1198; x_wconf 82' lang='lat' dir='ltr'><strong>legis.</strong></span> <span class='ocrx_word' id='word_1_70' title='bbox 868 1117 957 1177; x_wconf 80' lang='lat' dir='ltr'><strong>Rom.</strong></span> <span class='ocrx_word' id='word_1_71' title='bbox 988 1119 1043 1182; x_wconf 71' lang='lat'><strong>102</strong></span> 
     </span>
     <span class='ocr_line' id='line_1_11' title="bbox 123 1196 1044 1282; baseline 0.002 -26"><span class='ocrx_word' id='word_1_72' title='bbox 123 1196 228 1257; x_wconf 74' lang='lat' dir='ltr'><strong>riores</strong></span> <span class='ocrx_word' id='word_1_73' title='bbox 248 1200 386 1282; x_wconf 74' lang='lat' dir='ltr'><strong>scripsit,</strong></span> <span class='ocrx_word' id='word_1_74' title='bbox 414 1200 497 1280; x_wconf 88' lang='lat' dir='ltr'><strong>quod</strong></span> <span class='ocrx_word' id='word_1_75' title='bbox 529 1200 693 1278; x_wconf 70' lang='lat' dir='ltr'><strong>indidem,</strong></span> <span class='ocrx_word' id='word_1_76' title='bbox 722 1218 801 1280; x_wconf 88' lang='lat' dir='ltr'><strong>quee</strong></span> <span class='ocrx_word' id='word_1_77' title='bbox 830 1208 943 1260; x_wconf 85' lang='lat' dir='ltr'><strong>estex</strong></span> <span class='ocrx_word' id='word_1_78' title='bbox 965 1205 1044 1278; x_wconf 82' lang='lat' dir='ltr'><strong>lego,</strong></span> 
     </span>
     <span class='ocr_line' id='line_1_12' title="bbox 123 1280 1044 1366; baseline 0.004 -28"><span class='ocrx_word' id='word_1_79' title='bbox 123 1280 152 1339; x_wconf 88' lang='lat' dir='ltr'><strong>ei</strong></span> <span class='ocrx_word' id='word_1_80' title='bbox 173 1281 267 1342; x_wconf 83' lang='lat' dir='ltr'><strong>homo</strong></span> <span class='ocrx_word' id='word_1_81' title='bbox 290 1282 405 1361; x_wconf 84' lang='lat' dir='ltr'><strong>iecerit,</strong></span> <span class='ocrx_word' id='word_1_82' title='bbox 426 1285 509 1343; x_wconf 81' lang='lat' dir='ltr'><strong>vivet</strong></span> <span class='ocrx_word' id='word_1_83' title='bbox 529 1285 561 1343; x_wconf 92' lang='lat' dir='ltr'><strong>in</strong></span> <span class='ocrx_word' id='word_1_84' title='bbox 584 1300 631 1366; x_wconf 79' lang='lat' dir='ltr'><strong>eo,</strong></span> <span class='ocrx_word' id='word_1_85' title='bbox 655 1289 687 1343; x_wconf 91' lang='lat' dir='ltr'><strong>et</strong></span> <span class='ocrx_word' id='word_1_86' title='bbox 706 1282 788 1344; x_wconf 78' lang='lat' dir='ltr'><strong>Emi.</strong></span> <span class='ocrx_word' id='word_1_87' title='bbox 813 1286 846 1345; x_wconf 85' lang='lat'><strong>1:</strong></span> <span class='ocrx_word' id='word_1_88' title='bbox 873 1280 920 1343; x_wconf 70' lang='lat' dir='ltr'><strong>et</strong></span> <span class='ocrx_word' id='word_1_89' title='bbox 941 1281 1044 1343; x_wconf 61' lang='lat' dir='ltr'><strong>volus*</strong></span> 
     </span>
     <span class='ocr_line' id='line_1_13' title="bbox 123 1362 929 1445; baseline 0.005 -23"><span class='ocrx_word' id='word_1_90' title='bbox 123 1362 190 1422; x_wconf 82' lang='lat' dir='ltr'><strong>ritis</strong></span> <span class='ocrx_word' id='word_1_91' title='bbox 214 1368 244 1423; x_wconf 89' lang='lat' dir='ltr'><strong>et</strong></span> <span class='ocrx_word' id='word_1_92' title='bbox 265 1364 421 1426; x_wconf 75' lang='lat' dir='ltr'><strong>audieritis</strong></span> <span class='ocrx_word' id='word_1_93' title='bbox 444 1385 502 1445; x_wconf 83' lang='lat' dir='ltr'><strong>me,</strong></span> <span class='ocrx_word' id='word_1_94' title='bbox 521 1365 609 1426; x_wconf 80' lang='lat' dir='ltr'><strong>-bons</strong></span> <span class='ocrx_word' id='word_1_95' title='bbox 630 1372 729 1426; x_wconf 80' lang='lat' dir='ltr'><strong>terme</strong></span> <span class='ocrx_word' id='word_1_96' title='bbox 751 1363 929 1426; x_wconf 85' lang='lat' dir='ltr'><strong>comedetis.</strong></span> 
     </span>
    </p>

    <p class='ocr_par' dir='ltr' id='par_1_3' title="bbox 94 1445 1044 2272">
     <span class='ocr_line' id='line_1_14' title="bbox 207 1445 1044 1529; baseline 0 -22"><span class='ocrx_word' id='word_1_97' title='bbox 207 1445 290 1507; x_wconf 74' lang='lat' dir='ltr'><strong>&#39;liciis</strong></span> <span class='ocrx_word' id='word_1_98' title='bbox 312 1447 368 1510; x_wconf 85' lang='lat' dir='ltr'><strong>fuit</strong></span> <span class='ocrx_word' id='word_1_99' title='bbox 389 1447 647 1529; x_wconf 73' lang='lat' dir='ltr'><strong>Nesmenfiyrns‚</strong></span> <span class='ocrx_word' id='word_1_100' title='bbox 669 1449 714 1507; x_wconf 85' lang='lat' dir='ltr'><strong>vir</strong></span> <span class='ocrx_word' id='word_1_101' title='bbox 734 1466 866 1528; x_wconf 81' lang='lat' dir='ltr'><strong>magnus</strong></span> <span class='ocrx_word' id='word_1_102' title='bbox 887 1447 1044 1528; x_wconf 82' lang='lat' dir='ltr'><strong>apud-do·</strong></span> 
     </span>
     <span class='ocr_line' id='line_1_15' title="bbox 125 1528 1043 1611; baseline 0.001 -22"><span class='ocrx_word' id='word_1_103' title='bbox 125 1528 241 1589; x_wconf 79' lang='lat' dir='ltr'><strong>inicum</strong></span> <span class='ocrx_word' id='word_1_104' title='bbox 269 1549 376 1608; x_wconf 79' lang='lat' dir='ltr'><strong>sunm,</strong></span> <span class='ocrx_word' id='word_1_105' title='bbox 409 1550 465 1611; x_wconf 87' lang='lat' dir='ltr'><strong>per</strong></span> <span class='ocrx_word' id='word_1_106' title='bbox 496 1549 586 1611; x_wconf 89' lang='lat' dir='ltr'><strong>quern</strong></span> <span class='ocrx_word' id='word_1_107' title='bbox 609 1530 759 1591; x_wconf 81' lang='lat' dir='ltr'>Dominus</span> <span class='ocrx_word' id='word_1_108' title='bbox 790 1530 882 1592; x_wconf 81' lang='lat' dir='ltr'><strong>debet</strong></span> <span class='ocrx_word' id='word_1_109' title='bbox 913 1531 1043 1593; x_wconf 77' lang='lat' dir='ltr'><strong>salutern</strong></span> 
     </span>
     <span class='ocr_line' id='line_1_16' title="bbox 124 1610 1044 1695; baseline 0.002 -23"><span class='ocrx_word' id='word_1_110' title='bbox 124 1610 244 1692; x_wconf 64' lang='lat' dir='ltr'><strong>syme,</strong></span> <span class='ocrx_word' id='word_1_111' title='bbox 265 1614 286 1675; x_wconf 85' lang='grc'>4</span> <span class='ocrx_word' id='word_1_112' title='bbox 306 1613 384 1694; x_wconf 84' lang='lat' dir='ltr'><strong>ng.</strong></span> <span class='ocrx_word' id='word_1_113' title='bbox 404 1615 435 1678; x_wconf 80' lang='lat'><strong>5.</strong></span> <span class='ocrx_word' id='word_1_114' title='bbox 476 1613 568 1674; x_wconf 78' lang='lat' dir='ltr'><strong>&#39;Peles</strong></span> <span class='ocrx_word' id='word_1_115' title='bbox 591 1614 676 1674; x_wconf 84' lang='lat' dir='ltr'><strong>multi</strong></span> <span class='ocrx_word' id='word_1_116' title='bbox 697 1628 786 1695; x_wconf 79' lang='lat' dir='ltr'><strong>roges</strong></span> <span class='ocrx_word' id='word_1_117' title='bbox 808 1612 917 1691; x_wconf 73' lang='lat' dir='ltr'><strong>isreel,</strong></span> <span class='ocrx_word' id='word_1_118' title='bbox 940 1620 970 1674; x_wconf 88' lang='lat' dir='ltr'><strong>et</strong></span> <span class='ocrx_word' id='word_1_119' title='bbox 990 1630 1044 1694; x_wconf 91' lang='lat' dir='ltr'><strong>po·</strong></span> 
     </span>
     <span class='ocr_line' id='line_1_17' title="bbox 123 1692 1044 1776; baseline 0.003 -23"><span class='ocrx_word' id='word_1_120' title='bbox 123 1693 341 1774; x_wconf 76' lang='lat' dir='ltr'><strong>pules-isreel,</strong></span> <span class='ocrx_word' id='word_1_121' title='bbox 364 1696 635 1776; x_wconf 86' lang='lat' dir='ltr'><strong>quibusDornin&#39;us</strong></span> <span class='ocrx_word' id='word_1_122' title='bbox 657 1695 742 1766; x_wconf 77' lang='lat' dir='ltr'><strong>dedit</strong></span> <span class='ocrx_word' id='word_1_123' title='bbox 763 1692 1044 1776; x_wconf 63' lang='lat' dir='ltr'><strong>booe‘temporsiie</strong></span> 
     </span>
     <span class='ocr_line' id='line_1_18' title="bbox 125 1777 1043 1858; baseline 0.004 -22"><span class='ocrx_word' id='word_1_124' title='bbox 125 1783 163 1836; x_wconf 82' lang='lat' dir='ltr'><strong>et</strong></span> <span class='ocrx_word' id='word_1_125' title='bbox 179 1777 335 1841; x_wconf 79' lang='lat' dir='ltr'><strong>-victories</strong></span> <span class='ocrx_word' id='word_1_126' title='bbox 367 1779 493 1858; x_wconf 79' lang='lat' dir='ltr'><strong>multos,</strong></span> <span class='ocrx_word' id='word_1_127' title='bbox 527 1780 601 1840; x_wconf 86' lang='lat' dir='ltr'><strong>lieet</strong></span> <span class='ocrx_word' id='word_1_128' title='bbox 634 1785 738 1840; x_wconf 79' lang='lat' dir='ltr'>essent</span> <span class='ocrx_word' id='word_1_129' title='bbox 768 1780 855 1839; x_wconf 85' lang='lat' dir='ltr'><strong>inxte</strong></span> <span class='ocrx_word' id='word_1_130' title='bbox 884 1779 1043 1840; x_wconf 78' lang='lat' dir='ltr'><strong>idoistree.</strong></span> 
     </span>
     <span class='ocr_line' id='line_1_19' title="bbox 94 1858 1043 1941; baseline 0.002 -21"><span class='ocrx_word' id='word_1_131' title='bbox 94 1861 98 1868; x_wconf 85' lang='lat'>&#39;</span> <span class='ocrx_word' id='word_1_132' title='bbox 124 1858 219 1920; x_wconf 73' lang='lat' dir='ltr'><strong>{Peles</strong></span> <span class='ocrx_word' id='word_1_133' title='bbox 231 1859 424 1939; x_wconf 68' lang='lat' dir='ltr'><strong>Samaritani,</strong></span> <span class='ocrx_word' id='word_1_134' title='bbox 446 1881 466 1922; x_wconf 86' lang='lat' dir='ltr'><strong>s</strong></span> <span class='ocrx_word' id='word_1_135' title='bbox 487 1861 744 1941; x_wconf 70' lang='lat' dir='ltr'><strong>quibneebstuiit</strong></span> <span class='ocrx_word' id='word_1_136' title='bbox 754 1861 905 1922; x_wconf 83' lang='lat' dir='ltr'><strong>Dominus</strong></span> <span class='ocrx_word' id='word_1_137' title='bbox 928 1862 1043 1938; x_wconf 78' lang='lat' dir='ltr'><strong>leones,</strong></span> 
     </span>
     <span class='ocr_line' id='line_1_20' title="bbox 126 1942 1042 2024; baseline 0.003 -23"><span class='ocrx_word' id='word_1_138' title='bbox 126 1958 197 2002; x_wconf 87' lang='lat' dir='ltr'><strong>cnm</strong></span> <span class='ocrx_word' id='word_1_139' title='bbox 218 1949 321 2004; x_wconf 83' lang='lat' dir='ltr'><strong>temen</strong></span> <span class='ocrx_word' id='word_1_140' title='bbox 338 1943 424 2005; x_wconf 81' lang='lat' dir='ltr'><strong>idolo</strong></span> <span class='ocrx_word' id='word_1_141' title='bbox 445 1944 590 2024; x_wconf 63' lang='lat' dir='ltr'><strong>coierent7</strong></span> <span class='ocrx_word' id='word_1_142' title='bbox 612 1944 931 2006; x_wconf 83' lang='lat' dir='ltr'><strong>etDominancnm</strong></span> <span class='ocrx_word' id='word_1_143' title='bbox 944 1942 1042 2004; x_wconf 87' lang='lat' dir='ltr'><strong>simui.</strong></span> 
     </span>
     <span class='ocr_line' id='line_1_21' title="bbox 124 2024 1044 2110; baseline 0.001 -25"><span class='ocrx_word' id='word_1_144' title='bbox 124 2024 217 2086; x_wconf 76' lang='lat' dir='ltr'><strong>Teios</strong></span> <span class='ocrx_word' id='word_1_145' title='bbox 230 2025 361 2087; x_wconf 77' lang='lat' dir='ltr'><strong>Romani</strong></span> <span class='ocrx_word' id='word_1_146' title='bbox 381 2028 469 2088; x_wconf 85' lang='lat' dir='ltr'><strong>inxte</strong></span> <span class='ocrx_word' id='word_1_147' title='bbox 489 2028 523 2089; x_wconf 89' lang='lat' dir='ltr'><strong>B.</strong></span> <span class='ocrx_word' id='word_1_148' title='bbox 535 2029 740 2107; x_wconf 79' lang='lat' dir='ltr'><strong>Angustinnrn</strong></span> <span class='ocrx_word' id='word_1_149' title='bbox 762 2026 813 2089; x_wconf 88' lang='lat' dir='ltr'><strong>lib.</strong></span> <span class='ocrx_word' id='word_1_150' title='bbox 836 2024 957 2110; x_wconf 55' lang='lat' dir='ltr'><strong>etsist),</strong></span> <span class='ocrx_word' id='word_1_151' title='bbox 979 2027 1044 2106; x_wconf 90' lang='lat' dir='ltr'><strong>qni·</strong></span> 
     </span>
     <span class='ocr_line' id='line_1_22' title="bbox 126 2107 1042 2191; baseline 0.002 -24"><span class='ocrx_word' id='word_1_152' title='bbox 126 2107 344 2171; x_wconf 76' lang='lat' dir='ltr'><strong>busDominus</strong></span> <span class='ocrx_word' id='word_1_153' title='bbox 358 2109 440 2170; x_wconf 80' lang='lat' dir='ltr'><strong>dedit</strong></span> <span class='ocrx_word' id='word_1_154' title='bbox 457 2111 617 2191; x_wconf 85' lang='lat' dir='ltr'><strong>imperium</strong></span> <span class='ocrx_word' id='word_1_155' title='bbox 633 2110 864 2190; x_wconf 75' lang='lat' dir='ltr'><strong>amplissimum</strong></span> <span class='ocrx_word' id='word_1_156' title='bbox 888 2109 943 2170; x_wconf 72' lang='lat' dir='ltr'><strong>sie</strong></span> <span class='ocrx_word' id='word_1_157' title='bbox 963 2110 1042 2170; x_wconf 86' lang='lat' dir='ltr'><strong>solet</strong></span> 
     </span>
     <span class='ocr_line' id='line_1_23' title="bbox 126 2192 460 2272; baseline 0.005 -22"><span class='ocrx_word' id='word_1_158' title='bbox 126 2197 158 2251; x_wconf 86' lang='lat' dir='ltr'><strong>et</strong></span> <span class='ocrx_word' id='word_1_159' title='bbox 177 2192 331 2272; x_wconf 83' lang='lat' dir='ltr'><strong>principes</strong></span> <span class='ocrx_word' id='word_1_160' title='bbox 354 2192 460 2254; x_wconf 78' lang='lat' dir='ltr'><strong>ditare.</strong></span> 
     </span>
    </p>

    <p class='ocr_par' dir='ltr' id='par_1_4' title="bbox 76 2273 1099 2936">
     <span class='ocr_line' id='line_1_24' title="bbox 209 2273 1042 2356; baseline 0.001 -22"><span class='ocrx_word' id='word_1_161' title='bbox 209 2273 299 2335; x_wconf 81' lang='lat' dir='ltr'><strong>&#39;Peles</strong></span> <span class='ocrx_word' id='word_1_162' title='bbox 322 2294 418 2355; x_wconf 84' lang='lat' dir='ltr'><strong>usque</strong></span> <span class='ocrx_word' id='word_1_163' title='bbox 438 2274 625 2337; x_wconf 81' lang='lat' dir='ltr'><strong>hodie-sunt</strong></span> <span class='ocrx_word' id='word_1_164' title='bbox 651 2294 774 2355; x_wconf 85' lang='lat' dir='ltr'><strong>omnes,</strong></span> <span class='ocrx_word' id='word_1_165' title='bbox 806 2277 862 2356; x_wconf 89' lang='lat' dir='ltr'><strong>qui</strong></span> <span class='ocrx_word' id='word_1_166' title='bbox 881 2276 1042 2356; x_wconf 77' lang='lat' dir='ltr'><strong>poenitent</strong></span> 
     </span>
     <span class='ocr_line' id='line_1_25' title="bbox 124 2357 1099 2440; baseline -0.005 -22"><span class='ocrx_word' id='word_1_167' title='bbox 124 2363 251 2438; x_wconf 83' lang='lat' dir='ltr'><strong>propter</strong></span> <span class='ocrx_word' id='word_1_168' title='bbox 271 2365 399 2438; x_wconf 84' lang='lat' dir='ltr'><strong>pestem,</strong></span> <span class='ocrx_word' id='word_1_169' title='bbox 416 2358 541 2435; x_wconf 72' lang='lat' dir='ltr'><strong>domem,</strong></span> <span class='ocrx_word' id='word_1_170' title='bbox 564 2357 687 2436; x_wconf 76' lang='lat' dir='ltr'><strong>hedum,</strong></span> <span class='ocrx_word' id='word_1_171' title='bbox 708 2359 809 2420; x_wconf 82' lang='lat' dir='ltr'><strong>elieve</strong></span> <span class='ocrx_word' id='word_1_172' title='bbox 829 2358 953 2440; x_wconf 83' lang='lat' dir='ltr'><strong>flsgeiie</strong></span> <span class='ocrx_word' id='word_1_173' title='bbox 971 2358 1042 2436; x_wconf 78' lang='lat' dir='ltr'><strong>Dei,</strong></span> <span class='ocrx_word' id='word_1_174' title='bbox 1095 2409 1099 2413; x_wconf 84' lang='lat'>.</span> 
     </span>
     <span class='ocr_line' id='line_1_26' title="bbox 76 2440 1041 2522; baseline 0.003 -23"><span class='ocrx_word' id='word_1_175' title='bbox 76 2474 81 2488; x_wconf 68' lang='grc'><em>«</em></span> <span class='ocrx_word' id='word_1_176' title='bbox 124 2440 182 2518; x_wconf 77' lang='lat' dir='ltr'><strong>qni·</strong></span> <span class='ocrx_word' id='word_1_177' title='bbox 200 2446 387 2521; x_wconf 78' lang='lat' dir='ltr'><strong>mucorem,</strong></span> <span class='ocrx_word' id='word_1_178' title='bbox 409 2444 460 2521; x_wconf 88' lang='lat' dir='ltr'><strong>qni</strong></span> <span class='ocrx_word' id='word_1_179' title='bbox 471 2443 685 2522; x_wconf 84' lang='lat' dir='ltr'><strong>processiones</strong></span> <span class='ocrx_word' id='word_1_180' title='bbox 697 2441 820 2521; x_wconf 75' lang='lat' dir='ltr'><strong>fecium,</strong></span> <span class='ocrx_word' id='word_1_181' title='bbox 841 2453 915 2503; x_wconf 83' lang='lat' dir='ltr'><strong>vote</strong></span> <span class='ocrx_word' id='word_1_182' title='bbox 928 2441 1041 2502; x_wconf 79' lang='lat' dir='ltr'><strong>sanctis</strong></span> 
     </span>
     <span class='ocr_line' id='line_1_27' title="bbox 125 2524 1040 2604; baseline 0.002 -22"><span class='ocrx_word' id='word_1_183' title='bbox 125 2530 250 2587; x_wconf 84' lang='lat' dir='ltr'><strong>vovent.</strong></span> <span class='ocrx_word' id='word_1_184' title='bbox 302 2524 361 2584; x_wconf 88' lang='lat' dir='ltr'><strong>Hic</strong></span> <span class='ocrx_word' id='word_1_185' title='bbox 393 2525 527 2585; x_wconf 85' lang='lat' dir='ltr'><strong>cultores</strong></span> <span class='ocrx_word' id='word_1_186' title='bbox 560 2532 752 2604; x_wconf 74' lang='lat' dir='ltr'><strong>sanctornm,</strong></span> <span class='ocrx_word' id='word_1_187' title='bbox 788 2535 819 2585; x_wconf 88' lang='lat' dir='ltr'><strong>ct</strong></span> <span class='ocrx_word' id='word_1_188' title='bbox 854 2524 1040 2601; x_wconf 69' lang='lat' dir='ltr'><strong>sacerdotes,</strong></span> 
     </span>
     <span class='ocr_line' id='line_1_28' title="bbox 123 2607 1041 2688; baseline 0.002 -23"><span class='ocrx_word' id='word_1_189' title='bbox 123 2608 250 2686; x_wconf 76' lang='lat' dir='ltr'><strong>propior</strong></span> <span class='ocrx_word' id='word_1_190' title='bbox 270 2609 476 2686; x_wconf 75' lang='lat' dir='ltr'><strong>praesentiam</strong></span> <span class='ocrx_word' id='word_1_191' title='bbox 497 2609 674 2684; x_wconf 75' lang='lat' dir='ltr'><strong>servientes,</strong></span> <span class='ocrx_word' id='word_1_192' title='bbox 697 2615 727 2669; x_wconf 87' lang='lat' dir='ltr'><strong>et</strong></span> <span class='ocrx_word' id='word_1_193' title='bbox 739 2607 875 2688; x_wconf 81' lang='lat' dir='ltr'><strong>religiosi</strong></span> <span class='ocrx_word' id='word_1_194' title='bbox 893 2607 1041 2683; x_wconf 83' lang='lat' dir='ltr'><strong>similiter,</strong></span> 
     </span>
     <span class='ocr_line' id='line_1_29' title="bbox 124 2688 1041 2768; baseline 0 -19"><span class='ocrx_word' id='word_1_195' title='bbox 124 2693 157 2749; x_wconf 86' lang='lat' dir='ltr'><strong>ct</strong></span> <span class='ocrx_word' id='word_1_196' title='bbox 177 2689 230 2767; x_wconf 93' lang='lat' dir='ltr'><strong>qui</strong></span> <span class='ocrx_word' id='word_1_197' title='bbox 250 2688 324 2749; x_wconf 78' lang='lat' dir='ltr'><strong>telin</strong></span> <span class='ocrx_word' id='word_1_198' title='bbox 344 2690 455 2751; x_wconf 82' lang='lat' dir='ltr'><strong>similis</strong></span> <span class='ocrx_word' id='word_1_199' title='bbox 476 2691 571 2750; x_wconf 86' lang='lat' dir='ltr'><strong>multe</strong></span> <span class='ocrx_word' id='word_1_200' title='bbox 592 2691 716 2751; x_wconf 82' lang='lat' dir='ltr'><strong>iaciunt.</strong></span> <span class='ocrx_word' id='word_1_201' title='bbox 741 2689 782 2750; x_wconf 81' lang='lat' dir='ltr'><strong>Et</strong></span> <span class='ocrx_word' id='word_1_202' title='bbox 803 2689 942 2768; x_wconf 83' lang='lat' dir='ltr'><strong>breviter,</strong></span> <span class='ocrx_word' id='word_1_203' title='bbox 962 2690 1041 2750; x_wconf 79' lang='lat' dir='ltr'><strong>hseo</strong></span> 
     </span>
     <span class='ocr_line' id='line_1_30' title="bbox 124 2771 1040 2853; baseline 0.001 -22"><span class='ocrx_word' id='word_1_204' title='bbox 124 2772 316 2849; x_wconf 71' lang='lat' dir='ltr'><strong>scrinarios,</strong></span> <span class='ocrx_word' id='word_1_205' title='bbox 339 2790 418 2851; x_wconf 87' lang='lat' dir='ltr'><strong>queo</strong></span> <span class='ocrx_word' id='word_1_206' title='bbox 439 2774 548 2853; x_wconf 83' lang='lat' dir='ltr'><strong>recipit</strong></span> <span class='ocrx_word' id='word_1_207' title='bbox 566 2772 617 2834; x_wconf 91' lang='lat' dir='ltr'><strong>hic</strong></span> <span class='ocrx_word' id='word_1_208' title='bbox 638 2772 810 2835; x_wconf 80' lang='lat' dir='ltr'><strong>mercedem</strong></span> <span class='ocrx_word' id='word_1_209' title='bbox 832 2791 937 2849; x_wconf 83' lang='lat' dir='ltr'><strong>susm,</strong></span> <span class='ocrx_word' id='word_1_210' title='bbox 958 2779 990 2832; x_wconf 90' lang='lat' dir='ltr'><strong>et</strong></span> <span class='ocrx_word' id='word_1_211' title='bbox 1008 2771 1040 2832; x_wconf 91' lang='lat' dir='ltr'><strong>in</strong></span> 
     </span>
     <span class='ocr_line' id='line_1_31' title="bbox 124 2852 948 2936; baseline 0.001 -23"><span class='ocrx_word' id='word_1_212' title='bbox 124 2852 227 2914; x_wconf 77' lang='lat' dir='ltr'><strong>futuro</strong></span> <span class='ocrx_word' id='word_1_213' title='bbox 249 2855 349 2915; x_wconf 79' lang='lat' dir='ltr'><strong>mitius</strong></span> <span class='ocrx_word' id='word_1_214' title='bbox 371 2855 494 2934; x_wconf 86' lang='lat' dir='ltr'><strong>quidem</strong></span> <span class='ocrx_word' id='word_1_215' title='bbox 515 2857 648 2936; x_wconf 79' lang='lat' dir='ltr'><strong>punitur,</strong></span> <span class='ocrx_word' id='word_1_216' title='bbox 670 2873 770 2934; x_wconf 82' lang='lat' dir='ltr'><strong>quam·</strong></span> <span class='ocrx_word' id='word_1_217' title='bbox 785 2856 948 2917; x_wconf 85' lang='lat' dir='ltr'><strong>criminosi.</strong></span> 
     </span>
    </p>

    <p class='ocr_par' dir='ltr' id='par_1_5' title="bbox 82 2934 1091 3600">
     <span class='ocr_line' id='line_1_32' title="bbox 181 2934 1042 3017; baseline 0.002 -21"><span class='ocrx_word' id='word_1_218' title='bbox 181 2938 184 2943; x_wconf 82' lang='lat'>&#39;</span> <span class='ocrx_word' id='word_1_219' title='bbox 209 2934 351 2998; x_wconf 80' lang='lat' dir='ltr'><strong>Secundo</strong></span> <span class='ocrx_word' id='word_1_220' title='bbox 374 2955 435 2998; x_wconf 92' lang='lat' dir='ltr'><strong>non</strong></span> <span class='ocrx_word' id='word_1_221' title='bbox 448 2939 525 3017; x_wconf 86' lang='lat' dir='ltr'><strong>Deo,</strong></span> <span class='ocrx_word' id='word_1_222' title='bbox 547 2936 602 2998; x_wconf 88' lang='lat' dir='ltr'><strong>sed</strong></span> <span class='ocrx_word' id='word_1_223' title='bbox 623 2938 681 2997; x_wconf 91' lang='lat' dir='ltr'><strong>sibi</strong></span> <span class='ocrx_word' id='word_1_224' title='bbox 703 2938 805 3017; x_wconf 88' lang='lat' dir='ltr'><strong>servit,</strong></span> <span class='ocrx_word' id='word_1_225' title='bbox 827 2956 885 2998; x_wconf 86' lang='lat' dir='ltr'><strong>neo</strong></span> <span class='ocrx_word' id='word_1_226' title='bbox 905 2944 952 2998; x_wconf 84' lang='lat' dir='ltr'><strong>e&#39;st</strong></span> <span class='ocrx_word' id='word_1_227' title='bbox 967 2935 1042 2998; x_wconf 83' lang='lat' dir='ltr'><strong>fliio&#39;·</strong></span> 
     </span>
     <span class='ocr_line' id='line_1_33' title="bbox 124 3019 1080 3097; baseline 0.001 -18"><span class='ocrx_word' id='word_1_228' title='bbox 124 3038 209 3097; x_wconf 86' lang='lat' dir='ltr'><strong>rum,</strong></span> <span class='ocrx_word' id='word_1_229' title='bbox 240 3019 293 3080; x_wconf 89' lang='lat' dir='ltr'><strong>sed</strong></span> <span class='ocrx_word' id='word_1_230' title='bbox 315 3039 472 3082; x_wconf 86' lang='lat' dir='ltr'><strong>servornm</strong></span> <span class='ocrx_word' id='word_1_231' title='bbox 494 3021 624 3097; x_wconf 82' lang='lat' dir='ltr'><strong>iustitie,</strong></span> <span class='ocrx_word' id='word_1_232' title='bbox 651 3039 710 3081; x_wconf 88' lang='lat' dir='ltr'><strong>nec</strong></span> <span class='ocrx_word' id='word_1_233' title='bbox 731 3028 777 3080; x_wconf 89' lang='lat' dir='ltr'><strong>est</strong></span> <span class='ocrx_word' id='word_1_234' title='bbox 803 3021 1041 3081; x_wconf 65' lang='lat' dir='ltr'><strong>Christianorum</strong></span> <span class='ocrx_word' id='word_1_235' title='bbox 1074 3023 1080 3034; x_wconf 93' lang='lat'>&#39;</span> 
     </span>
     <span class='ocr_line' id='line_1_34' title="bbox 123 3102 1042 3182; baseline 0.002 -22"><span class='ocrx_word' id='word_1_236' title='bbox 123 3102 259 3182; x_wconf 86' lang='lat' dir='ltr'><strong>proprie,</strong></span> <span class='ocrx_word' id='word_1_237' title='bbox 282 3102 339 3163; x_wconf 85' lang='lat' dir='ltr'><strong>sed</strong></span> <span class='ocrx_word' id='word_1_238' title='bbox 357 3103 539 3163; x_wconf 84' lang='lat' dir='ltr'><strong>ludaeorum</strong></span> <span class='ocrx_word' id='word_1_239' title='bbox 562 3109 593 3162; x_wconf 89' lang='lat' dir='ltr'><strong>et</strong></span> <span class='ocrx_word' id='word_1_240' title='bbox 615 3103 782 3182; x_wconf 78' lang='lat' dir='ltr'><strong>gentilium,</strong></span> <span class='ocrx_word' id='word_1_241' title='bbox 805 3122 864 3164; x_wconf 89' lang='lat' dir='ltr'><strong>neo</strong></span> <span class='ocrx_word' id='word_1_242' title='bbox 880 3102 1042 3164; x_wconf 80' lang='lat' dir='ltr'><strong>Christiani</strong></span> 
     </span>
     <span class='ocr_line' id='line_1_35' title="bbox 123 3183 1091 3266; baseline 0.002 -20"><span class='ocrx_word' id='word_1_243' title='bbox 123 3183 165 3246; x_wconf 82' lang='lat' dir='ltr'><strong>ed</strong></span> <span class='ocrx_word' id='word_1_244' title='bbox 187 3202 256 3247; x_wconf 77' lang='lat' dir='ltr'><strong>sem</strong></span> <span class='ocrx_word' id='word_1_245' title='bbox 278 3193 348 3246; x_wconf 88' lang='lat' dir='ltr'><strong>sunt</strong></span> <span class='ocrx_word' id='word_1_246' title='bbox 369 3184 568 3261; x_wconf 74' lang='lat' dir='ltr'><strong>exhortandi,</strong></span> <span class='ocrx_word' id='word_1_247' title='bbox 600 3186 671 3265; x_wconf 78' lang='lat' dir='ltr'><strong>quie</strong></span> <span class='ocrx_word' id='word_1_248' title='bbox 699 3185 839 3266; x_wconf 83' lang='lat' dir='ltr'><strong>procedit</strong></span> <span class='ocrx_word' id='word_1_249' title='bbox 865 3204 906 3247; x_wconf 81' lang='lat' dir='ltr'><strong>ex</strong></span> <span class='ocrx_word' id='word_1_250' title='bbox 932 3188 1041 3251; x_wconf 80' lang='lat' dir='ltr'><strong>timore</strong></span> <span class='ocrx_word' id='word_1_251' title='bbox 1088 3243 1091 3248; x_wconf 76' lang='grc'>,</span> 
     </span>
     <span class='ocr_line' id='line_1_36' title="bbox 119 3267 1025 3348; baseline 0 -20"><span class='ocrx_word' id='word_1_252' title='bbox 119 3267 316 3348; x_wconf 70' lang='lat' dir='ltr'><strong>poeniteret</strong></span> <span class='ocrx_word' id='word_1_253' title='bbox 338 3286 444 3331; x_wconf 79' lang='lat' dir='ltr'><strong>amore</strong></span> <span class='ocrx_word' id='word_1_254' title='bbox 465 3267 621 3330; x_wconf 88' lang='lat' dir='ltr'><strong>commodi</strong></span> <span class='ocrx_word' id='word_1_255' title='bbox 643 3270 699 3346; x_wconf 87' lang='lat' dir='ltr'><strong>sui,</strong></span> <span class='ocrx_word' id='word_1_256' title='bbox 720 3286 784 3330; x_wconf 84' lang='lat' dir='ltr'><strong>ron</strong></span> <span class='ocrx_word' id='word_1_257' title='bbox 806 3286 912 3330; x_wconf 80' lang='lat' dir='ltr'><strong>ociore</strong></span> <span class='ocrx_word' id='word_1_258' title='bbox 933 3268 1025 3329; x_wconf 77' lang='lat' dir='ltr'><strong>Dei-3</strong></span> 
     </span>
     <span class='ocr_line' id='line_1_37' title="bbox 91 3349 1040 3434; baseline -0.005 -19"><span class='ocrx_word' id='word_1_259' title='bbox 91 3406 94 3415; x_wconf 94' lang='grc'><em>,</em></span> <span class='ocrx_word' id='word_1_260' title='bbox 206 3350 310 3411; x_wconf 77' lang='lat' dir='ltr'><strong>Tertio</strong></span> <span class='ocrx_word' id='word_1_261' title='bbox 331 3351 405 3412; x_wconf 80' lang='lat' dir='ltr'><strong>fecit</strong></span> <span class='ocrx_word' id='word_1_262' title='bbox 424 3352 601 3434; x_wconf 71' lang='lat' dir='ltr'><strong>hypocritas</strong></span> <span class='ocrx_word' id='word_1_263' title='bbox 632 3351 787 3432; x_wconf 84' lang='lat' dir='ltr'><strong>superbos</strong></span> <span class='ocrx_word' id='word_1_264' title='bbox 810 3361 912 3413; x_wconf 89' lang='lat' dir='ltr'><strong>mente</strong></span> <span class='ocrx_word' id='word_1_265' title='bbox 940 3349 1040 3412; x_wconf 89' lang='lat' dir='ltr'><strong>cordis</strong></span> 
     </span>
     <span class='ocr_line' id='line_1_38' title="bbox 82 3434 1040 3517; baseline 0.001 -24"><span class='ocrx_word' id='word_1_266' title='bbox 82 3491 89 3504; x_wconf 83' lang='grc'>,</span> <span class='ocrx_word' id='word_1_267' title='bbox 123 3435 182 3512; x_wconf 81' lang='lat' dir='ltr'><strong>eni,</strong></span> <span class='ocrx_word' id='word_1_268' title='bbox 204 3435 383 3495; x_wconf 86' lang='lat' dir='ltr'><strong>tememrios</strong></span> <span class='ocrx_word' id='word_1_269' title='bbox 403 3434 673 3514; x_wconf 84' lang='lat' dir='ltr'><strong>iudiceseiiornm,</strong></span> <span class='ocrx_word' id='word_1_270' title='bbox 694 3443 728 3497; x_wconf 87' lang='lat' dir='ltr'><strong>ut</strong></span> <span class='ocrx_word' id='word_1_271' title='bbox 738 3440 823 3517; x_wconf 82' lang='lat' dir='ltr'><strong>petet</strong></span> <span class='ocrx_word' id='word_1_272' title='bbox 832 3435 862 3495; x_wconf 91' lang='lat' dir='ltr'><strong>in</strong></span> <span class='ocrx_word' id='word_1_273' title='bbox 875 3434 1040 3495; x_wconf 80' lang='lat' dir='ltr'><strong>Pheriseeo</strong></span> 
     </span>
     <span class='ocr_line' id='line_1_39' title="bbox 122 3516 580 3600; baseline 0.011 -23"><span class='ocrx_word' id='word_1_274' title='bbox 122 3516 177 3577; x_wconf 91' lang='lat' dir='ltr'><strong>illo</strong></span> <span class='ocrx_word' id='word_1_275' title='bbox 201 3523 231 3576; x_wconf 88' lang='lat' dir='ltr'><strong>et</strong></span> <span class='ocrx_word' id='word_1_276' title='bbox 252 3516 377 3578; x_wconf 81' lang='lat' dir='ltr'><strong>Simone</strong></span> <span class='ocrx_word' id='word_1_277' title='bbox 398 3516 580 3600; x_wconf 79' lang='lat' dir='ltr'><strong>leproso*).</strong></span> 
     </span>
    </p>

    <p class='ocr_par' dir='ltr' id='par_1_6' title="bbox 118 3598 1040 3683">
     <span class='ocr_line' id='line_1_40' title="bbox 118 3598 1040 3683; baseline -0.004 -19"><span class='ocrx_word' id='word_1_278' title='bbox 118 3664 124 3679; x_wconf 67' lang='grc'><strong>,</strong></span> <span class='ocrx_word' id='word_1_279' title='bbox 208 3598 341 3679; x_wconf 75' lang='lat' dir='ltr'><strong>Quarto,</strong></span> <span class='ocrx_word' id='word_1_280' title='bbox 371 3599 453 3662; x_wconf 84' lang='lat' dir='ltr'><strong>hono</strong></span> <span class='ocrx_word' id='word_1_281' title='bbox 484 3599 645 3683; x_wconf 81' lang='lat' dir='ltr'><strong>apostolus</strong></span> <span class='ocrx_word' id='word_1_282' title='bbox 671 3599 813 3665; x_wconf 66' lang='lat' dir='ltr'><strong>darete}</strong></span> <span class='ocrx_word' id='word_1_283' title='bbox 846 3598 1040 3661; x_wconf 69' lang='lat' dir='ltr'><strong>maledictam</strong></span> 
     </span>
    </p>
   </div>
   <div class='ocr_carea' id='block_1_3' title="bbox 180 3734 893 3955">
    <p class='ocr_par' dir='ltr' id='par_1_7' title="bbox 180 3734 893 3955">
     <span class='ocr_line' id='line_1_41' title="bbox 180 3734 893 3850; baseline 0.008 -16"><span class='ocrx_word' id='word_1_284' title='bbox 180 3757 211 3850; x_wconf 79' lang='grc' dir='ltr'><strong>ι’)</strong></span> <span class='ocrx_word' id='word_1_285' title='bbox 233 3781 266 3834; x_wconf 87' lang='lat' dir='ltr'><strong>In</strong></span> <span class='ocrx_word' id='word_1_286' title='bbox 283 3781 420 3840; x_wconf 47' lang='lat' dir='ltr'><strong>err-sene</strong></span> <span class='ocrx_word' id='word_1_287' title='bbox 439 3780 487 3838; x_wconf 79' lang='lat' dir='ltr'><strong>nr.</strong></span> <span class='ocrx_word' id='word_1_288' title='bbox 507 3777 622 3840; x_wconf 65' lang='lat' dir='ltr'><strong>dene</strong></span> <span class='ocrx_word' id='word_1_289' title='bbox 659 3780 691 3850; x_wconf 85' lang='grc'><strong>·)</strong></span> <span class='ocrx_word' id='word_1_290' title='bbox 711 3781 776 3839; x_wconf 68' lang='lat' dir='ltr'><strong>rue.</strong></span> <span class='ocrx_word' id='word_1_291' title='bbox 795 3734 893 3840; x_wconf 60' lang='lat' dir='ltr'><strong>ress.¹</strong></span> 
     </span>
     <span class='ocr_line' id='line_1_42' title="bbox 679 3885 835 3955; baseline 0.019 -3"><span class='ocrx_word' id='word_1_292' title='bbox 679 3938 683 3945; x_wconf 94' lang='lat'>.</span> <span class='ocrx_word' id='word_1_293' title='bbox 763 3885 835 3955; x_wconf 70' lang='grc' dir='ltr'><strong>Ἃ*</strong></span> 
     </span>
    </p>
   </div>
   <div class='ocr_carea' id='block_1_4' title="bbox 0 0 1182 4200">
    <p class='ocr_par' dir='ltr' id='par_1_8' title="bbox 0 0 1182 4200">
     <span class='ocr_line' id='line_1_43' title="bbox 0 0 1182 4200; baseline 0 0"><span class='ocrx_word' id='word_1_294' title='bbox 0 0 1182 4200; x_wconf 95' lang='lat' dir='ltr'><strong> </strong></span> 
     </span>
    </p>
   </div>
  </div>
 </body>
</html>
