2356 4200
364 292 403 348 ιι
416 273 489 350 ιιι.
509 294 539 349 r.
556 291 624 350 ιιι
644 296 796 353 rasam
1007 292 1050 359 43

210 464 412 545 Respondeo:
436 466 545 545 Miror,
566 464 650 546 quod
672 484 736 527 non
758 465 866 528 eadam
888 485 984 547 opera
1005 485 1050 528 re·

129 550 275 611 conciliat
276 551 379 610 ionem
414 549 498 608 illam
529 549 660 629 intelligi
693 548 809 627 doces,
852 549 1049 629 alphabetum
1084 579 1085 584 ¹

128 650 272 714 graeoim
295 633 344 693 vel
367 632 525 711 ιιιιιιιιιιιι,
547 640 601 694 aut
621 632 736 775 aliquid
757 633 858 710 aliud‚
880 633 964 712 qnod
987 653 1049 694 non

127 715 319 799 significatur
340 715 375 775 lit
363 716 436 776 teris
457 722 489 776 et
510 716 678 812 syllabis
670 722 710 776 ist
710 717 746 779 is.
791 716 823 777 Si
844 718 904 777 ista
926 716 1051 778 licentia

126 801 294 880 improprie
316 798 464 878 loquendi
483 800 683 878 permittitur,
707 799 779 895 quid
802 799 835 877 ¹)
859 818 910 860 ms
929 801 1049 880 impug-

128 883 211 944 nas?
235 882 296 943 Gur
317 901 380 944 non
393 882 497 961 aliquo
521 901 612 943 seusu
627 883 795 962 improprio
817 902 868 943 me
890 902 964 944 vera
985 883 1049 944 din.

126 968 188 1026 'rese
210 965 324 1062 lingis?
368 965 430 1025 Gur
463 985 525 1026 non
549 967 684 1026 omnium
707 966 922 1026 haeresium
914 967 1050 1026 insanias

127 1069 188 1110 uno
213 1050 280 1109 sinu
291 1049 494 1145 suscipimus,
518 1050 722 1128 compserint
741 1049 1050 1111 eorumrerbevera

127 1132 208 1204 lieri,
241 1133 266 1191 si
288 1133 456 1211 improprie
477 1133 632 1211 accipiant
619 1132 687 1192 tur?
729 1132 789 1193 Ubi
818 1139 923 1194 manet
943 1132 1051 1212 regula

93 1211 203 1292 rina,
238 1214 321 1295 quod
349 1214 469 1275 doctori
505 1216 656 1275 ecclesiae
697 1217 796 1277 omnia
839 1217 1050 1296 improprieta-

128 1303 296 1376 (quantum
317 1296 456 1358 fierit
401 1303 490 1376 potes
492 1305 520 1369 t)
492 1299 683 1359 tvitauda
722 1299 790 1359 eal?
831 1299 873 1359 Et
901 1299 976 1359 illud
1005 1319 1049 1378 eu,-

124 1382 253 1462 pientis:
278 1380 336 1455 Qui
359 1381 457 1459 loquit
458 1401 493 1441 ur
514 1381 689 1460 sophistice,
713 1381 834 1442 odibilis
856 1382 921 1443 est?
942 1383 1050 1463 Rogas

126 1464 202 1526 dent
217 1465 291 1525 mihi
314 1465 357 1524 tui
377 1465 604 1543 impropriistae
625 1471 728 1525 tecum
751 1466 884 1542 veniam,
906 1467 933 1526 ιι
954 1465 1050 1527 verba

125 1555 229 1609 vestra
250 1567 313 1608 non
336 1547 381 1607 int
370 1547 545 1626 telligimus,
570 1554 684 1628 egoet
704 1549 847 1627 populus.
891 1548 1050 1608 Credimus

126 1633 207 1693 enim
221 1650 319 1692 vosu
321 1631 343 1692 ιι
300 1629 467 1692 utverbis
489 1649 546 1709 pro
562 1629 730 1708 intellectu,
752 1649 815 1692 non
832 1650 888 1712 pro
905 1632 1049 1693 illusione

126 1720 241 1776 nostra
273 1714 341 1774 Nisi
362 1714 470 1772 iterum
491 1713 597 1790 rediit,
629 1713 768 1791 quodB.
790 1715 1026 1794 Hieronymus'
1017 1734 1050 1774 ιιι
1093 1785 1095 1789 ,

124 1795 564 1874 Johaunellierosolynritano
577 1799 686 1874 arguit,
711 1797 837 1875 scilicet,
860 1798 943 1875 quod
965 1797 1050 1858 aliud

124 1881 292 1959 loquuntur
323 1879 516 1957 sacerdotes,
549 1879 631 1939 aliud
665 1880 793 1940 audiunt
780 1880 937 1960 ipopuli
981 1878 1048 1941 Vos

124 1971 228 2024 autem
251 1962 397 2026 dedita²l
422 1926 518 2041 opera²
539 1963 578 2022 ad
594 1964 856 2042 improprietatem
877 1964 994 2023 vertitis
1014 1964 1049 2035 ³)

124 2047 229 2124 rerba,
252 2054 284 2106 et
303 2046 365 2106 hoc
386 2047 478 2105 etiam
499 2047 542 2106 ita
562 2045 745 2122 defenditis,
770 2054 803 2106 ut
823 2046 954 2126 gloriam
976 2046 1049 2106 veli-

125 2131 164 2189 tis
183 2131 339 2190 meruisse

207 2210 257 2272 Ad
280 2213 466 2273 tricesimam
495 2219 634 2289 quartam
657 2211 733 2271 dicis
746 2211 860 2291 ,quod
883 2213 923 2271 sit
911 2211 1048 2271 t·haere

124 2297 196 2370 tica,
219 2297 291 2374 quia
312 2302 415 2375 negat,
439 2294 521 2373 quod
546 2315 629 2376 papa
648 2296 748 2374 possit
769 2313 893 2356 omnem
914 2313 1050 2374 poenam

125 2343 261 2439 abolere.

75 2491 76 2494 ¹
208 2461 452 2540 Respondeoet
470 2480 529 2540 ego
553 2480 608 2540 per
630 2460 692 2521 diet
680 2461 876 2522 tinctionem:
903 2432 1049 2521 Haeresia

125 2545 275 2632 accipitur
295 2564 358 2607 uno
381 2543 486 2622 modo,
509 2550 601 2640 prout
622 2550 670 2604 eat
691 2550 799 2604 contra
810 2563 973 2624 opiniones
995 2564 1049 2603 nu

125 2627 183 2689 das
205 2624 347 2688 Thomist
335 2635 448 2700 tarum,
472 2633 505 2687 et
528 2629 573 2687 sic
595 2633 642 2687 est
662 2626 834 2706 haeretica,
855 2627 918 2688 alio
943 2627 1048 2769 modo,

123 2718 218 2790 prout
239 2719 286 2771 est
308 2717 415 2771 contra
439 2671 535 2771 doct
500 2717 610 2771 trinam
631 2708 758 2770 fideii
725 2729 744 2770 e
746 2674 984 2785 tecoleeiae‚et
951 2711 1050 2770 esic

124 2800 174 2853 est
194 2793 358 2854 catholica.

209 2875 373 2951 Secundo,
399 2896 492 2955 spero
516 2874 599 2953 quod
622 2875 695 2935 mihi
717 2877 810 2936 etiarn
836 2895 900 2937 nou
922 2881 1048 2955 rogatus

127 2959 311 3102 coneedest',
326 2979 382 3040 per
404 2957 613 3038 indulgentias
636 2977 698 3018 non
721 2958 839 3018 aboleri
861 2965 989 3019 mortam
1019 2965 1050 3018 et

125 3048 206 3103 mor
206 3049 286 3102 ιι
290 3043 520 3122 tpericulaet
509 3039 687 3101 tinfinitas
710 3043 873 3120 passiones
893 3041 984 3100 huius
1006 3042 1048 3099 vi-

125 3133 184 3187 tae
228 3126 280 3185 Is
260 3131 298 3185 rs
316 3132 417 3186 antem
440 3122 634 3184 manentibus
663 3123 810 3202 obsecro,
840 3123 912 3203 quid
944 3125 1047 3204 magni

124 3209 284 3269 remittunt
304 3210 435 3286 veniae,
474 3206 597 3286 quando
618 3207 707 3267 reliot
695 3212 727 3267 ta
748 3209 854 3268 mortis
875 3225 980 3286 poena
1001 3227 1047 3266 sa·

124 3291 367 3351 tisfactiunculaa
388 3291 575 3370 temporales
596 3290 773 3350 remittunt?
794 3285 877 3351 Sed
900 3309 940 3350 ex
968 3308 1049 3349 mus·

125 3392 163 3434 aa
184 3375 387 3453 elephantem
421 3377 523 3435 facere
549 3373 680 3452 placuit
715 3375 830 3434 utinam
847 3392 914 3433 non
942 3391 1049 3433 amore

125 3457 277 3518 Amorrei.

339 3617 545 3628 ----..

124 3796 137 3846 t
154 3723 191 3846 ὲ)
210 3723 242 3774 In
261 3722 302 3775 ed.
323 3723 400 3776 lam:
420 3724 503 3791 quod.
540 3724 672 3789 2t1bid.:
692 3719 794 3778 debita.
832 3725 863 3790 3)
885 3723 969 3779 lain:
989 3740 1047 3776 ver·

137 3808 154 3846 a
176 3809 197 3847 s.
