2356 4200
386 283 420 341 de
438 286 539 339 virtute
555 284 801 356 indulgentiarum.
882 308 886 315 ⁴
985 280 1048 349 241

127 453 194 513 eive
215 471 278 514 non
299 459 393 531 erret,
415 453 470 514 sed
492 455 563 533 quia
585 453 725 518 creditur.
767 452 833 514 Nec
853 452 934 515 hanc
954 451 1048 516 iidem

127 542 231 616 potest
252 537 419 597 reservatio
442 554 567 598 casuum
590 536 748 618 impedire,
769 536 827 596 nisi
850 543 932 598 esset
954 537 1048 599 maui-

128 619 209 681 iesta
229 625 261 679 et
281 626 468 699 contempte

162 700 344 762 Proinde
366 701 445 799 dico,
466 702 561 763 homo
583 701 737 782 quando
728 721 759 762 ιιι
783 706 914 783 pecceto
930 706 986 781 est,
1009 702 1052 763 ita

128 776 261 845 uexatur
283 791 313 846 et
335 785 467 865 agitatur
488 785 677 846 conscientia
690 784 778 859 eius,
813 791 846 846 ut
873 801 931 847 auo
960 803 1052 847 sensu

129 867 233 948 potius
261 869 527 948 participationem
561 868 696 928 omnium
723 867 873 929 malorum
899 886 969 928 oeae
990 885 1053 928 ere

130 950 184 1010 dat
204 948 326 1021 habere.
369 951 410 1011 Et
431 950 499 1011 talis
520 951 613 1011 homo
637 957 718 1011 certe
738 952 898 1031 proximus
910 957 958 1011 eat
967 948 1052 1011 iusti·

130 1031 283 1112 iicationi,
316 1039 348 1094 et
373 1032 466 1095 habet
495 1034 615 1095 initium
636 1034 762 1113 gratim.
803 1032 877 1094 Ideo
899 1034 928 1095 ei
949 1032 1053 1094 coniu-

106 1115 275 1196 ,ςιιιιιιιιιιι
298 1123 345 1176 ιιι
366 1116 404 1177 ad
429 1117 572 1179 solatium
594 1115 736 1194 clavium,
759 1122 792 1176 ut
813 1115 937 1177 arbitrio
955 1134 1054 1177 sacer-

130 1197 212 1259 dotis
234 1199 403 1279 quietetur,
431 1206 462 1260 et
483 1217 591 1279 pacem
614 1198 766 1277 obtineat,
799 1207 891 1279 atque
909 1197 1052 1260 fiduciam

130 1290 338 1360 consequatur
361 1283 602 1363 participationis
624 1283 761 1342 omnium
779 1280 929 1343 bonorum
942 1279 1054 1342 Christi

131 1371 163 1425 et
190 1364 349 1426 ecclesiae.
398 1363 489 1439 Quod
523 1365 548 1425 ei
585 1365 651 1442 quis
678 1363 760 1425 hano
787 1365 1053 1445 participationem

131 1445 235 1508 officio
257 1446 426 1509 sacerdotis
450 1447 508 1508 sibi
529 1448 641 1508 iactam
656 1466 717 1506 non
742 1447 904 1508 crediderit
925 1456 979 1507 aut
1001 1446 1052 1507 dn-

131 1530 288 1609 bitaverit,
321 1548 383 1591 nou
412 1547 514 1591 errore
541 1529 653 1608 clavis,
681 1529 736 1590 sed
765 1548 838 1590 suae
866 1529 1053 1591 infidelitatis

130 1611 302 1691 seducitur,
333 1620 363 1673 et
393 1631 506 1709 magno
536 1611 648 1672 damno
680 1631 769 1672 suam
792 1613 925 1673 animam
947 1611 1051 1691 afficit,

130 1702 162 1756 et
181 1695 250 1756 Deo
273 1693 431 1774 verboque
452 1697 518 1757 eius
539 1695 678 1755 iniuriam
701 1703 793 1774 atque
815 1714 967 1756 summam
983 1696 1054 1755 irre·

131 1779 299 1838 verentium
320 1777 402 1838 iacit
443 1777 518 1839 Ideo
533 1777 627 1838 multo
645 1777 751 1838 melius
770 1784 825 1856 est,
840 1787 871 1839 ut
889 1796 951 1838 nou
964 1776 1056 1838 adeat

130 1859 170 1922 ad
193 1847 426 1939 absolutionem,
449 1863 474 1922 si
495 1879 558 1921 non
579 1859 684 1921 credat
705 1879 774 1921 sese
796 1859 933 1936 absolvi,
956 1877 1054 1940 quam

84 1945 157 2007 ssi
179 1945 245 2004 sine
266 1941 327 2004 fide
349 1942 486 2004 accedat.
528 1943 613 2004 Eicte
632 1943 713 2003 enim
732 1942 851 2005 accedit
868 1949 899 2003 et
909 1940 1054 2003 indimum
1154 2008 1162 2015 ..

130 2024 190 2086 sibi
212 2027 333 2107 accipit,
355 2044 418 2087 non
441 2044 542 2105 secus,
565 2044 657 2104 quam
679 2026 705 2085 si
726 2025 913 2107 baptismum
935 2024 984 2086 vei
1008 2044 1054 2086 aa·

130 2117 321 2171 aramentum
344 2109 433 2206 panis
455 2107 526 2169 flcte
547 2109 712 2189 acceperit.
745 2108 877 2169 Proinde
891 2125 953 2169 non
975 2106 1055 2169 edeo

131 2198 180 2253 est
208 2194 384 2253 necessarie
405 2192 564 2269 contritio,
592 2209 684 2269 quam
719 2190 805 2253 fides.
862 2191 1055 2271 incompara·

131 2274 231 2335 biliter
252 2275 333 2335 enim
355 2275 423 2355 plus
446 2273 487 2335 ibi
509 2275 706 2353 consequitur
737 2273 813 2335 fides
842 2272 1054 2352 absolutionis,

135 2376 228 2437 qnam
252 2357 352 2422 fervor
373 2357 573 2418 contritionis.

215 2439 254 2501 dt
279 2439 338 2500 hau
359 2439 419 2500 fide
441 2440 556 2501 omissa
582 2457 640 2499 nos
668 2438 789 2519 plurimi
821 2439 952 2501 solum
943 2459 974 2500 ιιι
996 2439 1055 2501 ior·

132 2521 253 2584 mendis
276 2522 508 2583 contritionibus
530 2521 725 2605 laboramus,
753 2528 787 2582 ut
808 2521 974 2584 doceamus
1001 2522 1054 2584 ho

132 2607 231 2667 mines
254 2612 327 2666 tunc
349 2603 505 2666 confidere
525 2606 654 2665 remissa
675 2615 819 2686 peccata,
843 2605 966 2684 quando
989 2624 1055 2666 seu·

132 2689 228 2748 serint
257 2707 326 2748 sese
354 2705 423 2750 esse
457 2688 593 2767 perfecte
625 2689 773 2749 contritos
809 2688 857 2767 (id
885 2695 947 2768 est,
982 2707 1056 2749 nun·
1133 2724 1138 2731 ·

132 2769 263 2851 quam¹)
298 2770 453 2832 confidere
480 2769 535 2831 sed
564 2771 663 2850 magis
686 2770 725 2831 ad
748 2770 992 2852 desperationem
1014 2770 1056 2831 la-

132 2852 259 2933 bordne)
285 2872 354 2913 oum
369 2855 536 2915 secundum
550 2853 732 2948 prophetam
742 2851 778 2936 ⁴¹)
793 2871 855 2914 non
868 2855 899 2914 in
919 2860 1056 2945 nostram

131 2937 362 3016 contritionem,
397 2935 512 2996 sedin
542 2935 669 2998 verbum
700 2937 765 2996 eius
794 2937 834 2996 sit
859 2920 1055 3017 sperandum

131 3019 240 3097 Neque
262 3021 343 3079 enim
371 3017 462 3079 dixit:
494 3018 612 3079 Memor
641 3024 709 3078 esto
745 3019 935 3080 contritionis
968 3037 1056 3081 meae
1153 3014 1163 3025 ”

131 3119 222 3162 ιιιιο
251 3108 321 3180 tuo,
352 3102 382 3161 in
405 3121 467 3181 qua
487 3100 560 3161 mihi
582 3119 668 3180 spem
692 3100 814 3172 dedisti,
851 3102 904 3163 aed
939 3120 1057 3163 memor

132 3192 199 3245 esto
223 3184 306 3244 verbi
329 3186 379 3256 tui,
402 3185 433 3244 in
456 3202 516 3263 quo
540 3183 612 3244 mihi
634 3202 720 3264 apem
739 3182 866 3264 dedisti3
887 3185 1056 3246 etiterum:
1128 3223 1132 3234 ι

130 3267 166 3328 Ιιι
188 3265 314 3327 verbnm
339 3274 422 3328 tuum
447 3272 525 3344 (non
548 3267 683 3364 utique
674 3285 705 3327 ιιι
728 3285 806 3365 opus
828 3274 984 3364 nostrpm)
1008 3287 1056 3329 su·

131 3349 329 3431 persperavi3
352 3355 382 3410 et
404 3350 529 3411 iterum:
552 3349 701 3412 Sustinuit
720 3352 823 3412 anima
837 3352 948 3411 meain
961 3349 1056 3412 verbo

131 3434 197 3494 eius
220 3438 279 3494 etc
290 3431 323 3510 ²)
347 3432 387 3492 Ει
415 3440 448 3493 ιιι
467 3433 579 3496 Psaim.
608 3437 657 3500 51
686 3434 718 3494 in
747 3433 869 3496 Ebraeo
899 3440 958 3494 eat:
986 3432 1054 3494 Tibi

184 3627 221 3688 ’1)
241 3626 270 3677 ln
292 3625 336 3679 ed.
354 3625 430 3678 dem:
449 3624 583 3678 nondum.
620 3621 653 3686 2)
674 3621 780 3676 Ibidem
798 3622 936 3691 pergitur:
965 3636 1057 3692 spera·

131 3701 173 3751 ιιι
193 3699 287 3750 anima
305 3712 369 3751 mea
386 3698 416 3750 in
433 3695 565 3750 Domino.

186 3766 216 3833 ‘t
235 3768 339 3822 Psalm.
360 3767 421 3824 119.
460 3768 521 3824 130.

158 3873 253 3916 numeri
266 3885 317 3928 opp.
331 3875 359 3919 V·
373 3871 401 3915 Α.
415 3872 445 3913 ad
456 3873 497 3915 ref.
511 3871 566 3914 hist.
580 3871 595 3912 i.
611 3880 633 3922 p.
647 3869 697 3913 vol.
706 3869 737 3910 11.
854 3870 897 3935 ις
