2356 4200
277 290 305 339 st
322 285 463 340 voluntate
481 285 603 339 hominis
622 286 684 338 alna
700 286 798 355 grstia
947 278 1011 349 287

100 479 116 501 ’-
171 456 306 517 Primum
327 463 428 538 patet,
450 456 522 536 quia
539 442 616 517 niun
631 456 804 538 propheta:
829 454 1011 517 ¹Laetantur

85 541 172 600 inte
195 550 319 617 amnes,
341 541 393 619 qui
415 547 539 619 sperant
559 541 590 600 in
612 546 642 600 te
665 546 696 600 et
715 537 926 621 gloriabuntur
947 544 1010 598 um}

86 642 143 683 nes
163 624 267 700 inte,
297 623 356 683 aed
374 624 492 682 'omnes
510 624 546 701 sii
577 624 628 702 qui
654 621 767 683 fideles
791 631 861 680 sunt
888 620 1010 701 uhnstu

89 705 286 786 passionibus
308 705 420 766 Christi
442 707 671 766 eommunieaut
692 714 723 766 at
744 704 917 782 abuudant3
942 714 1010 787 pat-

88 789 200 848 siuues
216 790 309 848 etiam
331 790 444 873 impiis,
465 806 524 848 aaa
546 797 648 849 tamen
671 792 845 869 operantur.
878 786 940 847 Sed
958 788 1009 867 qni

87 873 202 948 sciunt,
219 872 282 932 ubi
303 871 480 932 laetandum
507 878 547 932 et·
560 872 755 953 gloriandum
776 872 828 949 sit,
862 869 933 931 idea
956 880 1012 951 par

88 955 280 1035 sapientiam:
306 955 390 1014 hune·
411 972 499 1014 suam·
526 955 639 1015 inillis
662 974 724 1015 nun
746 957 917 1031 tristantur,
947 960 1009 1031 dun

87 1037 344 1114 andrunnun:
358 1056 423 1098 non
436 1039 653 1118 :impatientes
666 1037 757 1117 flunt,
789 1045 820 1097 et
841 1054 900 1097 neu
920 1035 1010 1097 ansa

87 1127 155 1183 taut
182 1122 525 1200 prospera-ineunda,
547 1122 690 1202 gloriosa.
707 1126 721 1159 ='
734 1120 794 1195 Qui
816 1121 960 1201 ignorant
980 1124 1013 1180 et

87 1205 201 1264 nolunt
221 1202 318 1282 doira,
352 1203 442 1283 quod·
457 1205 496 1263 iu·
518 1205 584 1264 Dea
613 1206 653 1264 sit
677 1203 916 1264 laetandumet
942 1201 1010 1283 glu-

86 1285 243 1364 tiendum,
265 1289 483 1366 tristantur‚'et
504 1287 794 1367 confunduntur,‹et
814 1286 1010 1366 impatientes

87 1369 174 1448 flunt,
196 1388 259 1429 nun
283 1371 354 1449 quia
370 1370 505 1430 adversa
521 1372 657 1449 ueniunt,
680 1377 711 1430 et
724 1370 840 1447 'tristia⁷
862 1368 917 1430 sed
939 1369 1012 1448 quin

88 1453 284 1513 venientibus
306 1454 344 1512 iia
365 1452 477 1512 affeetu
497 1472 553 1513 sun
576 1452 701 1514 nun-ad
723 1453 837 1531 Deum,
866 1452 921 1512 sed
939 1456 1011 1532 post

88 1535 223 1595 iuaunda
256 1543 288 1596 et
322 1554 471 1616 prospera
497 1536 698 1616 adspectant3
722 1535 802 1596 ‘ideo
831 1535 950 1615 lugiunt
980 1538 1012 1596 et

89 1616 224 1699 effugere
252 1636 315 1679 nan
343 1621 588 1699 pneuma-qula
615 1638 677 1679 nou
699 1619 846 1700 tugiuntp
865 1634 946 1696 quae
966 1617 1010 1677 dr-

89 1701 204 1782 gianda
231 1710 328 1763 arant.
360 1703 434 1762 ¹llio
458 1703 571 1762 Esaiae
603 1702 696 1762 XXX.
707 1723 719 1762 τ·
745 1702 801 1779 “ln
830 1701 951 1761 'silentio
980 1704 1012 1760 et

89 1804 144 1865 spa
173 1786 233 1845 erit
258 1784 405 1845 fortitudo
428 1793 550 1863 nostrn3
578 1795 609 1845 et
635 1785 776 1844 dixistis:
805 1796 1010 1863 naquaquam,

89 1868 143 1928 aad
170 1867 210 1928 ad
233 1886 330 1949 equos
350 1868 511 1948 fugiemus,
533 1869 605 1929 ideo
629 1868 751 1947 fugietis
775 1875 806 1928 et
822 1867 1011 1947 fugabiminl5

90 1958 121 2011 et
142 1950 317 2011 veloeiures
339 1953 510 2030 erunt-qni
532 1959 701 2030 sequuntur
719 1958 786 2011 uos.
814 1950 909 2032 Igitur
921 1949 1011 2029 eulpa

89 2034 180 2093 huius
202 2034 343 2094 tristitiae
366 2041 414 2094 est
433 2034 561 2094 effeetus
584 2034 718 2095 laetitiae
741 2041 771 2094 et
792 2034 925 2114 gloriae,
949 2033 1012 2112 qut:

90 2117 146 2177 bus
176 2117 202 2175 si
238 2135 301 2177 non
340 2116 442 2176 esset'
463 2118 670 2198 agglutinatus
708 2117 909 2177 adversitates
936 2114 1012 2177 niun

87 2219 120 2260 re
144 2206 253 2259 utaret.
714 2212 717 2217 ‘
1006 2208 1009 2213 '

123 2220 141 2280 p
171 2282 348 2343 Seurrndum
371 2283 509 2343 similiter
529 2289 624 2362 patet,
646 2283 727 2360 quod
751 2282 837 2342 multi
856 2288 888 2341 et
908 2281 1013 2362 magni

88 2374 271 2446 peteatoras
301 2365 378 2424 salvi
408 2366 480 2425 faeti
516 2375 603 2442 sunt,
641 2367 691 2444 qui
726 2365 801 2425 salvi
836 2366 907 2425 fanti
948 2382 1012 2430 nun

89 2457 210 2524 essent,
255 2449 279 2507 si
315 2449 476 2508 multitudo
512 2456 708 2527 peecatorum
748 2455 926 2528 operaretur
961 2446 1012 2507 da-

89 2533 317 2612 sparatiunem3
340 2531 395 2591 sed
417 2532 606 2590 inordinatus
628 2530 959 2610 affeetusrespeutans,
982 2537 1013 2590 at

90 2625 232 2695 tempore
265 2614 490 2693 desperationis
519 2615 676 2693 requirens
709 2614 791 2674 bona
819 2616 903 2692 sunt,
933 2630 1013 2692 quae

89 2705 206 2758 statuat
226 2707 334 2757 eontra
355 2704 483 2776 pennata
497 2716 574 2757 ¹eum
597 2699 752 2777 urgentia,
775 2716 854 2776 quae
876 2697 929 2758 ubi
950 2714 1013 2756 nan

90 2782 225 2859 invenit,
254 2783 392 2857 nescius,
418 2781 501 2860 quon
531 2781 569 2840 ad
599 2780 838 2840 misericordiam
862 2781 918 2840 Dei
941 2798 1013 2839 eon-

89 2864 269 2944 fugiendum
293 2865 347 2942 sit,
378 2865 552 2923 neeessaria
576 2863 729 2944 desperat.
759 2863 832 2923 ‘Sic
859 2864 940 2922 enim
970 2863 1013 2921 in-

90 2948 165 3008 felix
189 2948 379 3007 conscientia
403 2948 543 3023 moritur,
573 2955 604 3006 et
632 2946 670 3006 ad
696 2946 842 3027 tudinium
867 2947 924 3005 Dei
945 2963 1013 3025 pru·

91 3048 205 3111 perans
239 3029 295 3090 sibi
317 3030 390 3090 dicit
424 3049 590 3108 seuumque
617 3029 766 3110 disputat:
810 3026 911 3107 Oqui
933 3044 1014 3087 mma

92 3113 188 3172 multa
206 3113 286 3173 bana
302 3113 438 3173 fecisset!
473 3111 563 3196 Oqui
581 3131 663 3172 nunu
675 3113 758 3172 mala
779 3112 916 3172 iecisset!
955 3109 1014 3184 Qul

92 3215 175 3256 uuna
210 3215 332 3276 semper
371 3196 500 3254 mundus
533 3197 765 3275 permansisset!
808 3195 893 3254 Haeo
921 3193 1016 3254 verba

90 3279 187 3360 plena
209 3280 373 3356 stultitiae,
406 3297 465 3357 qua
493 3280 577 3338 nulla
604 3286 651 3339 ast
673 3280 787 3339 maion-
824 3277 904 3353 Quid
925 3277 1016 3337 aliter

92 3363 350 3443 probant,¹quam
372 3362 455 3440 quad
478 3380 538 3421 nun
562 3363 592 3420 in
607 3362 715 3438 Deum,
738 3361 792 3421 sed
814 3361 896 3421 bona
920 3370 1015 3442 opera

92 3446 220 3525 sperat?
263 3445 421 3524 Siquidem
443 3452 507 3505 tuin
530 3443 748 3520 rontinentia,
771 3451 805 3503 et
833 3444 958 3505 hilarius
980 3446 1015 3502 nd

93 3548 220 3609 sperare
244 3529 324 3589 velle
346 3528 420 3587 dicit
442 3530 600 3607 etpudse,
624 3529 650 3586 si
672 3526 896 3587 multitudinem
920 3527 1015 3586 bano*

91 3630 159 3672 rum
184 3630 311 3691 operum
334 3611 461 3671 haberet
482 3617 513 3669 et
534 3611 677 3670 iustitiae.
714 3609 745 3670 Si
764 3611 845 3669 enirn
867 3611 898 3668 in
916 3610 1015 3670 Deum

92 3701 199 3775 sperat
227 3702 353 3774 propter
376 3694 457 3755 buna
479 3710 588 3772 opera,
614 3694 707 3773 igitur
726 3692 765 3750 rin
794 3710 889 3771 opera
917 3693 1015 3772 magis

93 3797 186 3858 quam
208 3778 238 3837 iu
262 3778 371 3858 Deum,
394 3795 454 3857 quo
478 3776 549 3854 quid
572 3777 669 3856 magis
702 3774 876 3836 horribilius
902 3781 933 3836 et
954 3794 1015 3835 rna
