2356 4200
135 249 196 315 142
449 253 597 308 Sermones
615 251 726 307 Lutheri

136 422 183 502 (id
206 429 254 483 est
281 424 371 498 vitia)
402 442 458 502 per
492 423 626 504 gladium
655 422 740 487 verbi
768 424 834 487 Dei.
878 423 941 487 Sed
969 443 1053 489 nunc

132 505 171 567 ad
183 509 386 586 propositum,
409 514 443 567 ιιι
455 505 596 567 finiamus
611 507 671 566 hoe
686 513 825 586 quartum
841 514 1055 588 praeceptum.

518 759 663 854 Sermo

341 957 391 1018 die
413 957 443 1019 S.
466 957 626 1037 Andreae,
648 979 675 1023 ι.
691 959 840 1059 ,1516*).

213 1125 339 1184 Relictis
355 1123 469 1183 retibus
486 1130 516 1183 et
538 1126 609 1183 navi
633 1124 728 1185 secuti
752 1116 822 1183 sunt
810 1130 920 1202 teurn,
943 1124 1050 1185 Matth.

131 1209 159 1268 4.
202 1207 308 1269 Nont
297 1214 413 1267 tantum
436 1208 567 1284 retibus,
600 1207 655 1269 sed
677 1214 708 1266 et
729 1206 868 1267 navibus.
911 1206 969 1266 Hic
1000 1213 1051 1284 (ιιι

129 1290 163 1349 Β.
177 1289 368 1370 Gregorius
361 1310 391 1348 m
409 1290 554 1366 homilia]
580 1289 661 1349 dicet
674 1289 795 1379 aliquis,
818 1287 973 1351 modicum
996 1309 1050 1351 eos

128 1372 305 1451 reliquisse,
336 1392 441 1432 verum
462 1371 493 1431 id
518 1373 623 1432 dicunt
644 1364 690 1451 hi,
722 1373 772 1451 qui
795 1371 967 1432 nondumt
954 1379 1051 1434 t·enta

129 1461 247 1534 verunt,
269 1475 307 1514 an
330 1456 422 1515 etiam
445 1474 538 1514 uuum
560 1454 709 1515 florenum
731 1455 905 1534 relinquere
918 1458 1050 1553 possint.

128 1537 237 1597 Parum
268 1539 325 1597 suit
313 1537 474 1617 tquidem
504 1537 675 1616 relinquere
702 1557 812 1598 navem
844 1544 875 1598 et
896 1539 987 1619 retia,
1024 1540 1049 1601 si

128 1620 206 1681 haec
228 1623 327 1681 solum
349 1621 558 1700 reliquissent,
581 1620 636 1680 sed
659 1621 730 1699 quia
752 1627 834 1680 totus
859 1639 964 1681 eorum
988 1623 1049 1681 vio·

110 1708 175 1765 'tus
199 1710 230 1763 et
251 1705 408 1784 negotium
432 1712 514 1782 erat,
538 1706 642 1782 utique
665 1710 696 1763 et
716 1722 804 1762 usum
828 1723 934 1764 eorum
958 1704 1049 1764 simul

128 1786 324 1865 reliquerunt
367 1786 442 1860 Quis
475 1788 574 1847 nescit
584 1832 592 1864 ,
562 1785 705 1866 tquod
737 1792 768 1846 et
788 1785 930 1846 venditor
951 1788 1049 1867 navis,

127 1870 189 1929 imo
221 1870 289 1949 ipse
321 1871 458 1950 piscator
483 1870 585 1929 navim
619 1889 704 1929 suam
734 1887 803 1930 sero
831 1869 975 1948 relinquit
996 1876 1050 1931 ιιιι

127 1950 213 2011 finito
195 1971 347 2033 oopere,
382 1951 436 2013 sed
458 1959 600 2012 usumet
588 1951 764 2012 taffectum
787 1953 851 2011 eius
873 1971 936 2012 non
960 1953 1048 2015 relin-

124 2018 202 2112 quit.
246 2035 307 2095 Sed
321 2055 402 2094 nunc
420 2037 560 2115 mystice,
589 2034 701 2113 quod
694 2054 724 2094 ιιι
747 2036 807 2094 isto
831 2036 995 2116 evangelio
1019 2042 1050 2096 et

128 2118 260 2198 epistola
282 2117 425 2178 simult
393 2126 425 2178 et
446 2117 578 2198 legenda
600 2116 831 2178 commendatur
853 2117 882 2180 S.
906 2117 1048 2180 Andreas

127 2201 166 2260 de
187 2202 334 2298 singulari
355 2200 447 2261 affect
435 2207 467 2261 tu
490 2221 544 2261 suo
568 2200 606 2260 ad
629 2219 760 2261 crucem.
803 2201 889 2260 Licet
901 2219 982 2260 enim
1006 2201 1047 2263 le·

126 2282 229 2381 genda
250 2286 288 2343 sit
310 2283 498 2371 apocrypha,
521 2292 621 2344 tamen
646 2283 738 2365 digne
761 2283 799 2343 de
822 2283 851 2344 S.
867 2302 956 2344 cruce
970 2291 1048 2345 trac

127 2372 186 2453 tat,
213 2368 275 2427 imo
304 2386 478 2446 speramus,
511 2366 592 2446 quod
624 2386 686 2426 non
717 2368 757 2426 sit
783 2367 865 2426 mala
887 2368 1046 2429 conclusio

126 2468 183 2528 pro
206 2451 294 2509 trium
318 2452 446 2510 istorum
469 2450 559 2533 simul
581 2449 806 2509 declaratione:
830 2449 912 2510 Crux
934 2449 1047 2512 Christi

127 2538 175 2591 est
163 2532 270 2591 tnihil
295 2532 377 2592 aliud
400 2534 457 2592 nisi
482 2534 585 2592 omnia
606 2531 794 2628 relinquere,
824 2539 855 2592 et
875 2552 931 2629 per
954 2531 1046 2594 fidem

127 2615 227 2674 cordis
250 2615 371 2676 Christo
394 2616 452 2676 soli
474 2614 658 2676 adhaerere:
682 2616 731 2675 vel
755 2616 808 2691 sic,
832 2617 936 2675 omnia
957 2617 1046 2676 relin-

127 2705 275 2776 quereet
296 2699 431 2772 credere,
451 2700 581 2759 hoct
534 2705 581 2758 est
602 2717 722 2758 crucem
736 2697 847 2758 Christi
864 2697 953 2761 ferre.
995 2699 1047 2761 Sic

126 2781 286 2860 apostolus
309 2783 348 2840 ad
371 2782 439 2842 Gal.
462 2783 495 2844 2:
529 2782 649 2843 Christo
674 2779 836 2841 crucifixus
859 2794 951 2861 sum,
973 2783 1045 2845 vivo

125 2869 227 2925 tamen
251 2884 313 2925 non
336 2885 411 2945 ego,
440 2866 514 2925 vivit
536 2884 609 2925 vero
632 2866 663 2924 in
693 2883 742 2924 me
765 2864 912 2924 Christus.
955 2865 1045 2926 Unde

126 2947 315 3027 notandum,
350 2947 432 3027 quod
454 2958 501 3008 ret
489 2949 534 3008 tia
555 2946 729 3044 significant
750 2949 854 3006 omnia
874 2946 942 3026 illa,
934 2967 1045 3089 ,quo-

124 3049 190 3089 rum
213 3051 268 3090 usu
291 3039 478 3110 quaeruntur
508 3030 606 3108 bona,
638 3031 725 3089 navis
758 3036 859 3090 autem
894 3030 972 3111 sigm
996 3037 1047 3092 cat

124 3113 223 3192 ipsam
245 3116 394 3193 animam,
422 3114 649 3195 receptaculum
672 3112 793 3172 illorum
816 3113 967 3191 omnium,
990 3134 1045 3175 seu

124 3194 216 3256 effect
205 3204 266 3256 turn
291 3203 321 3257 et
344 3216 406 3257 cor.
450 3196 528 3257 Sunt
516 3203 623 3276 tergo
645 3196 722 3256 retra
733 3215 893 3256 universae
906 3196 1044 3257 substan

124 3280 186 3340 tiae
209 3287 240 3339 et
260 3287 307 3340 ιιι
309 3299 351 3358 es,
375 3279 483 3359 quibus
507 3286 656 3358 quaerunt
658 3299 691 3337 ur
645 3279 796 3339 tlucra
803 3277 968 3359 ,divitiae,
990 3299 1043 3342 vo-

123 3361 266 3441 luptates,
289 3364 434 3441 honores,
457 3362 631 3443 dignitates.
674 3361 712 3420 Hi
735 3363 816 3422 enirn
839 3369 909 3422 sunt
897 3362 1008 3423 tfruct
996 3371 1043 3423 tus

123 3447 296 3525 piscaturae
325 3446 502 3523 hominum,
532 3445 560 3506 h.
590 3465 616 3504 e.
644 3446 905 3526 negotiationum,
934 3445 1043 3524 quibus

241 3593 262 3598 .-
269 3591 458 3598 ——-——-
463 3591 540 3596 ..--.

160 3666 190 3732 *)
214 3665 354 3718 loescher.
376 3664 550 3730 1‚757sqq.
589 3660 693 3714 Wslch.
714 3661 778 3727 XII,
797 3660 869 3718 2278
886 3678 945 3730 sqq.
