2356 4200
125 272 168 346 40
238 296 285 332 .·
379 279 537 350 Ropousio
556 277 590 334 Ι).
609 277 689 332 lut
708 276 820 332 bulbul

126 450 195 594 pilu
216 448 380 530 stridens,
401 469 498 530 usque
520 469 582 529 qno
604 449 703 527 voles,
725 450 784 508 sim
807 467 868 530 ego
885 448 997 509 stultns
1018 454 1049 507 et

127 533 280 595 riiculus.

210 616 368 713 Secundo,
391 636 451 695 ego
473 619 686 696 quaestionem
709 616 858 676 duntaxat
878 615 985 695 posui,
1005 621 1048 691 tu,

125 701 205 760 siunt
233 701 374 797 egregius
402 700 580 778 lbomistu,
615 705 690 780 (pro
720 717 808 758 more
833 701 959 774 vestro)
991 714 1051 758 neo

126 791 233 843 nutum
256 785 366 843 vestris
394 783 592 862 opinionibus
620 784 806 843 contrarium
838 783 919 842 terre
948 787 1049 885 potes,

125 866 201 926 nibil
220 872 325 926 tumen
347 885 473 963 prorsus
494 867 618 946 probes

209 948 326 1026 Tertio,
347 950 408 1008 ista
429 949 586 1010 distinctio
608 951 643 1010 B
655 949 796 1009 Thomuc
818 956 866 1008 est
883 948 1050 1009 falsissime

125 1051 196 1094 meo
219 1031 352 1110 indicio,
381 1033 516 1110 scilicet,
544 1033 627 1111 quod
648 1033 753 1110 aliqns
772 1050 876 1111 poena
896 1038 960 1107 est,
994 1048 1051 1110 per

127 1134 218 1195 quern
241 1114 355 1176 bonurn
377 1117 572 1194 acquirimus,
594 1125 628 1176 ut
654 1135 734 1195 quus
767 1123 816 1176 est
842 1116 873 1174 in
896 1115 957 1174 buc
976 1114 1049 1192 vitu,

126 1199 188 1258 slis
209 1206 322 1272 autem,
344 1218 400 1277 per
416 1218 507 1278 quum
527 1200 643 1259 nullum
660 1200 775 1258 bonum
789 1197 878 1258 nobis
891 1197 1048 1274 accrescit

124 1282 205 1341 sicut
224 1288 271 1341 est
293 1299 375 1340 mors
403 1283 550 1342 naturalis
585 1292 616 1342 et
637 1301 740 1362 poeno
760 1282 947 1362 pmgatorii,
979 1280 1049 1358 quis

124 1365 196 1424 licet
222 1365 289 1424 sine
317 1382 356 1423 eu
386 1369 438 1438 (ut
467 1367 530 1439 ais)
560 1385 623 1426 non
653 1366 831 1445 pervcnitur
861 1363 900 1423 ud
922 1363 1048 1441 bonum,

123 1454 227 1507 minen
249 1445 363 1506 bonurn
387 1467 450 1506 non
472 1467 618 1527 perenm
641 1449 799 1508 accrescit.

193 1529 411 1608 Respondes:
454 1531 500 1590 ltu
527 1531 662 1610 loqueris
692 1533 759 1590 sinc
787 1529 916 1606 iudicio,
951 1547 990 1588 sc
1022 1527 1048 1587 si

111 1614 254 1673 'necesse
287 1614 326 1671 sit
352 1612 479 1674 verbum
509 1615 704 1675 B.'1'bomne
742 1613 899 1673 oraculum
932 1611 1048 1673 heberi.

126 1696 190 1756 (lur
211 1714 287 1776 crgo
309 1695 480 1775 Apostolus
503 1707 600 1774 errat,
622 1697 745 1775 quondo
768 1695 904 1761 dieit*):
936 1693 1049 1754 Omnis

128 1785 337 1859 cooperantur
356 1780 389 1838 in
411 1779 525 1839 bonnm
548 1780 685 1840 sanctis?
727 1779 788 1839 Sed
809 1780 898 1854 forte,
920 1784 954 1836 ut
974 1777 1050 1837 estis

124 1863 261 1941 prompti
282 1860 322 1920 ud
344 1861 559 1922 distinctiones
584 1861 709 1944 (idest,
732 1864 901 1942 scriptume
915 1860 1049 1939 disoerp

124 1946 260 2024 tiones),
293 1943 394 2022 dices,
428 1945 510 2024 quod
542 1947 646 2006 omnin
674 1953 896 2025 cooperantur.
931 1942 1050 2003 scilicet

124 2026 214 2086 buius
236 2029 328 2104 vitae,
354 2029 399 2086 sic
420 2029 500 2087 euim
518 2029 624 2089 soletis
641 2027 732 2088 elabi.
762 2028 878 2088 Contra
889 2027 980 2087 Rom.
993 2026 1048 2088 14:

124 2109 183 2183 Qui
216 2111 359 2189 moritur,
391 2111 525 2171 Domino
559 2113 701 2188 moritur,
736 2119 768 2171 et
797 2110 898 2170 Psulm
928 2108 1047 2186 116¹J:

124 2193 266 2253 Pretiosa
286 2193 317 2252 in
340 2202 510 2272 conspectu
520 2195 645 2254 Domini
667 2213 750 2254 mors
772 2201 949 2253 sanctorum
972 2192 1048 2251 eius.

126 2275 225 2336 Doleo
249 2294 308 2355 ego
332 2284 470 2336 sanctum
492 2279 589 2336 virum
613 2296 651 2336 eo
674 2276 868 2357 prolapsum,
890 2284 925 2334 ιιι
944 2283 1048 2354 neget,

125 2367 181 2437 per
202 2369 332 2417 mortem
356 2359 471 2419 bonum
493 2379 680 2437 accrescere,
702 2379 770 2419 oum
785 2360 882 2419 sancti
898 2364 1048 2436 martyres

125 2442 271 2520 martyrio
296 2448 327 2500 et
350 2451 447 2502 morte
470 2463 621 2502 summum
644 2445 813 2522 praemium
835 2447 867 2502 et
887 2440 1048 2501 aureolam

126 2522 339 2596 obtinuerint..
364 2525 458 2604 Igitur
480 2527 545 2586 sive
567 2526 645 2586 hoec
665 2526 748 2585 dicut
775 2525 951 2604 angelicus,
983 2523 1048 2582 sive

125 2607 276 2666 humanus
307 2605 432 2685 doctor,
464 2609 699 2669 insulsissimum
729 2627 863 2669 errorem
890 2606 951 2666 dici
978 2624 1048 2666 oum
1086 2605 1092 2611 '

124 2688 238 2749 fiducie
259 2690 430 2768 proclamo

209 2771 342 2847 Quarto,
375 2773 485 2833 eodem
508 2793 618 2851 sensu,
647 2774 847 2853 probabiliter
869 2772 943 2832 nihil
966 2790 1047 2832 asse

126 2854 233 2933 tendo,
257 2855 321 2914 dixi
342 2858 460 2916 animas
483 2875 606 2936 quoque
629 2858 800 2917 voluntaris
813 2857 962 2950 passione
975 2873 1047 2933 pou

127 2956 236 2998 nsrum
257 2945 368 3018 purgat
369 2941 425 2998 orii
448 2938 552 3020 pertici
586 2942 618 2998 in
644 2941 784 3006 caritate
818 2940 888 3034 quiu
920 2955 1048 2998 necesse

128 3029 184 3099 est,
207 3025 240 3081 ut
262 3031 366 3081 ament
383 3032 414 3081 et
431 3024 547 3102 eligant
560 3041 690 3101 poenus,
712 3007 787 3101 quas
801 3022 937 3081 sentiunt
947 3021 1046 3081 Deum

126 3104 171 3163 eis
193 3101 342 3184 infligere
386 3105 472 3164 Haeo
498 3106 578 3166 enim
611 3105 754 3165 voluntas
776 3105 833 3164 Dei
862 3111 923 3180 cst,
957 3121 1045 3181 quom

127 3193 219 3265 super
240 3187 345 3246 omniu
366 3185 505 3267 diligunt,
528 3194 580 3248 aut
601 3196 684 3248 certe
706 3188 834 3268 diligere
856 3187 1006 3247 laborant

207 3267 254 3328 Ad
293 3270 477 3330 tricesimam
506 3272 620 3350 repetis
654 3271 785 3330 eandem
812 3278 896 3330 tuum
924 3267 1045 3328 currtile⁴

125 3372 206 3430 nam,
230 3351 312 3430 quod
335 3354 457 3413 animae
478 3361 582 3413 certae
605 3361 675 3414 sunt
696 3354 735 3414 de
757 3353 925 3434 grstisDei
948 3359 980 3411 et
1002 3368 1044 3409 sn

126 3435 187 3494 tute
211 3445 269 3494 etc.
313 3433 429 3530 Quibus
452 3455 544 3516 supra
569 3436 725 3516 respondi.
1089 3450 1094 3456 “

208 3517 300 3577 Adt
288 3519 470 3578 tricesimam
500 3520 630 3598 primam
661 3519 735 3579 dicis
772 3538 821 3578 me
860 3516 1042 3597 superfluum

437 3657 544 3664 ——.-.

199 3707 230 3768 1)
249 3707 281 3758 Ιιι
299 3705 343 3759 ed.
363 3707 462 3774 prino:
488 3707 545 3760 115.

197 3777 227 3847 ⁸)
251 3777 332 3830 Rom.
352 3778 378 3831 8.
