2356 4200
121 274 194 345 123ss
378 276 575 335 neormam·
594 276 702 349 htspnt
714 276 800 332 toth.

132 449 290 523 mrem).
334 448 373 510 Hi
394 468 469 511 vero
491 448 577 511 velut
598 465 706 509 secure
725 447 788 507 illis
808 447 947 511 tribuunt
967 448 1059 510 misa-

133 524 198 593 runi
220 530 417 613 dilationem,
431 538 473 594 ‘et
494 538 639 612 quantum
662 531 692 591 in
716 531 761 590 eis
783 537 840 610 est,
861 532 892 591 in
915 531 1058 613 periculo

131 623 276 676 aeternae
299 615 619 697 mortisrelinquunt,
640 615 685 674 ita
706 618 741 673 ut
762 614 913 690 nescium,
936 630 981 675 an
1003 614 1058 676 teti

132 698 233 759 studio
256 698 317 758 sint
337 698 376 760 ab
398 697 571 759 homicidiis
583 698 753 757 animarum
768 698 917 776 excusati,
937 698 1059 779 quippe

129 798 207 842 uonx
218 782 371 861 quaeritur
391 781 442 841 hle
462 780 546 841 sulus
567 780 685 857 dantis,
708 778 763 840 sed
786 779 902 840 donum
924 798 1057 860 pereun-

132 864 181 938 tis,
204 882 283 942 curn,
306 864 330 923 si
354 872 458 924 essent
477 863 552 924 boni
574 869 716 943 pastores
740 864 911 923 animarum
933 870 968 924 et
983 882 1058 925 vere

123 944 311 1026 ·0hristiani,
344 946 486 1008 omnibus
507 945 614 1007 studiis
636 952 779 1026 agerent,
803 951 835 1005 ut
855 953 1057 1026 peccatorem

132 1028 171 1089 ad
195 1030 335 1090 timorem
358 1029 435 1107 Dei,
467 1029 505 1090 ad
534 1029 693 1089 horrorem
721 1029 841 1109 peccati
862 1016 1057 1108 inducerent,

132 1130 191 1173 nec
212 1113 407 1192 quiescerent
426 1111 548 1189 flendo,
582 1109 717 1189 orendo,
751 1111 924 1190 monendo,
958 1114 1057 1174 incre-

129 1195 246 1275 pando,
268 1195 370 1256 donec
392 1196 525 1255 animam
547 1195 646 1254 fratris
668 1193 891 1256 lucrifacerent.
922 1194 1056 1271 Quodsi

130 1277 184 1338 ille
206 1285 350 1359 pergeret
373 1279 533 1359 pecuniam
557 1276 647 1357 dare,
668 1283 920 1357 perseveraturus
943 1278 1056 1357 malus,

131 1361 162 1420 in
183 1359 293 1420 faciem
316 1363 343 1421 ei
366 1361 542 1439 reiicerent,
575 1367 607 1422 et
634 1378 704 1420 cum
730 1360 875 1440 apostolo
899 1358 1056 1423 dicerent:

124 1442 201 1504 'lton
225 1461 339 1522 quaero
362 1434 432 1523 luo,
455 1442 509 1504 sed
533 1451 572 1504 te.
615 1442 656 1503 lut
676 1443 801 1504 iterum:
844 1442 983 1506 Pecunia
1003 1451 1057 1505 tua

130 1531 232 1595 mcum
254 1527 284 1585 in
306 1527 528 1607 perditionem,
558 1533 590 1586 et
620 1524 822 1587 abhorrerent
843 1544 862 1586 a
882 1534 1056 1607 conspectu

131 1607 208 1668 eius.
253 1607 304 1668 Sic
325 1610 476 1670 stercore
498 1614 663 1689 agerent*
870 1628 873 1635 ·

146 1686 149 1693 '
216 1689 276 1751 Sed
300 1690 380 1752 absit
401 1692 462 1752 hoc
483 1692 796 1768 alderourionostro,
819 1691 890 1770 quin
904 1690 935 1752 id
943 1693 1057 1834 potius

131 1790 270 1853 egemus,
292 1776 318 1834 si
332 1772 474 1835 venerint
482 1781 678 1855 peccatores,
699 1772 942 1834 mediatoribusi
967 1776 1056 1836 eneis

129 1855 198 1916 heti
225 1856 277 1924 (id
299 1864 355 1934 est,
377 1857 486 1927 lucris)
511 1858 604 1917 etiam
627 1857 725 1917 invito
749 1855 871 1917 Christo
894 1876 964 1917 curn
990 1858 1053 1918 uni·

131 1939 226 1998 versis
248 1940 410 2020 apostolis,
433 1941 495 2000 sint
516 1942 594 2000 siout
616 1958 694 1999 unus
717 1959 757 1999 ex
773 1939 873 2016 nobis,
896 1939 973 2000 nihil
988 1960 1052 2002 non

129 2029 288 2101 potentes,
318 2022 400 2104 quod
424 2042 482 2085 nos
503 2040 681 2103 possumus,
715 2022 807 2082 etiam
833 2022 952 2083 animas
976 2022 1054 2085 redi-

130 2122 230 2182 mere,
261 2106 322 2184 ipsi
344 2106 410 2166 sine
431 2106 659 2166 intermissione
684 2111 866 2185 pereuntes,
893 2106 988 2166 etiam
1017 2106 1054 2168 ri·

130 2185 273 2248 dentibus
295 2187 384 2249 nobis
412 2194 443 2248 et
473 2187 512 2248 de
540 2186 624 2248 dono
655 2206 761 2248 eorum
788 2204 896 2248 secure
917 2188 1054 2269 gauden-

122 2268 221 2329 tibus.
248 2270 310 2332 Ista
327 2276 376 2331 eet
401 2271 512 2331 caritas
532 2272 563 2330 in
585 2270 737 2350 populum
758 2269 868 2330 Christi
891 2278 924 2331 et
944 2270 1054 2334 iratres

130 2358 269 2429 nostros,
298 2354 342 2413 its
362 2371 503 2413 curamus
525 2354 644 2413 animas
666 2372 790 2427 eorum,
823 2360 857 2412 ut
876 2353 1054 2437 intelligant

129 2434 161 2493 iu
184 2436 246 2494 suis
273 2436 409 2516 peccatis
440 2454 498 2497 nos
528 2437 745 2513 novissimam,
777 2434 808 2495 id
836 2442 900 2515 est,
934 2437 1054 2498 nullam

130 2519 377 2597 compassionem
401 2518 524 2579 habere.
756 2538 772 2569 ⁴

400 2717 614 2780 Conclusio
637 2717 776 2779 XXXVI.

213 2844 350 2921 Quilibet
360 2846 551 2908 christianus
573 2864 645 2905 vere
668 2852 869 2925 compunctus
892 2844 988 2907 habet
1009 2866 1053 2907 re·

131 2929 312 3007 missionem
332 2931 503 3010 plenariam
525 2949 544 2989 a
564 2947 666 3009 poena
688 2935 719 2987 et
740 2927 845 3007 culpa,
869 2928 961 2987 etiem
986 2930 1053 2990 sine

131 3010 226 3071 literis
247 3013 416 3090 veniarum,
438 3013 495 3073 sibi
517 3010 662 3077 debitam.

216 3094 362 3173 Alioquin
383 3097 413 3155 in
431 3094 569 3175 periculo
583 3098 696 3170 essent,
719 3092 770 3172 qui
783 3091 886 3152 literas
898 3090 1052 3155 eiusmodi

130 3195 193 3238 non
215 3177 378 3255 haberent,
407 3176 490 3257 qnod
511 3176 621 3238 fulsum
642 3182 706 3254 est,
733 3192 801 3235 cum
823 3173 897 3234 illae
918 3177 982 3236 sint
1000 3196 1052 3237 ne·

131 3276 191 3338 que
201 3267 396 3341 praeceptae,
418 3272 519 3340 neque
532 3258 702 3334 consultae,
727 3256 780 3317 sed
793 3255 918 3343 liberae.
942 3257 1052 3338 Neque

27 3386 31 3395 -
129 3350 276 3423 peccent,
306 3344 357 3422 qui
380 3363 433 3405 ess
457 3342 632 3424 negligunt,
663 3359 723 3401 neo
752 3339 825 3399 ide'o
852 3340 883 3399 in
913 3342 1051 3420 periculo

131 3425 238 3503 solum
251 3435 330 3486 suut.
360 3426 450 3502 Quod
474 3445 514 3487 ex
536 3443 574 3485 eo
596 3430 692 3505 patet,
714 3424 786 3503 quia
806 3421 884 3483 tales
901 3424 962 3484 iam
982 3432 1053 3484 sunt

129 3508 161 3568 in
183 3510 234 3569 via
255 3506 469 3570 mundatorum
491 3509 559 3569 Dei.
602 3508 643 3568 Et
663 3526 719 3587 per
740 3524 855 3583 casum,
876 3506 902 3566 si
926 3506 1051 3588 quaudo

130 3592 159 3651 ei
182 3609 244 3651 non
268 3591 391 3652 daretur
413 3590 563 3652 eiusmodi
596 3591 752 3666 remissio,
785 3587 913 3649 debetur
947 3597 1052 3652 tumen

204 3774 230 3841 l)
250 3774 281 3826 In
300 3775 343 3828 ed.
363 3777 464 3845 princ:
484 3775 644 3829 salutarent
