2356 4200
535 163 562 210 a.
620 195 628 203 .

322 298 355 356 D.
374 301 452 357 liert
471 301 582 357 numen
603 305 708 358 eoneio.
922 300 984 370 325

64 474 146 534 sient
165 471 245 551 ione,
267 491 429 552 venenum,
453 481 506 534 aut
528 492 609 555 equs
632 476 987 540 salisnntureiiisrsalse

63 562 127 637 est,
162 557 240 618 siout
271 575 383 637 eorpus
404 556 558 638 leprosum
580 559 757 621 naturaliter
777 567 823 619 est
846 560 923 638 tale,
955 568 985 622 st

64 656 177 721 eorpus
199 658 327 700 eoseum
350 639 503 716 similiter,
532 660 596 701 non
619 640 669 701 hio
684 661 760 702 'eum
783 641 891 724 iogiois
913 662 984 724 ago.

146 722 266 785 institia
280 723 351 783 huie
366 725 519 783 eontran'o
531 723 668 784 similiter
682 732 729 785 est
740 725 862 803 natalis,
883 744 985 787 essen·
1069 728 1072 756 ¹

63 805 168 884 titulis,¹
191 805 363 885 originalis,
398 806 514 882 aliena,
544 824 623 885 quae
653 816 700 867 est
726 808 841 868 iustitia
864 808 984 870 christi.

63 888 171 952 lohan.
194 890 228 953 3:
271 889 335 949 Nisi
359 888 425 968 quis
447 896 571 949 renatus
593 888 682 951 inerit
704 910 743 950 ex
765 906 847 970 aqua
873 898 904 952 et
925 893 984 973 spi·

62 973 141 1032 ritu.¹
171 971 247 1032 ltern
282 971 390 1033 Iohan.
418 975 457 1034 1:
501 971 659 1052 Quotquot
692 992 761 1034 eum
794 981 985 1055 maspetum,

64 1053 149 1115 dedit
170 1055 213 1114 eis
235 1060 419 1135 potestatem
442 1053 522 1115 iiiios
545 1055 600 1116 Dei
623 1055 698 1117 fleri.
741 1055 781 1116 Et
803 1055 983 1123 ilonea&

63 1137 123 1214 Qui
145 1142 234 1198 natus
256 1145 364 1198 estex
386 1138 465 1214 Deo,
487 1156 548 1198 nou
570 1147 682 1219 peceat
707 1138 755 1213 (id
776 1146 833 1214 est,
854 1158 915 1200 non
939 1145 986 1200 est
1036 1210 1046 1217 ‚

63 1222 239 1302 peccator),
253 1219 307 1280 sed
320 1221 477 1300 generatio
490 1220 546 1279 Dei
567 1229 732 1283 conservat
746 1240 824 1286 eum.
848 1221 935 1282 Rom.
945 1226 982 1287 dr

61 1303 120 1364 Per
142 1303 231 1363 unius
254 1302 384 1376 hominis
413 1303 558 1363 iustitiam
587 1305 617 1363 in
647 1323 755 1365 omnes
785 1303 924 1365 homines
953 1305 983 1366 in

61 1385 309 1446 iustificationsm
332 1387 423 1464 vitae,
445 1393 476 1444 et
496 1404 553 1467 per
574 1388 663 1447 unius
686 1387 819 1448 hominis
840 1387 984 1449 obedien·

10 1527 16 1547 ,
62 1471 136 1529 dam
157 1470 227 1529 iusti
250 1469 472 1529 constituentur
494 1468 589 1531 multi.

144 1551 230 1612 Haeo
251 1557 312 1628 est,
343 1551 380 1611 de
409 1563 470 1630 qua
493 1570 591 1631 nuper
612 1550 694 1630 dixi,
726 1551 808 1631 quod
835 1553 877 1613 sit
905 1571 983 1633 sors,

62 1633 196 1714 ospitale
216 1634 462 1708 fundamentum,
490 1643 578 1715 petra
607 1642 728 1711 nostra,
762 1642 793 1695 et
819 1641 886 1713 tota
915 1635 983 1697 suis

61 1718 175 1778 stantis
188 1724 301 1788 nostra,
323 1718 353 1777 in
373 1735 433 1796 qus
447 1716 614 1796 gloriemur
625 1717 656 1776 in
674 1725 842 1785 aeternum.
864 1723 897 1778 ut
910 1738 984 1800 apo·-

61 1800 205 1878 statuet)
229 1800 285 1862 sit:
319 1799 410 1876 Quod
431 1801 493 1860 vita
515 1809 622 1861 nostre
643 1799 824 1860 abscondite
845 1807 893 1862 ost
914 1819 982 1862 eum

62 1883 184 1944 Obristo
206 1883 237 1942 in
259 1881 338 1959 Deo,
360 1884 536 1942 etiterum:
568 1882 609 1944 Ut
630 1902 687 1943 nos
709 1901 847 1944 essemus
869 1885 984 1945 institis

61 1965 120 2026 Dei
140 1966 172 2025 in
194 1965 257 2026 iiio.
299 1965 339 2026 Et
360 1968 376 2027 1
402 1965 538 2027 Corinth.
562 1970 596 2029 1:
625 1964 682 2041 Qui
706 1965 873 2026 iantassent
894 1965 984 2028 nobis

61 2067 81 2108 a
111 2048 179 2109 Deo
210 2049 324 2109 iustitia
349 2053 381 2108 et
408 2049 559 2127 sapientia
589 2055 620 2109 et
649 2047 850 2109 sanctificatio
881 2055 913 2110 et
938 2067 984 2110 re·

62 2130 208 2211 demptio.
257 2131 297 2190 ut
330 2133 346 2192 1
378 2129 512 2192 Corinth.
548 2132 581 2189 3:
625 2130 867 2192 Fundamentum
901 2130 983 2191 alind

61 2231 155 2274 nemo
178 2219 282 2294 potest
301 2231 426 2293 ponere.

146 2294 300 2372 Seoundo‚
321 2296 400 2356 haee
421 2295 456 2355 fit
477 2301 583 2357 nostra
603 2314 659 2376 per
680 2294 782 2358 fidem.
827 2296 936 2357 Roma
951 2298 982 2360 1:

61 2379 167 2440 Justns
189 2398 228 2439 ex
249 2377 310 2438 iide
331 2378 407 2438 vivit
428 2384 460 2439 et
485 2383 533 2442 10.
550 2397 635 2459 esp:
667 2376 768 2439 Corde
790 2377 922 2441 ereditur
943 2377 983 2440 ad

59 2460 216 2522 iustitiam.
270 2461 356 2521 Haeo
391 2480 446 2541 per
482 2460 666 2541 baptismum
702 2461 871 2540 ooniertur,
905 2461 984 2523 haee

61 2550 109 2605 est
137 2544 279 2625 proprie,
309 2562 398 2622 quam
428 2543 622 2624 evangelium
652 2545 834 2623 annunoiat,
863 2552 894 2605 et
921 2563 982 2606 non

61 2631 109 2687 est
130 2627 245 2687 iustitia
267 2625 295 2686 le
319 2626 353 2705 ἐ,
376 2625 431 2687 sed
451 2627 568 2687 iustitia
589 2627 716 2708 gratiae.

144 2708 267 2787 Tertio,
321 2727 379 2769 ene
407 2710 458 2789 qni
484 2709 593 2783 habet,
622 2710 741 2770 etiarnsi
764 2714 891 2790 penest,
920 2726 983 2769 non

61 2791 231 2852 demuntur.
281 2791 361 2854 Psal.
384 2792 479 2870 89¹):
524 2791 555 2853 si
605 2797 788 2852 sonaverunt
816 2796 875 2852 ete.
925 2790 985 2852 Hie

62 2879 110 2935 est
132 2875 214 2934 enim
231 2873 311 2934 iilius
333 2874 482 2935 delicatus
506 2879 558 2942 (ut
575 2812 714 2950 (dcitur),
736 2875 788 2954 qui
802 2879 985 2955 non‘potest

61 2955 221 3018 offendero
255 2957 398 3037 quiequid
428 2957 543 3018 feeerit.
598 2957 678 3020 Psal.
705 2960 760 3021 25:
812 2956 982 3017 Universae

60 3041 132 3101 vise
152 3040 276 3101 Domini
298 3039 509 3100 misericordia
530 3048 561 3103 et
582 3040 704 3100 veritas.

102 3140 105 3147 ’
146 3119 278 3200 Quarto,
307 3141 362 3202 per
380 3122 471 3182 hano
498 3119 534 3181 fit
555 3121 649 3183 homo
672 3122 814 3183 dominus
838 3121 983 3199 omnium,

62 3205 136 3286 qnia
156 3205 273 3265 iustitia
294 3206 360 3265 eius
382 3205 421 3265 de
445 3201 535 3266 eoelo
559 3206 723 3286 prospieit,
746 3214 777 3264 et
798 3203 849 3264 hie
868 3204 985 3264 institis

62 3295 93 3348 et
114 3288 228 3347 veritas
243 3286 370 3348 obviant
383 3288 450 3367 sibi,
472 3287 588 3348 iustitie
608 3293 639 3348 et
655 3307 717 3368 pax
734 3285 983 3363 osculantur”)‚

61 3371 175 3432 ver-itm
198 3370 278 3431 anim
302 3369 341 3430 de
363 3377 444 3432 tenu*
466 3370 570 3432 oritur.
612 3370 692 3431 Nam
719 3370 786 3430 sine
814 3369 984 3430 misericor·

61 3452 113 3514 dia
133 3448 227 3514 homo
250 3457 298 3512 est
311 3452 482 3534 hypocrita,
505 3453 572 3514 sine
588 3453 878 3531 iustitioinquietus.
909 3449 983 3512 Gru

137 3714 168 3852 ι
499 3715 547 3852 a·
626 3787 661 3844 ι
