2356 4200
124 282 167 355 to
447 287 730 363 temeraturum

125 467 213 531 moto
231 465 264 523 et
280 465 356 541 apto
377 466 545 540 componat
566 466 601 525 st
618 459 732 527 formet
750 458 798 533 ad,
810 459 951 539 domum,
970 461 1049 522 alter

127 563 202 621 vero
225 543 264 605 ab
287 562 325 606 oo
348 541 533 605 dissentiens
546 543 631 603 volut
652 542 771 618 meliori
788 545 922 613 oonsilio
944 563 1048 625 soper-

123 627 185 709 .bus
206 628 323 708 lignum
344 631 517 706 componat
536 624 575 685 ad
586 631 730 707 pontem,
753 644 859 707 sepem
881 628 933 688 vel
953 627 1048 703 aliud,

125 717 159 775 at
180 717 283 771 mmen
306 709 432 770 domum
454 707 682 787 intendat,ahio
703 709 971 790 nonaedifloator,
991 711 1046 781 sed

128 793 295 875 dissipator
317 798 373 854 est
416 791 467 853 Sio
499 791 525 850 si
554 797 653 853 sartor
672 786 813 853 intendat
832 795 967 869 tunioam
987 793 1048 865 for·

126 882 273 949 marest
295 874 463 937 abundanti
494 875 625 936 oonsilio
647 875 772 955 proprio
795 881 832 936 ut
856 879 967 945 ueteris
982 877 1047 943 dia

126 961 240 1037 sentiat
257 960 394 1040 ¹saligam
415 956 540 1019 tandem
562 955 684 1027 efficiat.
727 956 767 1018 nt
787 957 948 1033 Horatius:
973 961 1047 1039 Ana

123 1044 226 1125 phora
256 1043 360 1123 eoepit
400 1041 518 1121 institui
560 1046 702 1121 currente
737 1048 822 1121 rota,
858 1061 913 1117 our
936 1064 1047 1124 uroeus

124 1126 210 1188 exit?
231 1125 272 1187 Et
283 1125 381 1187 idem:
403 1124 578 1187 Parturiunt
596 1130 886 1202 montes,.nasoator
900 1127 1047 1205 ridiculus

125 1229 202 1271 mus.
245 1207 360 1273 Omnes
383 1225 456 1287 ergo
478 1208 510 1266 in
524 1204 587 1267 fine
600 1208 811 1287 consentiunt:
830 1211 905 1271 reeti
921 1216 958 1273 ,et
978 1230 1046 1292 per·

125 1293 222 1368 versi,
245 1291 329 1354 dooti
349 1291 464 1372 pariter
484 1295 516 1350 et
536 1288 670 1370 indocti,
691 1288 746 1373 sed
768 1292 841 1370 quia
858 1291 1047 1367 dissentiunt

125 1375 261 1453 oonsiliis
295 1381 328 1443 et
358 1371 483 1451 mediis,
500 1370 585 1455 ¹ideo
616 1372 753 1435 alterutri
778 1374 957 1443 fraudantur
983 1375 1046 1439 fine

123 1459 252 1519 intento.
294 1457 355 1519 Ubi
388 1455 491 1517 dioere
527 1461 658 1535 possunt
686 1457 762 1515 recti
799 1457 1045 1540 ad,pervarsoa,

124 1547 207 1602 uerte
229 1540 378 1618 noluistis,
400 1557 458 1600 nos
478 1548 580 1598 autern
595 1538 758 1600 voluimus.
800 1539 917 1618 Atilii,
939 1544 1045 1622 utique

123 1623 204 1685 idem
226 1624 380 1684 voluimus
404 1620 537 1682 sednon
552 1622 715 1701 potuimus.
751 1620 875 1697 Quare?
898 1623 977 1700 Quia
999 1644 1044 1686 sa

123 1708 242 1789 pientia
262 1706 389 1788 propria
409 1704 535 1767 obstitit
579 1703 630 1766 Sio
657 1704 816 1765 hominum
831 1707 916 1773 ‚alius
937 1709 969 1769 in
990 1708 1044 1770 ho-

123 1800 215 1868 nore,'
231 1790 310 1851 alius
331 1788 454 1864 divitiis,
476 1785 553 1848 alius
568 1788 730 1866 sapientia,
751 1787 968 1857 otiosiustitin
989 1811 1045 1853 aua

124 1874 243 1954 quaerit
274 1872 402 1949 salvari,
437 1875 470 1931 et
490 1871 563 1935 vhoo
601 1871 670 1950 ipso
711 1869 853 1935 dissentit
882 1873 950 1935 Deo
968 1932 974 1941 ,
989 1893 1045 1954 per

123 1976 211 2017 suum
245 1973 383 2032 sensum,
415 1972 471 2034 per
501 1954 683 2032 sapientiam
711 1955 826 2033 earnis,
856 1974 913 2035 per
946 1957 1044 2018 oonsi-

123 2040 196 2100 iium
224 2038 394 2120 proprium,
428 2055 497 2111 oum
519 2036 616 2096 Deus.
631 2055 687 2116 par
715 2036 916 2101 humilitatem
944 2040 1043 2101 uruois

123 2129 156 2183 et
175 2119 232 2202 p'or
261 2121 488 2182 confessionem
517 2119 637 2199 peooati
666 2118 743 2179 vetit
769 2119 811 2182 ad-
829 2119 923 2183 finem
965 2122 1043 2183 salu-

124 2207 162 2265 tis
198 2203 360 2265 adducere.
403 2201 472 2263 Hoo
498 2203 581 2263 enim
615 2206 663 2262 ast
689 2202 852 2263 eonsilium
879 2205 1044 2285 impiorum

123 2288 240 2366 psalm,
273 2291 305 2349 t:
341 2285 508 2348 Generatio
541 2303 615 2347 vero
647 2291 803 2347 raetorum
836 2286 1044 2349 benedicetur.

124 2371 274 2433 Dicuntur
301 2370 383 2430 enim
411 2368 486 2430 boni
517 2366 603 2429 oordi
626 2373 657 2429 ot
677 2369 753 2429 reoti
776 2369 888 2442 eorde,
921 2371 994 2450 quia
1014 2370 1045 2431 hi

125 2460 252 2534 propter
281 2453 357 2513 reati
379 2451 543 2513 eonsilium
563 2449 603 2511 ad
625 2449 721 2520 finem
742 2451 864 2532 salutis,
893 2452 938 2515 illi
960 2472 1045 2532 voro,

129 2538 202 2616 quia
222 2541 352 2616 peooata
373 2535 405 2594 in
427 2535 641 2595 remissionem
663 2533 793 2614 habent,
814 2543 846 2596 et
868 2536 967 2603 zelum
988 2535 1048 2599 Dei

18 2666 21 2681 .
127 2625 160 2681 et
191 2617 285 2680 finem
317 2617 481 2678 salutarem
513 2622 678 2696 quaerunt,
711 2617 766 2678 sed
796 2637 859 2679 non
879 2618 1047 2685 seeundum

127 2703 300 2763 seientiam.
333 2699 424 2762 Unde
446 2701 478 2759 in
492 2700 656 2781 seripturis
677 2699 754 2760 nihil
774 2701 832 2761 nisi
854 2702 1048 2782 istasapien-

119 2786 170 2847 ,tia
185 2785 341 2863 quaeritur
355 2784 512 2864 exstingui
534 2792 566 2853 et
586 2782 749 2862 humiliari,
772 2790 806 2843 nt
826 2783 920 2846 homo
943 2784 1050 2847 audiat

98 2929 114 2939 ,
127 2880 236 2930 vonam
249 2868 308 2929 Dei
329 2868 429 2946 ipsum
451 2866 592 2927 dooentis
614 2873 646 2927 et
669 2864 809 2927 duoentis
830 2868 972 2947 pervias
985 2885 1048 2933 reo

126 2957 173 3012 tas
195 2950 235 3012 ad
256 2948 359 3027 finem,
373 2968 472 3029 .quem
493 2951 561 3029 ipse
581 2947 662 3025 vult,
685 2948 741 3008 sed
764 2968 819 3028 per
841 2969 875 3010 so
896 2950 1049 3030 attingere

125 3040 158 3095 et
179 3034 318 3101 invenire
340 3034 456 3112 nequit.
500 3032 551 3094 Sio
566 3030 722 3096 Psalmus:
757 3032 869 3110 Hodie,
891 3033 917 3092 si
938 3051 1049 3094 vonam
1082 3070 1087 3076 -

126 3117 191 3177 eius
214 3116 388 3194 audieritis,
417 3114 517 3176 nolite
544 3113 698 3179 obdurare
719 3114 815 3177 eorda
840 3121 953 3176 vestra.
996 3114 1048 3176 So-

127 3201 227 3278 quitur
250 3218 390 3279 semper,
410 3199 442 3258 hi
465 3203 568 3258 errant
588 3195 692 3274 eorde,
715 3199 802 3275 quasi
825 3197 979 3259 dicerent:
1001 3218 1049 3259 no-

126 3282 190 3343 lurn
211 3283 328 3344 habent
348 3288 380 3342 et
409 3280 523 3342 bonam
546 3279 754 3356 voluntatem,
789 3280 844 3341 aed
877 3299 1049 3344 erroneam.

125 3365 167 3427 Et
187 3365 299 3427 Psalm.
324 3367 400 3428 111:
421 3363 572 3427 Exortum
597 3369 644 3423 est
665 3363 697 3423 in
719 3363 852 3431 tenebris
863 3363 967 3425 lumen
987 3383 1050 3425 reo·

126 3449 166 3508 tis
183 3449 288 3511 eorde.
330 3446 371 3507 Et
391 3446 471 3507 Psal.
494 3448 548 3510 96:
583 3445 649 3513 Lux
679 3452 747 3511 orta
777 3452 825 3507 est
847 3447 946 3524 iusto,
979 3447 999 3507 i.
1022 3466 1050 3508 o.

127 3531 264 3594 eredenti
297 3529 393 3593 verbo
424 3537 457 3590 st
484 3528 615 3589 oonsilio
637 3529 713 3607 Dei,
753 3530 879 3610 proprio
911 3529 1050 3608 abieot03

124 3613 168 3683 ¹Idt
198 3615 289 3675 restis
317 3611 414 3674 eorde
434 3611 561 3675 laetitia
603 3608 899 3677 lermoennum
940 3611 1051 3672 Exsul·

128 3702 192 3758 tato
227 3697 299 3759 iusti
330 3697 363 3755 in
384 3695 562 3756 Dominoi.
594 3714 620 3760 e.
654 3694 769 3756 creduli
806 3694 943 3757 oonsiliis
976 3696 1052 3777 θεὶς

126 3781 245 3843 Raetos
268 3779 359 3843 deoet
379 3777 578 3843 oollaudatio.
615 3776 663 3843 ‚lot
681 3776 806 3857 ibidem,
828 3778 978 3853 Dominus
991 3781 1052 3845 dis·
