2356 4200
372 299 406 361 de
426 298 787 379 virtuteindulgentinrnm·
983 296 1053 368 221.

123 468 301 549 suffragium
322 468 375 529 ille
398 469 505 538 modus
527 469 603 533 nihil
624 471 731 530 minuit
758 467 1059 550 plenitudineminr..

121 552 357 634 dulgentiarurn.

477 680 665 786 Respondeo
676 724 683 762 :

187 831 330 909 Primum,
344 833 369 891 si
383 832 450 911 quis
464 835 605 912 pertinax
620 852 688 892 esse
701 831 803 909 vellet,
819 831 949 892 diceret:
961 833 1045 894 'Pro-

123 914 165 975 bo
189 913 269 993 quod
293 914 385 992 dieis,
421 917 538 994 optime
560 924 660 996 pater,
696 916 829 974 maxime
859 933 926 975 oum
950 917 1049 976 solius

123 1016 225 1079 papae
248 1017 310 1057 non
345 999 384 1057 sit
406 1017 504 1059 novos
533 997 604 1059 fidei
633 1004 765 1058 statuere
796 998 957 1075 articulos,
991 999 1045 1059 aed

124 1079 292 1142 secundum
316 1087 446 1140 statutos
467 1082 603 1142 iudicare
625 1088 655 1141 et
687 1080 867 1141 descindere
888 1083 1047 1160 quaestio⁶
1130 1099 1135 1104 ·

124 1155 283 1224 nes'fidei.
326 1163 383 1222 Hic
405 1171 507 1224 autern
530 1166 586 1225 erit
608 1164 752 1224 articulus
774 1183 896 1238 novus,
918 1163 989 1225 ideo
1007 1165 1046 1225 ad

123 1246 298 1307 universale
331 1247 495 1307 concilium
529 1247 694 1327 pertinebit
723 1248 787 1308 eins
822 1246 1061 1328 determinatio,-

125 1329 224 1389 multo
246 1330 343 1409 magis
366 1348 456 1408 quam
472 1330 635 1410 conceptio
655 1329 689 1389 B.
702 1329 846 1410 Virginis,
868 1332 1047 1409 praesertim

124 1432 195 1474 eum
217 1412 267 1472 hic
287 1412 426 1490 nullum,
461 1414 524 1473 illic
546 1413 672 1472 multum
703 1419 735 1472 et
757 1431 900 1493 magnum
924 1415 964 1473 eit
984 1414 1051 1474 ani*

125 1513 242 1556 marum
276 1495 453 1574 periculum.
512 1495 658 1575 Alioquin
687 1513 755 1554 cum
784 1514 867 1575 pape
896 1497 935 1577 sit
969 1515 1052 1556 unus·

124 1579 230 1655 home,
253 1579 304 1657 qui
326 1597 427 1638 errare
450 1586 554 1658 potest
574 1580 605 1638 in
628 1577 690 1638 lide
700 1584 732 1638 et
742 1578 888 1655 moribus,
909 1579 1047 1659 periculo

126 1661 250 1722 assidue
272 1660 426 1721 laboraret
447 1664 539 1722 totius
562 1661 713 1722 ecclesiae
734 1659 828 1740 fides,
857 1663 881 1721 si
904 1662 1063 1743 quicquid·

125 1747 154 1806 ei
178 1744 209 1820 ¹)
233 1745 331 1803 visum
353 1746 452 1823 fuerit,
476 1763 604 1805 necesse
626 1745 666 1804 sit
681 1763 786 1804 verum
810 1744 902 1805 credi.
966 1780 969 1787 «
997 1756 1000 1773 ·
1030 1746 1043 1783 ·“

210 1826 373 1908 Secundo,
406 1829 524 1888 etiamsi
552 1846 634 1908 papa
662 1846 730 1887 cum
759 1846 872 1906 magna
892 1835 979 1908 parte
1001 1846 1049 1888 ee*

126 1911 241 1971 clasiae
263 1911 378 1971 sic’vel
400 1912 446 1970 sic
466 1913 612 1989 sentiret,
640 1929 699 1971 nec
721 1912 812 1970 etiarn
835 1917 969 1989 erraret,
998 1911 1064 1971 ed···

124 1994 269 2054 huonon
293 1999 340 2053 est
361 2000 522 2072 peccatum
545 2001 598 2054 aut
613 1993 760 2071 haeresis,
783 1994 1048 2054 contrariumsen·
1070 2061 1076 2074 Ι

125 2080 197 2156 tire,
231 2077 412 2156 praesertim
440 2078 470 2137 in
499 2097 531 2136 re
563 2096 625 2137 non
649 2077 823 2136 necessaria
844 2076 883 2136 nd
906 2075 1047 2154 salutem,

125 2160 228 2220 donec
257 2159 346 2219 suerit
375 2179 428 2238 per
456 2160 619 2220 concilium
649 2160 822 2220 universale
851 2159 980 2218 alterum
1001 2179 1046 2219 re-

124 2243 297 2323 probatum,
306 2242 435 2302 alterurn
448 2244 659 2323 approbatum.
676 2240 776 2321 Quod,
786 2262 823 2301 ne
837 2242 1046 2325 multisagam,

125 2326 179 2386 illo
193 2326 284 2385 unico
304 2325 459 2405 probatur,
482 2324 565 2404 quod
582 2325 965 2386 ecclesiaRomana'etiam
979 2345 1066 2410 curn¹

125 2408 258 2469 concilio
281 2408 445 2468 universali
477 2409 638 2468 Basiliensi
667 2427 705 2467 ac
734 2415 798 2468 tota
825 2407 920 2469 ferme
952 2410 1047 2471 eccle-

126 2494 173 2552 sie
195 2491 288 2551 sentit
309 2491 342 2553 B.
366 2491 522 2573 Virginem
546 2493 612 2551 sine
634 2497 763 2570 peccato
787 2499 989 2572 conceptam,
1017 2497 1062 2553 et'

126 2583 239 2649 tamen,
262 2574 446 2652 quiaaltera
467 2594 537 2655 pars
560 2593 622 2634 non
645 2580 692 2634 est
707 2573 880 2655 reprobata,
904 2582 1049 2635 nunaunt

123 2659 269 2719 haeretici
292 2659 341 2736 qui
365 2661 547 2718 contrarium
569 2659 700 2738 sapiunt.

208 2741 332 2816 Tertio,
365 2760 423 2820 ego
451 2741 543 2820 dicu,
571 2741 643 2800 mihi
672 2741 807 2803 nondum
840 2742 935 2800 visam
964 2741 1047 2801 illam

126 2817 203 2884 Sixfi
226 2823 524 2901 determinationem,
548 2824 692 2886 eadhaec
711 2825 783 2884 mihi
798 2824 864 2884 visa
887 2831 943 2901 est,
966 2823 1048 2903 quod

125 2905 336 2986 indulgentiae
359 2907 470 2966 dentur
494 2907 643 2967 defunctis
667 2927 721 2986 per
746 2905 870 2966 modum
902 2905 1047 2987 suffragii.

126 2991 173 3050 Ex
197 3009 256 3069 qua
278 2990 414 3050 nondum
437 2992 592 3068 sequitur,
623 2991 703 3068 quod
732 2989 802 3050 ideo
833 2990 954 3050 animae
978 3010 1049 3049 evo·

127 3074 201 3150 lent,
226 3072 334 3150 quibus
357 3073 409 3132 ille
432 3073 541 3133 modus
564 3072 660 3133 datur.

210 3153 344 3232 Quarto,
373 3177 436 3216 non
465 3176 589 3236 possum
615 3175 684 3217 esse
706 3153 797 3214 alieni
821 3154 919 3231 verbi,
954 3154 1057 3215 multo

127 3241 226 3299 minus
249 3240 358 3300 summi
381 3238 536 3318 pontilicis
558 3238 719 3319 interpres.
758 3236 870 3314 Quare,
893 3236 994 3298 donec
1016 3257 1050 3298 se

126 3324 225 3402 ipsum
248 3323 472 3399 interpretetur,
496 3324 616 3383 interim
641 3323 811 3402 opinemur,
834 3320 960 3382 honoris
982 3340 1049 3401 gra-

127 3407 178 3478 tia,
202 3403 396 3464 defendendo
420 3406 533 3465 dictum
557 3407 619 3466 tale
640 3405 839 3485 incognitum.
881 3402 1051 3484 Dupliciter

126 3493 230 3568 potest
252 3484 282 3546 id
304 3489 403 3566 ipsum
417 3487 554 3569 intelligi.
579 3489 691 3568 Primo,
704 3489 812 3548 modus
830 3486 966 3568 suffragii
987 3505 1050 3548 non

126 3571 236 3630 minuit
263 3569 487 3650 plenitudinem
514 3572 740 3653 indulgentiae,
771 3571 891 3650 idest,
914 3570 986 3631 licet
1006 3571 1050 3630 in·

198 3785 231 3854 1)
251 3786 281 3838 ln
299 3786 342 3842 ed.
360 3787 435 3841 lem:
456 3787 518 3841 sibi.
