2356 4200
172 267 235 334 184
419 265 616 322 Resolutionea
633 265 742 334 Dispnt.
759 263 837 317 Lnth.

163 437 371 502 'auferendum
393 441 458 515 est,
479 434 510 495 id
532 441 594 514 est,
616 433 807 514 imperfectio
831 431 919 511 fidei,
941 431 1026 512 spei,
1049 449 1097 492 ca-

171 522 281 584 ritatis.
668 521 679 534 '

257 600 410 677 Secundo,
432 599 519 660 nulle
539 617 642 679 poena
663 598 792 658 vincitur
814 597 887 678 fuga
902 601 954 658 aut
974 596 1098 657 timore.

174 687 288 747 Verum
311 688 359 744 est
379 683 461 743 enim
483 679 698 761 proverbium:
737 678 796 754 Qui
827 683 915 740 timet
935 678 1099 755 infernum,

174 765 341 830 descendet
362 766 394 824 in
417 783 503 843 eum,
535 765 597 824 imo
628 764 679 841 qni
705 764 793 823 timet
818 764 972 842 pruinam,
1007 759 1101 820 cadet

173 869 266 931 super
287 867 357 909 eum
378 848 442 924 nix,
463 845 524 907 Job
539 849 567 923 6,
591 844 623 905 id
645 853 702 922 est,
723 845 792 926 plus
807 844 896 905 cadet
912 861 1100 923 supereum,

174 951 266 1013 quam
288 931 397 993 timuit.
440 929 547 990 Omnis
569 947 673 1007 poene
700 930 811 988 timore
839 928 885 987 sni
915 931 1047 1006 augetur
1069 931 1101 985 et

174 1014 351 1089 roboratur,
374 1013 452 1072 sicut
473 1029 579 1072 amore
601 1012 746 1071 minuitur
767 1018 800 1070 et
818 1008 995 1069 infirmatur.
1026 1007 1099 1067 Vin-

176 1098 254 1158 citur
275 1102 377 1156 autem
399 1113 503 1173 poena
525 1111 631 1154 amore
654 1099 685 1154 et
707 1092 852 1172 amplexu
880 1093 936 1152 sui.
978 1089 1101 1151 Deinde

175 1179 260 1240 nulla
289 1196 393 1259 poene
419 1183 466 1237 est
496 1175 643 1254 moleste,
676 1175 747 1235 dum
776 1175 866 1235 fuerit
894 1174 993 1251 victe,
1026 1171 1101 1233 ideo

176 1262 291 1323 emanti
313 1278 431 1340 poenas
455 1265 486 1319 et
506 1264 636 1318 mortem
660 1277 723 1318 non
749 1269 820 1318 sunt
841 1257 1009 1335 molestae,
1045 1253 1100 1314 sed

176 1344 298 1420 dulces,
327 1342 399 1420 quia
419 1359 475 1420 per
496 1357 635 1402 amorem
658 1347 689 1400 et
710 1340 847 1419 spiritum
870 1340 989 1402 victae·
1023 1336 1103 1400 Sunt

175 1432 277 1486 autern
301 1423 451 1484 molestae
474 1419 602 1500 timenti,
625 1423 764 1502 quiaper
776 1424 914 1483 timorem
933 1425 965 1480 et
979 1421 1012 1496 'l‘
1031 1419 1101 1480 lite·

175 1526 241 1568 ram
263 1507 292 1566 ei
321 1506 525 1569 dominentur.
580 1505 612 1567 Si
645 1523 720 1585 ergo
753 1505 962 1586 purgatorium
992 1501 1103 1583 affligit

176 1589 311 1666 animas,
334 1594 365 1648 et
385 1589 534 1649 molestus
556 1594 604 1648 est
622 1589 667 1647 eis
689 1607 802 1667 pavor,
838 1585 964 1647 evidens
987 1591 1035 1645 est
1057 1585 1101 1646 cis

177 1671 287 1731 deesse
317 1689 453 1747 amorem
487 1676 520 1731 et
550 1671 688 1751 spiritum
722 1669 887 1747 libertatis,
922 1675 953 1728 et
990 1666 1103 1729 adesse

178 1753 296 1814 literam
319 1772 356 1812 ac
377 1754 529 1814 timorem.
573 1753 675 1833 Atque
701 1753 783 1812 hunc
812 1751 964 1813 defectum
986 1751 1101 1811 amoris

177 1854 257 1897 roco
286 1835 496 1915 imperfectam
530 1836 690 1896 sanitatem
724 1837 862 1915 spiritus,
902 1853 970 1894 cum
997 1839 1102 1893 eutem

178 1919 246 1978 sine
258 1918 396 1997 perfecta
412 1920 544 1979 sanitate
566 1917 667 1978 nullus
680 1918 800 1978 coelum
818 1917 952 1995 intrabit,
975 1915 1102 1976 tandem

178 2000 348 2079 concludo,
380 2001 587 2061 necessarium
618 2001 679 2060 illis
702 2020 785 2078 esse,
815 2001 921 2081 augeri
942 2000 1101 2059 caritatem

114 2103 123 2115 ·
179 2088 211 2143 et
232 2085 404 2160 sanitatem,
426 2085 505 2142 siout
526 2084 620 2141 minui
641 2083 809 2144 horrorem.

192 2167 200 2191 “·
261 2165 294 2227 si
316 2166 383 2243 quis
398 2167 457 2225 iata
472 2166 639 2245 negaverit,
662 2184 761 2243 neque
780 2164 952 2241 crediderit,
975 2168 1101 2223 conten·

176 2245 315 2325 deritque
337 2248 455 2306 animas
484 2266 553 2307 esse
581 2247 623 2307 ibi
652 2246 803 2327 perfectas
831 2249 862 2307 in
893 2247 956 2306 vita
978 2247 1102 2326 spiritus

177 2328 339 2407 solumque
361 2327 464 2389 debita
485 2330 650 2408 praeterita
673 2349 841 2409 poenorum
856 2330 950 2405 luere,
973 2347 1102 2408 respon·

140 2473 147 2493 ,
177 2409 237 2470 deo
259 2413 400 2490 primum,
422 2411 554 2491 probent
575 2419 606 2472 et
619 2413 677 2492 ipsi
692 2431 778 2472 susm
793 2413 986 2488 sententiam,
1009 2429 1101 2489 quam

177 2497 210 2552 et
231 2511 289 2573 ego
313 2512 410 2572 nego,
444 2499 475 2553 et
507 2501 607 2554 certus
638 2515 721 2574 sum,
755 2495 836 2574 quod
864 2495 914 2554 vel
938 2494 1030 2553 nullis
1052 2493 1102 2553 vel

177 2573 393 2635 infirmioribus
424 2575 593 2636 rationibus
626 2596 681 2636 sua
722 2577 905 2657 probabunt.
958 2574 1102 2637 Secundo

178 2675 247 2736 ege,
268 2675 400 2736 quaero,
422 2677 461 2716 an
483 2665 599 2737 negent
621 2660 731 2739 triplex
753 2659 828 2719 illud
852 2679 944 2739 supra
967 2660 1102 2737 positum

178 2740 346 2799 animarum
369 2758 467 2819 genus
487 2739 727 2800 decedentium?
749 2741 780 2802 Si
794 2742 958 2801 admittunt
980 2743 1101 2801 tertium

178 2838 302 2900 quoque
323 2841 431 2902 genus,
453 2823 663 2901 respondeant
685 2824 723 2883 ad
746 2825 918 2903 praedicto,
942 2823 1102 2902 quomodo

178 2903 332 2964 anferatur
352 2903 611 2984 pusillanimitatis
633 2908 754 2985 spiritus
778 2916 808 2966 et
843 2909 946 2983 timor,
977 2905 1102 2984 quando

177 2984 330 3062 perfectus
351 2985 445 3047 homo
482 2988 561 3046 sicut
587 2995 674 3067 pater
703 2991 768 3048 eins
798 2990 880 3050 Deus
909 2988 985 3049 nihil
1006 2990 1103 3065 timet,

180 3067 285 3126 omnio
306 3074 418 3147 potest,
441 3071 545 3129 omnia
566 3069 688 3148 suffert,
711 3073 740 3131 in
765 3073 906 3132 omnibus
928 3070 1044 3152 gaudet
1066 3091 1104 3132 ac

178 3146 357 3210 delectatur.
400 3149 431 3210 Si
454 3170 516 3212 non
539 3150 720 3231 admittunt,
744 3154 799 3214 sed
822 3157 851 3214 in
876 3162 974 3215 morte
996 3153 1102 3235 perfici

178 3228 270 3290 fidem
293 3231 489 3309 arbitrantur,
513 3253 549 3294 oc
572 3237 616 3295 sic
639 3236 834 3297 solummodo
858 3256 979 3317 poenae
1001 3237 1102 3298 absol·

177 3312 338 3388 vendae²)
365 3320 495 3390 restent,
532 3323 562 3377 et
594 3318 655 3378 lroc
689 3327 785 3379 toturn
815 3321 854 3378 sit
881 3321 1102 3400 purgatorium,

178 3396 257 3456 ratio
279 3397 397 3457 scilicet
418 3396 587 3460 debitarum
610 3420 796 3480 poenarum,
832 3410 894 3462 tum
916 3413 1040 3482 praeter
1061 3401 1101 3481 id,

178 3477 342 3554 quodiam
365 3479 562 3540 fortissimum
595 3491 626 3543 et
653 3484 819 3545 insolubile
847 3485 979 3566 produxi
1014 3504 1101 3566 argu-

177 3566 330 3641 mentum,
353 3561 515 3643 videlicet,
538 3566 619 3644 quod
643 3567 727 3628 nullu
748 3569 914 3648 scriptura,
951 3567 1036 3628 nulla
1056 3588 1101 3628 rc·

249 3736 276 3802 1)
295 3735 326 3787 ln
344 3734 388 3789 cd.
409 3736 470 3792 Jen.
490 3738 581 3795 deest:
603 3746 637 3795 ct.
674 3741 704 3807 2)
743 3743 824 3796 Ibid:
845 3743 1005 3798 solvendae.
