2356 4200
357 273 393 329 de
411 274 512 328 virtute
528 274 772 345 indulgentiarum.
958 276 1020 344 183

95 443 217 486 summo
228 425 356 487 horrore
369 432 400 488 et
412 425 637 508 desperatione,
649 429 735 489 iuxta
746 429 820 490 illud
828 427 882 512 *);
913 431 1019 505 Virum

96 508 243 567 iniustum
265 509 347 569 maia
370 509 491 588 capient
513 509 544 568 in
566 510 704 587 interitu,
726 513 903 572 etiterum:
936 514 1020 576 More

96 595 293 671 peccatorum
317 592 461 671 pessima,
483 591 609 669 scilicet,
631 593 786 671 quianon
809 593 923 656 habent
944 589 1019 658 fidu-

97 673 176 733 ciam
196 673 227 732 in
250 670 328 753 Deo,
350 673 421 735 ideo
444 673 676 755 comprehendit
695 695 750 737 eoa
771 677 826 738 ira.

179 753 355 819 Secundum
378 775 498 834 earum,
528 775 608 836 quae
629 765 701 817 aunt
726 758 787 819 tide
810 760 936 820 omnino
958 760 1021 840 pie·

97 855 157 897 nne
179 844 272 917 atque
293 838 449 917 perfectae
473 838 521 917 (id
552 845 599 898 est
626 839 773 921 beatae),
802 841 859 901 hoa
892 861 1021 905 necesse

97 926 144 981 eet
178 919 208 979 in
243 927 340 980 morte
374 923 475 1002 excipi
505 941 625 982 summa
656 925 820 984 securitate
841 928 873 985 at
894 923 1020 1004 laetitia,

63 1012 65 1016 ’
97 1003 184 1063 iuxta
205 1000 367 1086 iilud**):
410 1005 516 1066 Justus
539 1023 607 1064 eum
632 1004 790 1084 ceciderit,
814 1026 875 1067 non
899 1005 1022 1069 collide·

98 1091 161 1164 tur,
182 1083 333 1145 Dominus
356 1087 437 1147 enim
460 1088 606 1168 supponit
628 1107 750 1148 manum
774 1108 882 1166 auam,
914 1096 944 1149 et
965 1090 1019 1151 ite·

97 1186 178 1228 rum:
202 1167 340 1230 Pretiosa
361 1170 392 1228 in
416 1176 585 1250 conspectu
597 1168 722 1231 Domini
744 1189 826 1232 mora
844 1177 1021 1237 sanctorum

97 1250 185 1328 eiua,
217 1255 248 1310 et
274 1251 405 1313 iterum:
453 1252 559 1313 Juetua
591 1253 616 1311 ei
646 1262 747 1315 morte
777 1259 1022 1338 praeoccupatus

97 1333 203 1409 inerit,
230 1331 261 1391 in
295 1332 452 1412 refrigerio
483 1335 547 1395 erit.
596 1334 637 1395 Et
670 1354 765 1397 cauea
786 1337 944 1415 utriusque
966 1341 1022 1414 eat,

40 1441 51 1463 ο
98 1415 170 1494 quia
182 1414 311 1474 iniustus
322 1415 529 1495 invenitquod
544 1418 653 1494 timuit,
668 1419 768 1477 timuit
779 1424 881 1479 autem
900 1437 1021 1498 semper

98 1503 228 1557 mortem
251 1504 436 1577 etpoenam.
471 1499 576 1559 duetus
599 1506 701 1560 autem
724 1506 807 1562 satur
829 1500 918 1561 huius
942 1501 1024 1561 vitae

98 1579 233 1641 maxime
255 1581 371 1660 cupivit
393 1580 530 1660 dissolvi,
552 1581 623 1642 ideo
646 1581 829 1643 desiderium
852 1584 917 1643 eiua
931 1583 1023 1644 tribu·

98 1668 162 1723 tum
185 1669 232 1721 eet
254 1663 292 1722 ei.
326 1662 382 1723 Ille
404 1682 466 1724 non
476 1664 652 1738 ‚dimidiavit
673 1664 737 1725 dien
760 1684 844 1743 euos,
865 1667 924 1726 iste
945 1665 1025 1726 ultra

97 1744 265 1826 perfectum
287 1746 485 1826 prolongavit
506 1747 672 1808 incolatum
696 1766 794 1808 suum.
843 1747 917 1808 ideo
940 1746 1023 1826 quod

97 1827 149 1888 ille
171 1825 293 1907 horret,
314 1828 373 1888 iste
395 1831 529 1908 quaerit,
559 1830 766 1891 diversissimo
789 1829 889 1892 studio
912 1829 1024 1908 affecti,

92 1908 182 1991 .qnnd
204 1909 247 1969 illi
269 1929 407 1972 nummus
430 1911 538 1974 horror
559 1919 616 1988 eat,
637 1911 708 1972 huic
729 1917 778 1972 eet
797 1930 950 1973 summum
965 1950 967 1954 =
981 1911 1025 1972 lu·

98 2012 183 2054 crum
207 2003 246 2052 et
259 1993 415 2071 gaudium.

181 2075 316 2135 Tertium
339 2095 453 2155 earum,
477 2095 557 2156 quae
579 2082 650 2137 aunt
670 2073 732 2136 fide
753 2075 967 2156 imperfectae,
993 2081 1025 2137 et

99 2159 159 2219 hae
181 2157 285 2218 variae
307 2157 482 2237 differentes
505 2161 583 2220 inter
604 2158 727 2239 plenam
743 2164 775 2219 et
793 2155 908 2217 nullam
922 2155 1024 2218 iidem.

100 2238 201 2302 Credo
225 2246 327 2300 autem
349 2260 411 2301 non
435 2243 541 2322 negari
564 2240 603 2302 ab
626 2240 704 2319 ulio,
734 2239 885 2320 quasdam
905 2242 1024 2301 animan

83 2321 298 2403 ¹imperfectae
320 2321 392 2384 fidei
415 2323 575 2399 decedere,
599 2321 655 2383 sed
676 2328 780 2383 tamen
802 2322 885 2382 infra
901 2321 934 2388 id
955 2340 1023 2382 aua

100 2405 239 2466 dabimus
262 2404 361 2466 latina.
404 2405 499 2486 Igitur
527 2424 596 2467 cum
618 2404 808 2484 imperfectio
830 2402 902 2464 fidei
923 2404 962 2463 sit
983 2403 1026 2463 ni·

99 2487 142 2549 hil
165 2486 265 2566 aliud,
302 2488 360 2548 nisi
397 2489 576 2569 imperfecta
603 2490 724 2548 novitas
752 2488 833 2547 vitae
856 2487 886 2547 in
909 2486 1026 2565 spiritu,

100 2578 132 2631 et
153 2569 253 2632 adhuc
275 2570 425 2651 reliquum
449 2571 486 2632 de
508 2576 661 2632 vetustate
683 2570 783 2630 carnia
807 2575 838 2630 et
865 2567 955 2630 Adae
982 2567 1026 2648 (ei

101 2654 181 2714 enim
202 2659 285 2713 esset
305 2654 451 2733 perfecta,
474 2673 536 2714 non
559 2655 679 2713 timeret
698 2670 850 2732 poenam,
871 2668 930 2710 nee
952 2649 1026 2709 invi·

101 2745 150 2797 tua
172 2742 356 2814 moreretur,
383 2745 436 2797 aut
464 2756 533 2797 cum
556 2735 667 2798 affectu
690 2740 810 2794 terreno
834 2732 924 2792 huius
945 2732 1027 2792 vitae

101 2819 281 2899 migraret),
312 2819 427 2879 clarum
458 2818 593 2893 videtur,
628 2813 787 2877 animabus
818 2813 1026 2874 necessarium
1125 2888 1127 2893 Ι

102 2921 185 2978 esse,
209 2920 270 2961 non
294 2901 394 2962 solum
417 2901 524 2962 toliere
545 2896 681 2981 poenae,
715 2896 770 2958 sed
799 2897 891 2958 etiam
914 2894 1028 2957 addere

10 3033 22 3044 ,
101 2984 320 3066 perfectionem
343 2985 497 3061 novitatis,
520 2989 550 3043 et
572 2976 680 3044 tollere
700 2978 856 3040 residuum
869 2978 1027 3039 vetustatis

106 3067 153 3146 (id
180 3076 236 3146 est,
258 3062 395 3127 amorem
419 3068 500 3125 vitae
516 3065 696 3126 ettimorem
719 3062 825 3122 mortis
848 3066 880 3121 et
899 3059 1027 3134 iudicii).

101 3151 180 3212 Nam
204 3158 474 3228 quantumcunque
496 3147 652 3208 tolleretur
673 3163 775 3227 poena
797 3144 840 3221 (ei
861 3148 943 3203 essct
958 3160 1029 3222 poa-

103 3230 226 3314 sibiie),
248 3251 310 3292 non
334 3233 489 3312 perhanc
510 3230 698 3291 ablationem
721 3234 802 3287 esset
824 3244 922 3303 nana,
950 3225 1029 3285 aient

102 3335 161 3377 nee
189 3317 219 3375 in
253 3316 312 3375 ieta
341 3317 403 3375 vita
431 3334 486 3395 per·
508 3313 694 3374 ablationem
725 3326 894 3390 poenarum
929 3306 1028 3368 solam

104 3400 204 3481 aiquia
231 3398 338 3458 melior
364 3397 414 3478 fit,
442 3396 497 3458 sed
532 3415 588 3476 per
615 3392 804 3456 additionem
824 3390 958 3471 gratiae,
998 3394 1030 3451 et

103 3484 307 3544 remotionem
329 3482 458 3562 peccati.
503 3478 606 3554 Quare
628 3483 659 3538 et
679 3476 738 3537 iilia
751 3475 850 3555 primo
866 3477 1028 3554 peceatum

108 3641 528 3660 w*-

92 3771 99 3776 ·
160 3748 285 3821 ⁴)1’ra1.
308 3745 429 3802 tacet.
467 3741 516 3812 ⁰)
538 3739 673 3796 Parim.
694 3737 755 3795 116.
794 3737 857 3807 Sep.
878 3735 904 3791 4.
