2356 4200
473 305 502 346 ι.
521 288 592 347 tbi?
610 289 705 344 habnt
988 279 1051 349 2OE

128 457 458 537 macenniacum
488 463 557 521 erat
582 456 828 535 consuetudinis,
856 457 946 516 utin
973 455 1041 536 prin

129 541 212 621 cipio
241 540 397 604 Februarii
425 543 539 603 mensis
570 544 640 622 (qui
668 551 700 602 et
720 540 869 601 februatio
889 539 975 600 dieu
994 544 1052 616 ast,

127 624 274 704 purgatio
295 631 327 684 ct
344 625 501 700 lustratio)
526 625 667 706 scpulcra
683 629 872 685 mortuorum
889 621 1053 683 luminibus

127 705 311 785 visitabant,
346 714 438 787 atque
468 709 624 768 civitatem
654 709 714 768 isto
743 712 846 787 pacto·
864 703 1054 786 purgabant3

128 788 300 850 credebant
331 791 431 867 enim,
459 797 598 862 mortuos
627 809 682 870 per
714 790 774 850 boc
802 788 860 849 sibi
882 786 961 848 ellici
983 805 1053 868 pro·

128 873 233 952 pitius.
270 871 436 934 Oresoente
455 891 532 956 ergo
549 873 695 949 ecclesia,
717 891 786 932 cum
808 871 920 932 Christi
938 889 1053 930 nomen

126 955 468 1034 coepissentcontitari,
489 957 602 1017 mansit
614 956 666 1016 ille
678 973 747 1016 mos
768 953 947 1036 gentilitias,
969 959 1055 1013 utut

82 1036 90 1043 ’
128 1056 193 1097 non
237 1044 326 1118 raptu
374 1039 507 1118 quodam
550 1044 725 1117 uterentur,
764 1039 891 1098 nomine
920 1036 1054 1116 Virginis

128 1119 311 1182 celebratur.
355 1121 456 1196 Quare
478 1121 579 1182 adbuc
600 1139 714 1202 operae
736 1121 865 1200 pretium
888 1125 953 1197 est,
984 1137 1053 1199 pro·

128 1204 251 1283 spicere
271 1203 453 1281 Christiani,
477 1224 516 1265 ne
543 1204 689 1265 abolitam
717 1203 969 1264 consuetudinem
992 1201 1054 1260 suis

151 1287 253 1367 ompis
283 1287 487 1351 introducant.
526 1287 723 1367 Mulierculae
745 1285 894 1365 siquidem
918 1283 1054 1366 gaudent

126 1305 324 1450 fongitudine
346 1379 378 1430 ct
399 1369 608 1451 magnitudine
639 1369 880 1430 ceremoniarum
911 1375 942 1428 st
970 1366 1053 1427 laudi

128 1450 263 1528 ducunt,
290 1453 430 1532 siquam
456 1451 615 1514 candelam
640 1453 715 1513 satis
738 1469 883 1532 magnam
901 1451 1054 1525 deferant,

128 1535 235 1616 potins
254 1541 355 1594 autem
377 1537 442 1595 eius
464 1537 610 1616 expensis
629 1554 702 1596 suos
720 1541 753 1594 ut
771 1534 924 1594 nutricant
940 1550 1054 1613 pueros
1099 1581 1112 1605 „

127 1617 274 1676 mavelim
297 1624 329 1677 ct
349 1624 557 1679 sustentarent
574 1618 732 1680 familiam.
769 1617 851 1676 Nihil
874 1619 955 1676 anim
977 1616 1053 1676 inre

128 1705 179 1759 tus
207 1701 239 1759 iu
265 1700 377 1760 iisdem
407 1703 496 1761 situm
519 1707 576 1762 est.
620 1701 671 1761 Sic
697 1702 790 1780 igitur
809 1700 1003 1779 evangelium
1024 1706 1056 1760 ct

128 1801 148 1842 e
170 1782 265 1842 istola
287 1785 501 1864 purgationem
524 1784 697 1844 clamitant:
741 1782 811 1845 Und
828 1782 883 1842 das
906 1783 963 1863 gilt
982 1782 1053 1842 dem

162 1871 213 1924 ten
238 1863 353 1943 Adam,
376 1868 427 1945 qui
452 1866 627 1947 purgandus
651 1873 707 1941 est,
728 1873 761 1927 ct
775 1866 852 1926 baec
863 1867 1005 1945 purgatio
1027 1866 1053 1924 si

127 1949 179 2024 sit,
200 1946 321 2007 videtur
342 1949 432 2010 uobis
446 1951 677 2010 contaminatio.
712 1947 763 2010 sio
777 1949 858 2009 enim
871 1948 1052 2007 Malachiae:

213 2030 314 2090 Ecce
357 2051 427 2112 ego
470 2032 583 2092 mitto
625 2031 805 2112 angelum
849 2050 973 2090 meum
1015 2037 1054 2091 et

129 2113 384 2192 praeparabit
415 2117 514 2175 viam
547 2122 635 2175 anta
665 2115 807 2174 faciem
842 2133 981 2191 msam,
1017 2120 1053 2173 et

128 2196 266 2255 statim
288 2198 428 2257 veniet
449 2197 494 2257 ad
517 2198 706 2277 templum
741 2204 917 2256 sunctum
949 2215 1052 2255 suum

129 2277 371 2356 dominator,
405 2279 460 2341 der
485 2280 668 2356 Herrscber,
698 2299 805 2358 quem
840 2298 909 2340 vos
939 2298 1053 2357 quae-

127 2361 232 2501 ritps,
267 2369 303 2420 et
337 2362 502 2444 angelus
531 2364 782 2441 testamenti,
825 2382 936 2441 quem
980 2381 1051 2421 vos

128 2462 177 2501 vu
204 2444 263 2503 tis.

212 2524 295 2585 Eone
338 2529 528 2607 purgationis
550 2528 665 2605 ordo,
708 2535 800 2607 atquc
841 2527 1052 2606 praescriptio.

97 2614 106 2625 “
130 2607 286 2668 Hactenus
314 2610 430 2688 populo
459 2610 668 2690 praedicatum
698 2618 744 2670 est
775 2611 813 2670 de
843 2611 982 2670 maximis
1009 2611 1053 2668 in·

129 2689 312 2770 dulgentiis,
353 2712 408 2771 per
440 2712 516 2771 quas
554 2693 647 2753 bomo
681 2694 748 2772 ipse
780 2713 799 2753 a
837 2692 936 2752 seculi
965 2692 1053 2751 huius

129 2774 279 2851 miseriis,
313 2775 525 2853 passionibus,
556 2775 772 2855 laboribusque
795 2776 954 2852 liberetur,
984 2793 1051 2834 cum

127 2862 231 2916 tamen
254 2857 328 2916 deus
352 2877 414 2918 non
437 2857 511 2918 velit
531 2860 692 2938 passiones
714 2861 796 2939 ipsas
819 2877 974 2935 amovere,
997 2857 1052 2917 sed

129 2938 226 2998 multo
250 2941 347 3020 magis
371 2960 464 3020 super
484 2940 608 3017 addere,
632 2961 701 3000 cum
721 2949 822 3001 tamen
837 2960 945 3001 omnes
960 2940 1052 3020 scrip-

128 3027 199 3079 tura
231 3041 341 3082 sanare
369 3022 488 3083 videtur
522 3025 612 3084 unico
645 3024 741 3084 verbo
772 3024 810 3084 dc
843 3023 1052 3103 indulgentiis,

127 3104 212 3182 quod
240 3111 287 3164 est
314 3105 439 3166 credere
466 3107 496 3165 in
526 3106 688 3166 Christum.
744 3108 850 3167 Passio
880 3106 991 3166 Christi
1020 3112 1051 3165 et

127 3192 303 3246 sanctorum
344 3187 537 3248 sanctificant
568 3189 598 3248 in
640 3189 701 3249 tide
739 3189 878 3250 membra
919 3207 1052 3268 ossaque

127 3274 234 3329 eorum
258 3289 295 3329 ac
317 3279 433 3348 cetera,
465 3290 543 3350 quae
571 3273 746 3352 tetigerunt.
797 3273 859 3333 Gur
880 3272 972 3352 igitur
993 3290 1050 3331 nos

127 3353 230 3411 miseri
253 3360 447 3432 acceptamus
471 3373 525 3431 ea,
558 3373 637 3431 quae
667 3355 786 3416 minora
808 3363 893 3431 sunt,
924 3354 1052 3414 meliora

127 3564 172 3632 zig
196 3563 279 3625 17073
299 3564 335 3615 ibi
358 3580 391 3615 ue
410 3563 511 3632 legitur
532 3581 557 3631 p.
577 3564 612 3619 67
632 3581 691 3633 sqq.
715 3567 747 3616 af.
791 3565 937 3618 Loescheri
958 3568 1050 3620 ltefor·

127 3635 311 3686 mationsacta
339 3580 375 3694 (b,
401 3636 467 3698 795,
494 3634 655 3688 Germanice
683 3653 725 3703 ap.
754 3638 858 3689 Walsh.
885 3638 948 3700 tlt,
982 3638 1050 3692 1652

124 3721 185 3775 sqq.
230 3705 289 3758 Nos
322 3712 427 3757 textum
459 3708 637 3774 repetivimus
669 3723 703 3759 ex
733 3707 819 3762 libro:
859 3705 1049 3777 Unsubuldige

125 3777 312 3831 Nacbricbtcn
334 3786 385 3830 etc.
