2356 4200
140 287 203 351 114
450 285 598 343 Sermones
616 287 728 343 Luthesi

139 463 174 518 ut
193 456 289 518 fidere
310 476 369 518 nos
390 458 422 517 in
451 477 484 519 se
511 458 653 520 doceret:
687 459 791 519 omnia
810 475 929 518 rursum
950 454 1061 536 aufert,

140 541 249 601 saltem
273 559 329 621 per
350 547 491 620 mortem,
515 548 549 602 ut
567 542 711 603 fiduciam
731 543 825 602 istam
844 539 965 620 probet.
1003 539 1063 600 llic

140 623 255 685 cadunt
291 623 433 685 infideles
472 625 562 685 huius
601 625 759 705 praecepti
804 630 1061 704 transgressores,

139 707 208 767 Hoc
228 707 379 787 estquod
407 709 568 788 apostolus
595 708 670 768 dicit
692 711 719 771 1.
743 708 812 769 (lor.
834 708 872 767 L:
902 707 974 786 quia
995 709 1080 767 non'

139 792 287 872 cognovit
310 793 342 850 in
371 791 428 851 Dei
457 792 609 872 sapientia
636 791 768 852 mundus
794 811 849 871 per
878 790 1061 870 sapientiam

138 873 248 958 Deum,
269 875 384 954 placuit
400 874 469 935 Deo
485 895 541 956 per
563 874 720 935 stultitiam
741 873 980 954 praedicationis
999 873 1061 933 sal·

138 952 195 1017 vos'
217 958 320 1018 facere
340 956 511 1020 credentes.
543 959 589 1019 lta
601 958 747 1036 similiter,
761 959 833 1036 quia
842 976 898 1037 per
910 954 1061 1017 beneficis

139 1048 170 1101 et
197 1040 280 1101 bona
312 1061 375 1102 non
404 1042 552 1122 cognovit
579 1042 716 1102 mundus·
736 1042 836 1101 Deum
863 1042 895 1100 iu
920 1039 1062 1117 bonitate¹

139 1125 214 1200 eius,
236 1123 354 1204 placuit
375 1143 430 1204 per
453 1124 534 1185 mala
546 1133 577 1185 et
592 1125 742 1186 honorum
755 1124 942 1186 ablationem
956 1123 1064 1184 salvos

137 1206 240 1267 facere
262 1208 437 1269 credentes.
480 1209 588 1269 Discat
608 1210 712 1288 itaque
733 1207 816 1268 rudis
834 1208 976 1286 quisque,
997 1208 1062 1268 ime

139 1291 231 1350 etiarn
259 1289 369 1353 doctus
397 1293 527 1371 quisque
553 1293 721 1372 inspicere,
750 1297 866 1370 quanta
893 1289 951 1352 sibi
977 1289 1063 1351 dedit

137 1373 221 1433 Deus
243 1374 346 1435 multis
368 1373 435 1436 aliis
458 1381 587 1455 negata,
613 1382 645 1435 et
666 1395 700 1435 se
721 1377 822 1455 ipsum
844 1392 948 1434 secum
969 1375 1061 1435 inter·

137 1463 236 1536 roget,
259 1477 354 1536 quare
377 1456 483 1520 dedit?
525 1458 566 1518 Et
586 1460 724 1518 inveniet
744 1457 866 1517 abunde
883 1458 1003 1518 motiva
1021 1455 1061 1518 sd

137 1537 281 1599 fiduciam
304 1541 336 1600 in
348 1542 459 1606 Deum.
503 1541 594 1616 Quod
615 1542 781 1621 praecipue
801 1542 833 1600 in
856 1539 962 1602 diebus
975 1540 1062 1601 lestis

137 1619 203 1681 lieri
225 1622 334 1685 debet:
357 1622 429 1686 ideo
457 1626 538 1686 enim
559 1624 710 1685 habentur
730 1625 822 1701 festa,
844 1631 878 1684 ut
899 1642 973 1684 ecoe
994 1643 1062 1684 san-

138 1725 191 1765 sus
211 1725 314 1787 sanos,
338 1726 452 1790 corpus
474 1715 594 1788 aptum,
617 1714 759 1788 parentes
781 1706 899 1786 fideles,
922 1707 1062 1768 substau-

137 1789 211 1847 tiam
223 1789 435 1869 sufficientem,
458 1811 569 1872 pacem
593 1791 805 1871 temporalem,
826 1789 928 1870 fruges
949 1797 1061 1868 terrae,

138 1870 288 1950 obsequia
308 1874 504 1953 animalium,
526 1874 665 1936 favorem
691 1873 859 1952 hominum,
887 1873 1009 1934 coelum
1032 1879 1063 1934 et

137 1953 257 2036 aerem,
285 1958 367 2019 diem
391 1965 423 2019 et
453 1963 594 2036 noctem,
623 1964 655 2019 et
675 1959 781 2017 omnia
802 1975 882 2036 quae
903 1956 1008 2034 vides,
1031 1963 1080 2017 et'

137 2037 298 2121 erubesce,
338 2041 422 2120 quod
451 2061 508 2123 pro
536 2042 597 2102 illis
627 2061 696 2101 eum
736 2059 891 2119 nunquam
915 2038 1062 2118 laudasti,

137 2120 288 2204 dilexisti,
318 2118 492 2206 agnovisti,
521 2124 576 2187 sed
606 2125 711 2186 omnia
743 2124 822 2184 haec
850 2142 942 2203 supra
973 2123 1061 2184 illmn

136 2208 259 2286 amasti,
281 2214 395 2271 necin
419 2209 653 2290 comparatione
675 2209 740 2267 eius
767 2207 945 2286 despexisti.
992 2207 1062 2269 Hoc

136 2294 197 2366 est,
220 2290 251 2350 in
274 2293 385 2374 spiritu
407 2291 569 2372 festinare,
591 2310 698 2370 orare,
720 2290 860 2368 laudare,
889 2291 971 2369 quod
996 2312 1061 2356 non

133 2369 168 2430 fit
192 2390 246 2433 ore
269 2381 323 2435 aut
356 2396 435 2439 sono
464 2376 673 2454 instrumenti,
703 2393 762 2434 nec
790 2375 887 2454 signis
913 2379 1063 2458 corporis,

138 2453 194 2514 sed
220 2458 328 2519 intimo
359 2458 483 2525 affectu.
533 2458 675 2522 Secundo
703 2456 855 2518 beneficia
882 2459 1063 2541 spiritualis,

138 2555 221 2616 quae
241 2547 359 2602 tantum
383 2545 423 2605 ad
446 2545 578 2626 primum
595 2541 722 2622 gradum
745 2560 800 2601 seu
821 2548 968 2620 punctum
989 2563 1062 2606 con·

141 2621 199 2680 arri
223 2632 372 2708 possunt,
392 2646 577 2708 quamquam
595 2645 658 2686 non
682 2630 754 2684 sunt
772 2624 913 2703 visibilia,
935 2633 969 2686 ut
991 2635 1063 2690 sunt

137 2705 295 2788 scientiae,
317 2715 410 2791 artes,
431 2711 599 2791 ingenium,
621 2727 691 2768 eum
714 2714 778 2767 tam
800 2707 887 2767 multi
904 2710 966 2769 sint
975 2710 1062 2791 fatui,

139 2787 245 2870 rudes,
268 2791 400 2874 indocti,
423 2792 556 2854 inutiles.
599 2790 719 2852 Deinde
741 2792 868 2851 virtutes
890 2798 922 2852 et
946 2793 1061 2855 bonam

139 2869 251 2934 lamam
271 2874 310 2935 ad
331 2876 426 2938 vitam
447 2894 486 2937 ac
507 2881 618 2935 statum
637 2893 776 2935 securum
788 2895 845 2956 pro
863 2875 1062 2958 beatitudine,

136 2953 219 3014 idem
239 2957 408 3040 honorem,
442 2961 595 3037 favorem,
627 2957 822 3040 dignitatem,
844 2960 1060 3038 praelaturam.

133 3034 237 3099 Tertio
260 3042 423 3123 multiplex
444 3043 603 3121 scriptura,
625 3043 656 3102 in
673 3061 734 3121 qua
759 3043 1061 3122 comprehenduntur

130 3119 192 3180 alia
214 3121 286 3202 duo,
311 3127 431 3187 scilicet
453 3125 594 3186 meritum
617 3132 649 3186 et
668 3127 850 3206 praemium.
893 3130 995 3193 Prima
1012 3136 1060 3192 est

129 3200 192 3267 Jer.
217 3207 282 3268 ta:
325 3208 508 3270 Maledictus
531 3210 591 3287 vir,
622 3211 674 3288 qui
701 3229 765 3270 non
787 3211 915 3273 conlidit
943 3216 974 3275 in
996 3215 1059 3275 Do-

130 3287 214 3347 mino
237 3295 269 3349 et
298 3293 387 3370 ponit
418 3310 541 3353 earnem
564 3291 722 3354 brachium
751 3313 855 3373 suum,
884 3303 915 3357 et
942 3296 1061 3358 recedit

130 3369 237 3436 aDeo
261 3391 315 3432 eor
346 3376 427 3455 eius,
460 3382 490 3436 et
516 3375 696 3437 benedictus
727 3378 773 3438 vir
808 3381 858 3458 qui
880 3382 1008 3446 conlidit
1029 3385 1059 3444 in

129 3451 281 3535 Domino,
309 3464 340 3516 et
375 3461 432 3520 erit
465 3460 615 3520 Dominus
645 3459 758 3520 fidncia
791 3464 866 3526 eius.
916 3464 1060 3527 &cunda

130 3535 268 3600 eiusdem
298 3558 366 3620 cap.
399 3543 449 3607 39.
479 3541 519 3603 ad
549 3543 732 3604 Abimelech
764 3543 964 3627 Aethiopemi
985 3551 1060 3630 quia

127 3615 261 3712 habuisti
284 3620 427 3685 fiduciam
449 3627 480 3686 in
502 3645 562 3704 me,
585 3645 689 3686 eruam
711 3632 752 3702 te,
766 3634 797 3688 et
817 3630 874 3689 erit
888 3630 941 3692 tibi
955 3634 1058 3693 anima

127 3719 159 3759 ιιι
182 3702 323 3766 salutem.
365 3706 470 3770 Tertia
490 3710 522 3769 in
543 3709 676 3788 Psalmo,
708 3708 768 3784 Qut
788 3710 920 3774 confidit·
938 3716 970 3776 in
991 3716 1054 3778 Do-

120 3785 216 3864 mino,
240 3788 324 3851 sicut
342 3808 435 3854 mons
447 3791 524 3856 Sion
546 3774 830 3859 non⁴removebitur
843 3796 878 3856 iu
889 3805 1061 3879 aeternum,
