2356 4200
130 339 137 353 ,
180 262 243 340 160
439 267 636 325 Resolutionss
656 271 759 340 Disput.
778 265 860 328 Loth.

180 442 374 527 significatae
396 446 467 499 sunt
488 439 722 503 iustificationes
743 444 775 502 in
799 445 916 524 spiritu,
935 450 966 506 et
989 439 1109 506 mundi-

180 531 241 590 tiae
265 525 376 600 cordis,
399 542 475 602 quas
498 525 666 586 ministerio
691 527 765 586 novi
784 527 950 589 sacerdotii
963 535 1111 608 operatur

178 614 209 672 in
233 609 369 672 ecclesia
391 607 538 668 Christus.

265 691 458 769 Quamquam
497 691 587 770 igitur
615 699 734 752 sextam
773 694 1005 755 conclusionem
1039 697 1110 775 ipse

178 798 240 839 non
261 775 357 858 posui
380 792 420 834 ex
442 774 556 852 animo,
579 779 612 835 ut
634 775 697 847 dixi
718 775 854 854 ibidem,
875 777 930 838 sed
952 779 1025 857 quia
1056 778 1110 839 alii

177 863 222 922 sic
249 859 405 934 sentiunt,
437 863 541 916 tamen
572 857 644 937 quia
672 877 731 919 nec
758 859 816 938 ipsi
847 860 1015 921 adversarii
1037 880 1108 922 eum

178 945 321 1006 omnibus
346 941 409 1001 suis
428 941 581 1019 magistris
603 959 698 1020 usque
725 941 818 1002 hodie
853 934 984 1022 possunt
1005 951 1111 1006 osten·

178 1026 267 1105 dere,
296 1021 458 1106 quomodo
481 1023 627 1084 sacerdos
655 1025 781 1085 remittit
803 1026 925 1106 culpas,
956 1027 1014 1087 nisi
1036 1026 1109 1089 hac-

177 1112 303 1171 reticam
328 1109 435 1182 illam,
468 1106 522 1175 sed
555 1107 697 1167 usitatam
728 1111 911 1169 sententiam
940 1109 1109 1190 proferant,

177 1211 239 1273 qua
274 1194 387 1253 dicitur
420 1198 614 1250 sacramenta
641 1209 743 1251 novae
776 1191 854 1272 legis
889 1192 1108 1256 iustificantem

176 1277 308 1357 gratiam
332 1276 406 1336 dare
428 1270 499 1351 illis,
523 1274 573 1350 qui
597 1292 658 1334 non
683 1281 803 1354 ponunt
825 1273 955 1356 obicem,
978 1295 1047 1343 cum
1069 1278 1109 1337 sit

175 1359 370 1439 impossibile
384 1364 610 1419 sacramentum
634 1357 764 1417 conferri
777 1357 946 1437 salubriter,
970 1360 1029 1419 nisi
1045 1361 1108 1420 iam

177 1442 384 1520 credentibus,
407 1450 438 1500 et
459 1440 547 1499 iustis
571 1448 602 1499 et
623 1438 733 1519 dignis.
761 1439 892 1520 Oportet
916 1443 997 1502 enim
1019 1461 1107 1504 acce·

176 1525 303 1586 dentem
340 1523 475 1584 credere.
528 1522 648 1582 Deinde
677 1543 738 1584 non
770 1507 1011 1603 sacramentum,
1052 1524 1108 1586 sed

177 1606 254 1668 fides
279 1608 464 1667 sacramenti
486 1604 640 1669 iustificat.
684 1607 757 1666 ldeo
789 1607 931 1686 quicquid
954 1607 1109 1669 blaterent

177 1692 310 1772 opiniosi
333 1690 512 1770 sophistae,
549 1707 622 1748 vero
645 1689 773 1748 similius
796 1700 863 1767 est,
900 1689 982 1769 quod
1006 1709 1106 1752 sacer·

177 1774 235 1836 dos
256 1793 360 1835 novae
393 1773 469 1852 legis
493 1771 632 1832 declarat
653 1773 804 1832 duntaxat
830 1783 860 1833 et
882 1772 1036 1853 approbat
1057 1792 1107 1836 so·

174 1855 326 1919 lotionem
349 1857 408 1916 Dei
434 1855 482 1932 (id
505 1861 575 1932 est,
599 1855 765 1932 ostendit),
789 1861 820 1915 et
840 1856 900 1915 hac
922 1859 1107 1918 ostensione

178 1948 210 2003 et
229 1941 344 2001 iudicio
370 1957 426 1998 suo
450 1939 566 2017 quietat
588 1939 811 1999 conscientiam
832 1940 1023 2018 peccatoris,
1055 1941 1107 2020 qui

178 2028 243 2086 eius
265 2023 380 2084 iudicio
403 2029 523 2081 tenetur
545 2019 681 2098 credere,
704 2028 736 2081 et
750 2040 857 2100 pacem
875 2020 998 2083 habere.
1024 2021 1107 2098 Quo·

177 2109 272 2171 modo
295 2118 384 2167 vetus
408 2105 438 2182 ¹)
461 2103 616 2169 sacerdos
645 2103 802 2183 quietabat
823 2123 894 2181 eos,
923 2123 1007 2184 „qnos
1036 2124 1106 2167 cor-

171 2212 254 2273 pore
276 2190 328 2251 vel
350 2195 438 2249 veste
460 2187 591 2247 mundos
613 2187 784 2265 iudicabat,
820 2206 889 2247 cum
912 2195 1017 2248 tamen
1039 2189 1107 2270 ipse

170 2278 295 2338 nullum
318 2277 427 2353 posset
446 2270 615 2345 mundare,
638 2289 696 2330 nec
718 2291 752 2330 se
773 2272 882 2350 ipsum.
906 2270 998 2360 Quod
1020 2273 1103 2332 enim

169 2359 226 2420 ille
246 2363 281 2421 in
307 2353 497 2434 corporibus,
520 2354 581 2413 hoc
602 2354 661 2414 iste
683 2355 712 2413 in
727 2355 924 2414 conscientiis
947 2362 1104 2433 operatur.

170 2441 213 2503 Et
236 2447 282 2505 sic
305 2436 475 2517 respondet
496 2438 618 2515 spiritus
642 2437 763 2515 literae,
791 2443 823 2496 et
844 2438 957 2497 veritas
979 2436 1104 2518 figurae.

75 2591 77 2594 Α
170 2525 212 2586 Et
238 2528 395 2603 exspecto
424 2520 482 2580 hos
512 2519 682 2581 catholicae
711 2519 781 2580 fidei
805 2519 1002 2597 defensores,
1033 2538 1105 2599 quo·

171 2611 264 2672 modo
302 2606 369 2668 sine
396 2604 547 2683 pravitate
579 2603 735 2664 haeretica
756 2603 845 2663 aliter
865 2604 987 2684 possint
1010 2622 1104 2684 expo·

170 2713 244 2755 nere
265 2690 408 2756 alatrium
430 2689 581 2750 virtutem.

472 2867 690 2929 Conclusio
717 2867 811 2927 Vlll.

171 3030 323 3091 Oenones
350 3021 597 3109 poenitentiales
617 3020 716 3081 solum
743 3018 918 3080 viventibus
947 3026 1020 3079 sunt
1053 3019 1104 3079 im·

141 3107 148 3181 ’,
169 3113 262 3192 positi
290 3111 435 3190 nihilque
465 3105 619 3201 morituris
648 3101 815 3200 secundum
852 3101 979 3163 eosdem
1015 3101 1105 3162 debet

576 3206 704 3268 imponi.

169 3325 258 3387 Hanc
288 3327 439 3411 disputo,
469 3320 526 3380 etsi
553 3316 746 3392 multisunt,
781 3316 832 3394 qui
862 3316 1009 3375 mirentur
1038 3330 1103 3373 eam

535 3420 604 3462 esse
626 3399 759 3461 dubiam.

252 3540 355 3604 Primo
381 3535 534 3622 probatur
555 3550 610 3611 per
632 3527 706 3588 illud
730 3527 837 3588 Roma.
860 3531 878 3590 7
890 3546 896 3584 :
919 3518 991 3586 Lex‘
1009 3525 1102 3586 domi.

381 3698 602 3718 μ

240 3803 269 3871 1)
289 3803 321 3857 ln
341 3803 394 3863 ed,
413 3800 492 3854 lena
514 3811 605 3848 verns.
