2356 4200
124 261 186 329 1118
370 254 565 321 Ralulutiouas
584 263 691 329 Disput.
710 262 790 318 Luth.

123 431 238 494 habeat
260 436 395 493 statuere
416 449 496 511 quae
517 438 590 493 sunt
609 429 692 507 tidei,
713 433 771 492 nisi
794 431 852 493 8011
873 450 1047 513 praecones

123 516 292 576 veniarum.
334 514 400 576 Illis
422 516 541 591 omnia,
564 508 643 593 quiec
664 514 762 592 libuit,
784 514 894 594 licent,
924 516 1047 575 unioenr

124 604 227 659 18888
242 595 357 659 hebent
369 616 478 659 omnes
493 599 644 658 rationem
662 615 737 657 suae
749 599 934 676 sententiae,
955 617 1047 677 qnam

125 688 158 743 et
178 679 289 739 Pauor.
311 680 364 740 lib.
386 685 416 745 5.
447 679 486 740 de
512 698 583 759 008.
608 678 645 739 'et
664 699 708 740 re.
730 698 772 740 c.:
818 679 908 755 Quod
933 688 1050 757 autern,

124 759 222 840 effert,
244 761 390 823 videlicet
410 762 500 840 hanc,
521 761 553 823 si
575 761 784 843 indulgentiae
807 764 906 824 solum
920 763 1048 824 eunom·

126 863 178 904 ces
200 863 318 923 008888
341 845 481 905 dicuntur
503 845 668 917 remittere,
691 845 752 905 hoc
774 855 822 905 est
838 845 1048 926 indulgentias

125 928 216 989 nimis
238 927 392 989 vilificare.
436 928 542 1006 ltaque
563 947 603 986 ne
625 927 701 989 viles
735 929 795 989 sint
825 928 1048 1008 indulgentiae,

126 1010 223 1090 magis
246 1010 362 1089 placuit
382 1009 499 1090 tingere
528 1010 610 1090 quod
642 1012 797 1087 nesciunt,
830 1031 899 1072 cum
929 1011 1047 1071 nullan

127 1093 167 1153 sit
186 1092 354 1172 pericnlum
376 1095 555 1166 animarum,
579 1095 605 1152 si
626 1092 837 1174 indulgentiae
859 1095 953 1155 etiem
972 1093 1048 1155 nihil

127 1181 247 1252 essent,
280 1175 393 1235 nedum
416 1175 551 1254 viles1),
585 1178 787 1237 miserrimum
811 1196 884 1237 vero
905 1178 963 1252 sit,
985 1178 1048 1237 ani-

127 1257 234 1319 mabus
256 1256 404 1338 figmenta
425 1265 458 1319 et
476 1258 636 1333 illusiones
656 1259 846 1339 praedicere,
867 1260 1049 1320 8118888118-

127 1339 304 1420 dulgentiae
335 1340 515 1401 utilissimae
543 1348 657 1402 essent.
706 1341 795 1403 Adeo
827 1362 890 1403 808
918 1341 1050 1405 habetur

127 1424 205 1484 ratic
229 1422 335 1483 salutis
356 1424 541 1501 animarum,
573 1423 627 1483 sed
656 1425 888 1503 tantummodo,
917 1444 958 1487 ne
984 1443 1049 1485 non

53 1518 57 1526 '
127 1506 244 1584 optime
266 1505 424 1566 videemur
434 1506 588 1581 docuisse,
609 1507 678 1585 plus
691 1507 868 1569 laboremus
878 1526 935 1588 pro
948 1507 1050 1588 glorie

127 1589 224 1648 nostri
252 1588 353 1666 verbi,
383 1590 441 1650 etsi
467 1608 532 1648 nou
564 1591 747 1665 necessarii,
780 1609 870 1670 quam
901 1609 959 1670 pro
987 1588 1050 1655 ude

128 1669 279 1748 simplicis
299 1677 331 1731 et
351 1670 441 1731 nobis
465 1673 620 1742 commissi
642 1673 749 1752 populi
771 1674 840 1734 8018
860 1674 1048 1736 necessaria

211 1751 273 1813 eeu
299 1760 464 1831 antequem
497 1753 536 1814 ad
560 1754 593 1815 B.
615 1753 766 1815 Thomarn
794 1763 826 1815 et
853 1756 1049 1817 308888818-

127 1833 231 1909 ram2)
256 1835 472 1915 respondeam,
495 1835 620 1916 dignum
643 1837 763 1899 videtur
782 1840 911 1899 recitere
927 1839 1048 1918 opinio·

126 1937 183 1979 nes
206 1917 246 1978 de
266 1917 480 1999 indulgentiis,
511 1939 550 1979 ne
579 1938 639 2000 ego
661 1922 776 1999 primus
804 1928 856 1981 aut
878 1921 964 1981 80188
994 1940 1048 1983 eea

126 1996 307 2062 indubium
330 2019 461 2062 vocesse
482 2001 597 2062 videar.

210 2083 324 2145 Glosse
345 2103 437 2164 super
458 2103 484 2147 c.
527 2083 618 2159 Quod
641 2092 752 2148 eutem.
783 2086 885 2150 11185.
914 2085 955 2147 de
976 2104 1048 2166 poa

127 2172 159 2226 81
186 2186 230 2227 re.
255 2186 415 2227 assumens
443 2166 684 2227 declarationem
720 2188 813 2247 super
847 2167 987 2228 efficacia
1018 2177 1050 2229 et

128 2249 238 2310 virtute
259 2248 514 2329 indulgentiarum
538 2251 582 2309 sie
603 2252 725 2329 incipit:
756 2249 835 2326 Quid
858 2250 985 2311 valeant
1007 2258 1049 2312 18·

127 2330 173 2392 188
195 2333 402 2405 remissiones,
423 2338 512 2392 vetus
534 2333 668 2410 querele,
690 2342 721 2393 81
743 2333 843 2394 adhue
858 2335 932 2395 88118
945 2334 1048 2395 dubia.

210 2415 272 2477 Alii
298 2413 417 2502 dicunt,
451 2415 532 2494 quod
566 2423 695 2495 prosunt
723 2416 824 2495 quoad
846 2417 963 2493 Deum,
993 2417 1048 2476 sed

128 2515 189 2557 non
213 2496 315 2575 quoed
337 2498 511 2575 eeclesiam,
533 2501 688 2576 quoniam,
711 2501 823 2577 siquis
846 2501 912 2559 sine
926 2499 1048 2561 mortali

128 2579 267 2657 decedet,
295 2580 431 2640 nondum
461 2588 587 2660 peraeta
613 2583 819 2660 poenitentia,
851 2583 953 2641 minus
982 2602 1048 2642 sen·

128 2662 220 2737 tiet³)
245 2681 363 2741 poenes
384 2665 568 2742 purgatorii,
602 2665 686 2724 iuxta
709 2665 833 2725 medum
857 2665 1048 2726 remissionis

128 2743 185 2804 sibi
205 2745 315 2823 fectae,
339 2745 470 2806 ecclesie
493 2753 595 2807 188188
618 2749 732 2808 viventi
756 2767 817 2807 808
838 2755 968 2827 propter
989 2747 1049 2808 hoc

127 2826 247 2887 relaxet
276 2828 528 2889 satisfactionem.
579 2829 664 2890 Haec
697 2832 801 2910 opinio
835 2830 1000 2891 damnatur
1030 2849 1049 2889 a

127 2908 237 2970 Pauor.
260 2909 384 2988 ibidem,
406 2920 437 2971 et
458 2910 561 2990 plecet
582 2914 646 2972 eius
668 2912 835 2974 damnatio.

211 2989 270 3053 Alii
294 2993 413 3070 dicunt,
445 2995 528 3072 quod
551 3006 680 3074 prosunt
701 2994 803 3074 quoad
825 2995 1047 3074 poenitentium

127 3071 178 3132 hic
200 3075 364 3135 iniunctam
387 3095 425 3135 ex
449 3077 725 3155 superabundanti,
758 3088 786 3137 et
816 3077 855 3136 ed
885 3077 1048 3152 cautelam,

128 3156 158 3215 id
182 3165 237 3235 est,
260 3164 377 3219 tantum
399 3178 453 3218 eas
477 3178 603 3238 poenes,
622 3179 701 3240 quas
720 3180 780 3221 non
800 3159 970 3220 secuudum
986 3179 1048 3220 mo·

128 3237 209 3315 dum,
232 3240 286 3300 sed
309 3242 339 3300 18
363 3243 513 3301 cautelam
531 3244 840 3323 superabundantius,
865 3262 958 3321 quem
981 3261 1047 3322 pec·

128 3331 229 3383 catum
259 3322 446 3400 merebatur,
478 3326 632 3405 imposuit.
682 3328 721 3386 Et
756 3329 833 3386 haec
868 3327 936 3405 plus
966 3326 1047 3385 dam·

129 3405 242 3480 nenda,
264 3425 355 3484 quem
378 3408 470 3486 prior.

210 3487 282 3561 Alii,
304 3489 386 3567 quod
407 3498 535 3568 prosunt
557 3491 660 3568 quoad
683 3492 780 3552 Deum
810 3500 840 3550 et
872 3490 1046 3566 ecclesiam,

132 3623 308 3631 ——-..-.-.-

201 3674 286 3738 118
308 3675 350 3727 eu.
370 3678 471 3744 pune:
493 3677 578 3730 vires.
651 3648 681 3736 ei
705 3678 786 3730 mm
813 3676 846 3727 au
868 3677 898 3727 8.
920 3677 950 3728 n.
973 3682 1000 3730 8
1019 3675 1045 3726 n.

130 3747 160 3809 31
182 3747 214 3798 18
234 3745 275 3799 ed.
294 3746 371 3801 len:
392 3750 500 3800 8881181.
