2356 4200
409 295 444 352 de
462 299 530 352 sctis
550 297 719 368 augustanis
738 293 816 352 icis.
985 288 1046 358 345

123 469 156 528 in
188 485 249 546 quo
272 475 373 529 tamen
399 468 475 542 (itid.
497 469 549 530 fol.
575 469 665 544 Gur)
702 487 766 528 non
787 468 960 528 ultimarum
982 467 1048 527 lite·

124 570 229 613 rarum
257 560 363 631 partes
395 554 427 626 in
455 552 583 632 singulis
611 551 749 612 versibus
793 551 893 612 adhuc
928 551 1048 631 conspi-

127 637 248 695 ciuntur
269 654 445 715 expressae,
468 635 522 695 sed
544 641 648 715 partes
671 636 836 710 literarum,
859 634 967 713 quibus
989 634 1049 693 sin·

127 717 191 799 guli
213 736 321 777 versus
339 720 529 798 inceperunt.

187 800 273 860 Haec
284 802 352 881 ipsa
365 801 438 861 mihi
454 801 722 883 videturprinceps
733 802 826 862 tuisse
837 800 941 875 editio,
958 817 1049 878 quam

124 883 274 944 Lutherus
286 885 382 945 invito
396 885 536 964 Principe
549 883 935 964 electoreWittembergae
959 901 1050 942 excu-

124 966 260 1026 dendum
276 969 401 1043 curavit,
410 987 449 1027 ex
465 987 525 1047 quc
546 974 649 1028 tamen
662 987 776 1027 excusa
785 967 929 1045 Princeps
941 965 1049 1042 Postil-

124 1049 176 1109 lae
196 1048 356 1110 exordium
377 1052 535 1130 pigmento
559 1058 625 1112 atro
647 1052 801 1130 exstingui
821 1050 917 1110 iussit.

208 1132 340 1192 Riedero
377 1152 500 1212 quoque
532 1134 593 1194 duo
621 1140 745 1213 praesto
780 1138 869 1192 erant
896 1131 1051 1211 exempla·

124 1217 171 1275 ria
192 1214 280 1275 huius
303 1216 455 1294 editionis,
477 1218 509 1276 in
531 1216 640 1295 quibus
662 1216 767 1276 itidem
790 1216 848 1275 hae
866 1221 954 1274 erant
975 1213 1049 1274 obli-

124 1299 303 1360 teratioues.
345 1300 451 1359 Refert
478 1302 560 1359 enim
588 1301 620 1358 iu
643 1300 926 1375 commentatione,
959 1316 1050 1376 quam

125 1401 219 1460 supra
239 1381 452 1457 laudavimus,
479 1387 491 1458 (
497 1400 527 1461 p.
550 1381 643 1460 365),
665 1400 745 1460 quae
766 1388 951 1461 sequuntur:
994 1380 1049 1440 Bei

126 1464 228 1524 dieser
250 1464 378 1524 Postilla
400 1464 561 1525 bemerkte
583 1465 633 1525 ich
656 1466 751 1525 schon
774 1465 867 1544 lange
877 1465 908 1523 iu
919 1464 1051 1524 meinem

126 1547 303 1625 Exemplar,
327 1547 397 1608 dass
416 1547 470 1607 der
490 1568 588 1628 ganza
610 1554 691 1608 erste
714 1546 925 1626 paragraphus
947 1565 1009 1607 von
1032 1547 1051 1608 8

124 1628 230 1690 Zeilen
261 1631 316 1690 mit
346 1630 644 1690 Druckerschwttrze
672 1630 769 1709 vollig
790 1628 965 1709 uberzogen
997 1629 1051 1706 sei,

126 1712 198 1772 dass
221 1731 292 1771 man
314 1712 415 1773 nichts
437 1705 539 1774 davdn
562 1714 648 1774 lesen
670 1714 787 1808 kenne,
810 1714 871 1772 wie
893 1718 981 1772 sonst
1001 1711 1052 1771 die

126 1795 256 1855 Bucher-
258 1795 411 1855 Censores
436 1796 594 1865 imPebett
582 1796 674 1855 t·hum
691 1797 746 1855 mit
733 1794 825 1855 tdeu
840 1796 915 1855 locis
937 1813 1052 1873 expun-

126 1877 235 1958 gendis
258 1878 312 1938 der
323 1878 451 1958 Bucher,
475 1879 563 1939 die'
539 1899 584 1939 sre
606 1879 687 1939 doch
701 1879 786 1938 nicht
802 1878 900 1957 vollig
920 1896 1052 1937 vorwer-

125 1961 175 2021 fen
188 1961 326 2038 wollten,
344 1962 457 2040 gathan
470 1961 579 2022 haben.
602 1962 661 2021 uin
685 1960 814 2021 anderes
824 1960 991 2039 Exemplar
1013 1961 1052 2020 ei-

126 2062 181 2103 nes
206 2044 396 2119 vornehmeu
421 2043 563 2105 Gonners
586 2046 625 2104 ist
645 2045 712 2104 hier
734 2044 850 2104 ebenso
864 2041 1051 2119 beschalien,

126 2126 219 2186 allein
245 2145 277 2186 es
301 2146 373 2207 mag
387 2129 545 2187 entweder
566 2128 650 2187 nicht
665 2146 757 2206 sogor
778 2125 1054 2205 hartgeschwbrzt

127 2208 204 2270 oder
225 2209 322 2269 sohon
346 2210 483 2270 ehemcls
505 2230 567 2270 von
589 2208 752 2270 iema'nden
782 2209 867 2268 diese
890 2208 1053 2268 Schwbrue

127 2291 308 2352 aufzulosen
341 2293 485 2353 versucht
513 2293 639 2353 worden
662 2295 743 2366 sein,
773 2291 912 2351 welches·
931 2290 981 2350 ich
1003 2291 1052 2352 bei

129 2376 275 2434 meiuem·
296 2374 465 2455 Exemplar
480 2396 549 2435 -zur
578 2377 646 2436 Zeit
673 2376 754 2436 noch
791 2375 876 2434 nicht
903 2374 995 2434 habe*
1016 2393 1053 2434 zu

127 2456 244 2517 Stande
266 2458 392 2538 bringen
415 2460 560 2537 konnen,
595 2479 630 2518 so
660 2459 760 2519 hehen
792 2458 856 2516 sich
890 2457 970 2517 doch
998 2476 1053 2516 aus

122 2543 228 2620 jenem
262 2540 409 2621 folgende
430 2541 539 2601 Worte
569 2541 670 2602 bisher
697 2541 938 2620 herausbringeu
977 2539 1053 2599 oder

127 2623 270 2683 erratheu
293 2623 406 2703 lassen,
429 2624 479 2684 die
500 2625 549 2684 ich
571 2623 846 2705 mitWeglassung
868 2622 923 2682 der
935 2621 1050 2682 Abbre·

127 2707 265 2765 viatureu
289 2705 395 2766 hieher
416 2713 515 2767 setae:

208 2787 355 2849 Primum·
375 2789 516 2850 Summus
538 2789 681 2851 Pontifex
702 2790 862 2850 Romanus
878 2786 1011 2848 Summis

902 2888 1051 2950 episcopis

127 2952 233 3014 scribit
252 2961 286 3013 ut
274 2953 448 3014 tlratribus
471 2956 533 3014 suis
557 2953 782 3015 venerabilibus
838 2997 998 3014 ......
1022 2952 1050 3015 S.

128 3035 205 3097 sixti
226 3036 407 3117 presbytero
430 3036 533 3097 scribit
554 3036 667 3097 dilecto
696 3035 761 3098 lilio
806 3082 813 3097 .
858 3083 865 3096 .
908 3083 915 3096 .
951 3084 957 3097 .
998 3081 1005 3096 .
1039 3069 1053 3082 ·

128 3119 325 3223 observatum
348 3126 404 3197 est,
426 3127 459 3179 ut
487 3122 517 3178 in
540 3120 627 3180 hoo
619 3121 791 3200 rpsoBrevi
820 3116 1013 3194 observabis,

654 3202 708 3262 sed
730 3203 864 3262 maxime
887 3201 954 3260 dist'
934 3206 1049 3280 t-mgue

129 3282 183 3343 bat
214 3284 422 3345 memorabilis
451 3291 548 3346 autor.
592 3285 812 3364 Hieronymum
824 3284 1011 3345 Aeculanum

927 3372 1054 3428 veue'ra·

128 3444 220 3509 bilem
233 3449 356 3508 fratrem
372 3470 391 3509 a
407 3450 492 3529 Papa
503 3451 664 3511 nominari.
678 3452 816 3531 oportuit
828 3450 910 3511 enim
923 3467 1010 3528 prae-

813 3551 848 3593 ro
872 3533 973 3593 ativae
989 3566 1024 3577 -
1039 3565 1052 3578 -

127 3615 220 3675 etiam
244 3613 282 3674 ab
304 3613 365 3674 hoc
386 3614 585 3695 Sycophanta
602 3606 723 3695 flliuari,
755 3617 806 3696 qui
828 3553 938 3677 diguitur
957 3614 1012 3674 Le-

315 3782 316 3787 *
686 3782 689 3789 Ι
748 3751 751 3755 .
797 3706 887 3781 gatus
908 3717 927 3759 a
947 3697 1050 3776 latero,

127 3796 296 3840 memorem
319 3797 398 3843 esse.
482 3812 485 3819 ·
