2356 4200
124 265 170 334 52·
443 263 722 326 sermonenluthai

124 444 212 516 teret,
233 438 451 520 intelligeret,¹
467 441 522 502 sed
549 440 627 502 illud
658 438 751 503 aliud.
800 435 1047 515 Quociroa'non'

126 518 271 601 sequitur,
293 540 362 583 sese
383 523 567 604 multiplicat
586 524 638 585 vel
649 521 818 605 promouit,
840 518 914 604 er'go
937 538 972 587 se
990 520 1048 582 tle·

125 606 208 674 serit.
250 603 315 666 Imo
338 608 533 687 contionum,
555 607 627 668 dum
649 606 890 687 samultiplicat,
905 602 1049 666 maxims

124 687 208 749 idem
230 693 335 750 manet
364 696 395 749 et
421 688 479 757 fin,
511 689 659 751 Videmus
681 691 800 769 itaque,
830 687 987 768 quomodo
1015 688 1049 748 in

125 769 262 850 qualibet
281 790 317 832 re
337 778 369 832 et
391 779 530 834 creatura
558 773 769 853 multipliciter
796 770 898 833 elucet
919 788 1050 852 *proces-

126 855 173 914 sio
200 854 286 914 verbi
307 873 347 915 ex
368 848 485 936 Patre,
506 857 579 917 licet
605 875 671 917 non
697 854 866 935 aequaliter
887 855 918 914 in
952 853 1048 915 ommi

125 937 191 998 bus.
241 936 319 997 Nam
350 944 451 1007 mulne
472 939 530 1005 :rei
561 940 750 999 inanimatae
781 938 1049 1018 imperfectissima

127 1019 250 1098 quidem
271 1019 302 1079 id
315 1020 465 1101 ostendit,
483 1022 662 1102 qaiaparva
682 1027 731 1082 est
741 1021 956 1102 multiplicatio
978 1020 1049 1099 ieta,

126 1121 186 1181 qua
207 1102 288 1162 idem
310 1103 542 1185 multiplicatur,
574 1105 697 1184 quando
726 1105 756 1164 in
780 1103 1049 1180 multemovatnn,

124 1204 188 1245 non
208 1191 314 1251 tamen
334 1186 428 1250 nulla.
470 1187 556 1248 Sicut
576 1194 679 1248 autem
701 1194 803 1247 motus
833 1186 985 1266 est-'ipsa'
1002 1199 1049 1246 co

127 1268 227 1328 sentia
246 1268 304 1328 Dei
332 1265 499 1330 secundum
520 1271 736 1346 Aristotelem,
765 1270 816 1349 qui
838 1263 934 1346 dicit,
952 1266 1048 1348 qued

127 1349 273 1411 sit=aetus
294 1351 449 1432 mobilis,
468 1354 500 1412 in
522 1359 668 1432 quantum
688 1352 877 1413 huiusmodi:
907 1351 1048 1412 similiter

127 1441 175 1493 est
195 1433 368 1513 dicendum,
386 1435 473 1514 quod
496 1436 592 1497 multo
615 1437 714 1516 magis
735 1436 896 1496 nascentia
916 1433 1045 1494 animati

128 1523 175 1577 est
186 1517 477 1597 ipsumammatnm
493 1519 525 1578 in
548 1525 694 1597 quantum
707 1516 893 1595 huiusmodi,
914 1517 987 1596 quia
998 1521 1049 1576 est

127 1606 213 1659 aetus
234 1599 296 1660 vivi
324 1601 356 1659 in
380 1607 541 1680 quantum»
554 1599 748 1662 huiusmodi,
781 1601 911 1682 Accipio
935 1605 1049 1660 autem

127 1683 319 1742 nascentiam
340 1682 389 1743 vel
412 1685 634 1745 incrementum
665 1689 793 1765 propter
813 1683 979 1764 penuriam
994 1678 1050 1743 no

50 1798 54 1805 »
128 1762 250 1824 minum·
264 1764 315 1825 hic
335 1784 392 1846 pro
416 1769 500 1827 omni
518 1773 588 1827 actu
611 1767 753 1847 animati,
779 1767 858 1826 sicut
879 1770 1051 1831 motueest

129 1848 233 1908 omnis
251 1853 337 1908 actus
358 1850 529 1930 inanimati,
552 1857 584 1909 et
604 1868 712 1910 sensus
729 1849 878 1928 sensitivi,
898 1847 1048 1929 cogitatio

127 1931 267 2009 rationis,
289 1931 415 1992 verbum
433 1933 629 1995 intellectus,
658 1931 756 2012 Igitur
767 1933 846 1992 sicut
865 1932 967 1992 motus
983 1946 1048 1991 non

127 2019 248 2074 tantum
267 2014 401 2075 localem
425 2013 593 2097 significat,
621 2014 791 2083 sedetiam
819 2015 896 2074 alias
917 2012 1049 2157 stagonian,

129 2086 238 2176 quibus
259 2115 309 2157 res
331 2098 400 2179 ipsa
420 2098 604 2178 multiplicat
632 2099 664 2159 in
692 2116 728 2158 sc·
746 2098 830 2179 ipsa,
848 2101 896 2158 ut
919 2125 922 2133 ·
954 2095 1047 2169 bede,

128 2180 282 2260 quantitas
303 2186 372 2260 etc,
393 2181 438 2240 ita
450 2182 609 2242 nascentia
619 2181 671 2240 hic
684 2182 724 2249 sit·
744 2180 881 2260 nutritio,
902 2178 1048 2260 cugmen-

128 2264 217 2342 tatio,
238 2264 416 2344 generatio,
438 2282 518 2342 quae
540 2271 588 2324 est
608 2270 694 2324 actus
715 2264 811 2344 ipsius
832 2262 909 2342 vivi,
930 2259 982 2325 vel
1003 2262 1048 2342 ips

127 2363 195 2405 sum
214 2347 329 2426 vivum,
351 2347 457 2408 nonin
479 2352 687 2428 quantum-est
707 2346 807 2427 arbor,
828 2346 956 2426 lignum,
980 2342 1047 2405 hen

125 2427 184 2509 ba,
206 2426 261 2489 sed
283 2429 314 2488 in
336 2434 484 2509 quantum
505 2428 689 2509 huiusmodi,
711 2431 731 2490 i.
754 2429 1047 2508 salvamentum

127 2510 200 2571 dum
211 2511 439 2592 philosophiam
460 2512 645 2574 Aristotelis.
687 2512 734 2573 lta
755 2512 951 2573 sensatioest
970 2527 1048 2571 non-

127 2595 186 2654 nisi
208 2596 279 2675 ipsa
298 2596 434 2656 essentia
446 2596 611 2656 sensitivae
631 2596 687 2674 rei,
708 2596 728 2656 i.
739 2612 770 2656 a.
783 2601 832 2655 est
847 2591 1048 2655 actussensi-

127 2678 181 2738 tivi
192 2677 228 2737 in·
237 2683 388 2757 quantum·
397 2676 581 2740 huiusmodi.
609 2676 662 2740 Sic
673 2677 801 2739 vamum
815 2683 862 2738 est
872 2675 1047 2745 intellectus

126 2761 195 2840 ipse
216 2761 249 2819 in
270 2768 416 2839 quantum
438 2760 622 2831 huiusmodi.
665 2759 752 2836 Quae
773 2756 879 2821 omnia
900 2777 940 2820 ex
961 2757 1047 2818 iden*-

126 2844 215 2903 titate
240 2849 343 2903 motus
373 2862 443 2905 cum
475 2843 584 2906 mobili
604 2843 695 2904 facile
715 2843 943 2929 intelliguntur,
976 2840 1049 2920 quia

127 2926 233 2987 omnia
253 2925 307 2986 illa
330 2926 459 3007 quidam
480 2936 582 2989 motus
605 2923 688 3006 sunt,
712 2916 748 2986 ui
768 2924 883 2986 dictum
904 2929 960 2988 ests
992 2923 1050 2984 *lta

128 3027 202 3090 ergo
233 3014 266 3070 et
285 3008 460 3071 minanti
489 3017 537 3070 est
565 3006 635 3090 ipsa
664 3010 800 3071 essentia
819 3008 894 3086 Dei,
909 3013 959 3068 et
980 3008 1050 3066 esse

128 3090 265 3154 divinum
285 3099 334 3152 est
354 3093 455 3174 ipsum
472 3090 614 3172 uerbum,
637 3092 705 3154 solo
728 3092 847 3152 scilicet
866 3089 921 3163 illo
943 3087 1048 3149 ineffe-

127 3173 181 3236 bili
196 3181 243 3235 et
271 3175 551 3256 superintelligibili
577 3181 663 3236 motu
698 3174 737 3236 ab
770 3193 809 3235 eo
845 3168 1048 3234 descendens.

126 3257 261 3318 Ultetius
283 3258 376 3319 etiam
404 3258 437 3319 id
457 3257 631 3340 perpende,
664 3257 747 3337 quod
769 3256 869 3323 omnis
890 3259 1048 3316 res··motu

127 3346 159 3400 et
180 3358 244 3402 non
265 3341 433 3409 secundum
455 3359 524 3402 esse
546 3341 672 3422 attingit
698 3341 861 3409 terminum
883 3337 1048 3425 att-quem,

126 3423 177 3484 vel
200 3424 309 3485 saltem
329 3443 392 3485 non
420 3425 453 3484 in
483 3430 631 3505 quantum
659 3430 723 3501 est,
751 3422 810 3483 sed
839 3423 871 3481 in
894 3427 1048 3501 quantum

129 3506 246 3568 mobile
268 3513 332 3586 est,
354 3507 487 3587 attingit.
529 3506 580 3569 Sic
602 3505 753 3567 sensualis
774 3511 884 3565 natura
905 3516 968 3565 nnn
990 3520 1048 3583 per

126 3607 212 3667 essa,
234 3589 289 3650 sed
309 3607 365 3669 per
385 3590 558 3671 potentiam
580 3589 736 3651 sentiendi
754 3588 900 3669 pervenit*
918 3585 957 3646 ad
980 3594 1048 3646 sen*

128 3671 219 3733 sibile
246 3670 297 3733 sel
323 3670 543 3735 sensnnon‘e'm.
585 3673 633 3734 lta
656 3673 757 3752 ¹ratio,
791 3672 836 3731 ita
863 3668 1049 3751 intellectus,

124 3755 175 3826 ita
189 3754 272 3815 Dens
303 3773 365 3817 non
394 3774 451 3838 par
471 3773 556 3836 ease,
587 3754 644 3818 scd
671 3774 730 3836 par
759 3752 1049 3836 producere-suum
