2356 4200
133 290 176 358 ‘3ss
349 252 354 257 ”
383 290 542 361 Responsio
561 290 596 347 D.
615 290 693 344 ιιιιι.
714 284 825 344 Lutheri

15 491 18 502 ,
122 460 314 538 'attritionim
345 479 403 521 nec
431 459 518 521 liberi
540 459 670 603 arbitrii,
700 459 754 520 sed
781 462 902 540 ςιιιιιιιι
925 465 988 519 est
995 459 1055 551 tate

134 542 329 621 desiderium,
352 551 425 604 ante
447 561 570 603 omnem
593 546 671 603 virtu
652 551 735 603 ntem
757 543 897 603 clavium.

217 625 378 704 Secundo,
394 627 545 686 facillime
565 626 693 687 admitto
703 626 819 704 ,quod
842 626 950 705 dicis,
947 624 1055 686 indul·

133 669 260 791 gentius
269 709 400 770 conferri
413 727 507 790 posse
520 728 537 768 e
539 711 611 769 tium
625 709 907 791 imperfectissimis,
924 726 984 768 nec
995 707 1056 769 hoo

132 798 229 874 ‘neget
244 810 320 853 mec
335 794 517 873 propositio,
539 794 602 852 imo
620 811 679 873 ego
694 792 797 869 oredo,
820 791 903 871 quod
912 791 1054 852 remissio

135 895 258 956 poenae
282 875 481 936 sacerdotalis
505 883 608 955 potest
630 876 761 935 conferri
782 875 919 956 indignis
942 874 1057 935 etiion

122 960 285 1020 contritis.
329 958 444 1021 Sensus
465 967 568 1018 eutem
591 978 676 1018 meus
698 966 759 1036 est,
782 959 865 1038 quod
886 957 972 1018 nullu
994 975 1056 1018 ont-

133 1043 218 1102 nium
248 1043 374 1102 omnino
404 1060 591 1121 poenarum,
619 1049 681 1101 tam
704 1061 722 1101 ι
743 1042 810 1102 Deo
833 1042 1056 1121 impositorum,

136 1144 227 1205 quam
258 1124 296 1185 ab
328 1124 470 1202 homine,
498 1127 557 1184 nisi
594 1125 823 1205 perfectissimis
851 1131 957 1204 potest
983 1123 1056 1200 duri,

137 1211 199 1268 imo
222 1207 313 1267 nullis
334 1208 366 1266 in
388 1208 447 1267 hec
468 1209 540 1268 vitu.
584 1207 690 1268 Monet
711 1209 793 1267 enim
814 1208 1056 1287 poene-mortis,

136 1290 228 1352 dolor
255 1289 357 1350 cordis
391 1298 450 1351 eto.
493 1289 534 1350 Et
560 1290 675 1350 nullum
706 1297 753 1352 est
741 1291 904 1351 tdubium
930 1292 962 1350 in
999 1289 1057 1349 ιιιι

134 1374 357 1453 propositione,
381 1375 572 1470 experientis
589 1381 677 1452 teste,
701 1372 1054 1445 etomniumsenteutiu.

155 1484 158 1506 ε
219 1455 270 1515 Ao
297 1457 476 1517 vicesimum
512 1465 653 1537 quartam
681 1476 778 1537 negas
807 1457 871 1516 falli
899 1455 1055 1537 populum,

138 1541 164 1599 si
186 1538 335 1600 modot
303 1541 397 1599 attriti
419 1538 587 1600 confitecnt
575 1547 624 1599 ιιι
645 1546 703 1600 etc.
726 1540 832 1619 quod,
851 1546 884 1598 ut
905 1558 1001 1620 ιιιιιιιι,
1020 1536 1057 1598 tte

135 1623 293 1687 attritione
316 1622 431 1701 dictum
453 1630 510 1702 est,
531 1624 648 1684 reiicio

132 1774 139 1781 ..
214 1704 375 1772 ιιιιιιιιιιοΙ
381 1711 407 1785 ι,
421 1706 504 1785 quod
517 1705 614 1802 cottis,
626 1706 687 1766 ulia
701 1706 784 1767 bone
804 1725 900 1785 opero
911 1725 976 1767 non
990 1723 1056 1769 esse

137 1787 339 1867 relinquenda
358 1797 485 1885 propter
506 1790 630 1867 venies,
665 1808 734 1848 cum
762 1789 862 1849 nullus
890 1807 946 1886 pro
974 1793 1055 1855 certo

138 1873 225 1951 sciet,
246 1891 282 1946 ,se
303 1874 410 1932 venies
432 1882 616 1932 assecutum.
659 1872 745 1940 Item
769 1873 840 1951 quie
862 1872 920 1937 etsi
941 1871 987 1932 illi
1008 1888 1055 1930 ve·

138 1954 221 2015 niem
242 1974 305 2016 non
328 1964 572 2034 consequuntur,
600 1955 684 2034 pium
707 1961 810 2015 tomen
834 1974 922 2036 opus
933 1952 1054 2030 faciunt,

137 2036 222 2117 qnod
245 2057 299 2098 eos
322 2039 354 2097 in
376 2038 505 2099 salutem
528 2038 672 2117 disponit.

220 2120 425 2200 Respondeo:
448 2121 476 2182 Ο
499 2122 641 2181 miserum
664 2120 868 2202 patrocinium
890 2122 1055 2196 veniarum,

139 2203 280 2281 obsecro,
306 2204 331 2264 si
352 2205 501 2264 incertum
524 2211 571 2265 est
573 2204 752 2282 ,consequi
773 2221 830 2263 nos
845 2203 963 2284 venius,
987 2200 1054 2282 qnid

136 2285 287 2347 fecimus?
310 2286 383 2366 quid
404 2287 521 2348 doces?
549 2251 764 2368 A’postolusfl
787 2286 945 2366 prohibet,
966 2286 1053 2346 nein

136 2369 285 2430 incertum
308 2389 474 2431 curremus.
885 2431 890 2452 ,

220 2453 305 2512 Haeo
325 2453 380 2514 ιιιι
401 2453 482 2534 opud
510 2474 560 2513 me
582 2454 741 2513 verissime
770 2458 856 2531 sunt,
885 2453 950 2512 imo
978 2450 1054 2532 opud

138 2554 255 2596 omnes.
299 2537 377 2596 Hinc
406 2542 467 2612 est,
499 2535 583 2615 quod
615 2555 673 2616 ego
708 2543 774 2596 totu
802 2535 914 2595 fiducie
942 2534 1054 2595 suadeo

124 2619 330 2697 nominibus,
363 2626 396 2678 ut
422 2620 535 2680 relictis
564 2621 661 2679 veniis
685 2620 823 2682 ,invicem
852 2617 1054 2694 benefaciant,

138 2703 209 2782 quie
231 2704 281 2761 hio
303 2710 373 2762 sunt
395 2704 478 2782 certi,
502 2722 571 2763 sese
593 2703 722 2782 gretiam
735 2703 792 2762 Dei
815 2702 974 2780 consequi,
997 2700 1055 2762 illio

138 2803 211 2847 vero
235 2787 352 2863 incerti,
375 2804 414 2845 an
437 2787 565 2866 gretiam
588 2787 720 2845 hominis
739 2792 975 2863 consequantur.
1002 2784 1055 2844 Ηιι

139 2868 262 2928 tandem
287 2868 366 2928 dicis
386 2875 417 2928 et
435 2870 529 2929 sentis
550 2868 590 2929 ed
606 2870 709 2929 omnis
723 2876 796 2928 vota
809 2887 887 2947 meu,
910 2870 973 2928 imo
994 2868 1055 2948 plns

122 2951 344 3030 quumvoiui.
375 2952 446 3032 ⁴Ego
469 2954 521 3032 qui
543 2953 723 3029 haereticus,
746 2950 889 3030 perfidus,
913 2968 1054 3012 erroneus

138 3053 277 3113 accusor,
300 3053 456 3113 nunquam
478 3043 541 3095 tom
563 3035 678 3094 utiliter
700 3034 738 3094 de
751 3034 958 3177 ,indulgentiis
978 3035 1054 3094 locu-

110 3114 187 3198 4'tus
209 3137 286 3196 sum,
308 3136 366 3177 neo
387 3119 471 3196 loqui
493 3118 577 3179 volo.
612 3116 691 3192 Quid
716 3124 763 3177 est
765 3136 922 3196 ,quoeso,
946 3117 1054 3178 donum

137 3202 287 3261 incertum
309 3202 367 3269 nisi
389 3201 505 3261 nullum
527 3201 662 3261 donum?
686 3200 788 3275 Quare
811 3220 884 3280 ergo
907 3207 961 3262 tot
975 3219 1055 3280 pom·

138 3285 185 3365 pis
206 3285 350 3344 irritetur
360 3283 469 3364 vulgus
492 3283 529 3343 ed
553 3286 701 3345 incertum
724 3304 811 3344 suum
831 3284 956 3361 bonum,
980 3279 1055 3405 qnod

139 3367 178 3426 ιιι
201 3369 401 3427 certissimum
425 3368 538 3428 bonum
567 3369 632 3427 sine
664 3386 780 3447 pompe
810 3386 850 3447 po
853 3369 910 3427 ιιι
938 3363 1055 3427 induci.

139 3450 207 3510 Hoc
232 3451 349 3511 modo
354 3452 441 3530 peius
470 3451 598 3528 fallitur,
632 3470 695 3511 non
723 3452 823 3510 maior
846 3469 917 3530 pars
945 3449 1055 3532 popuii,

139 3532 194 3593 sed
216 3539 297 3620 totns
319 3533 462 3613 populus.
506 3533 595 3613 Quid,
618 3536 643 3594 si
665 3553 725 3614 ego
747 3535 807 3593 isto
831 3533 1000 3594 dixissem?

212 3717 245 3787 1)
264 3719 296 3772 In
315 3720 379 3776 edit.
391 3720 474 3777 ‘tent
494 3723 595 3790 primo.

121 3808 125 3817 ¹
212 3789 242 3863 Ρ)
264 3790 278 3846 1
302 3790 366 3847 θοι.
386 3793 411 3849 9.
570 3810 573 3815 ·
