2356 4200
135 282 201 351 θα)
301 284 443 353 ¹ttustuor
454 284 617 354 =Ooncioncs
636 285 669 341 Ι).
690 286 723 355 Μ.
742 286 854 343 hiberi

137 457 219 536 typis
241 473 388 519 excusum
411 455 440 518 d.
464 457 518 521 31.
535 476 581 519 m..
599 455 730 536 Augusti
746 456 896 519 liutherus
912 477 979 539 ,par
990 457 1065 540 Spa·

135 538 263 602 tatinum
295 540 379 599 misit
400 545 522 618 atque.
544 541 702 611 excusavit
730 540 885 602 Friderico
921 540 1065 605 Electori

134 621 295 703 Augustae
307 621 537 685 vindelicorum
558 624 771 702 commoranti,
794 642 895 702 quem,
916 643 959 695 nc
981 627 1065 706 typis

135 704 190 769 iile
200 705 385 785 vulgaretur,
407 704 589 767 dissuasisse
611 704 795 784 exepistola
808 707 1064 788 coniiccralioat,

134 806 227 867 mam
239 787 280 847 ad
287 787 478 868 Spoletinum
493 797 564 849 tunc
573 787 721 850 lutherus
734 787 828 867 dedit,
842 788 1064 873 ubihaealegi·

135 889 218 953 mus:
237 873 433 950 „Antequam
456 872 595 931 venirent
607 870 714 931 literae
728 881 808 949 tuas,
829 871 870 932 mi
888 871 1063 954 Spoletina,

38 970 41 975 ·
123 953 196 1013 iam
218 959 284 1015 erat
305 953 405 1014 editus
431 972 533 1014 sermo
565 952 603 1013 de
631 955 972 1034 excommunicatione,
1004 957 1061 1019 sad

134 1042 221 1097 tanta
242 1036 448 1097 modestiaet
469 1044 531 1095 tam
552 1034 647 1094 firmis
674 1035 768 1096 fultus
796 1037 934 1098 veritatis
957 1045 1062 1119 patro·

116 1119 232 1197 ciniis,
255 1129 288 1179 ut
309 1117 382 1179 mihi
404 1137 475 1197 spes
498 1120 556 1194 sit,
579 1137 647 1179 eum
666 1137 729 1178 non
750 1119 845 1181 modo
867 1139 932 1181 non
947 1141 1062 1202 ‘repro-

121 1200 200 1273 'bari
222 1220 242 1263 a
262 1201 398 1263 veritatis
419 1199 616 1279 amatoribus,
639 1201 694 1261 sed
716 1209 748 1262 ot
761 1221 905 1282 magnam
925 1206 1060 1284 granam

122 1285 293 1361 initurum,
324 1283 405 1363 apud
419 1288 489 1359 Teos
512 1285 622 1363 etiam,
654 1303 733 1362 quos
756 1286 893 1365 tyrannis
914 1287 986 1367 ipsa
1008 1288 1060 1357 de-

131 1364 240 1428 lactat:
262 1365 342 1426 adeo
364 1384 483 1429 sacram
504 1367 588 1442 illam
610 1374 795 1447 potestatem
818 1368 914 1429 extuli
938 1373 1058 1453 magui·

131 1447 200 1526 flos,
221 1449 299 1511 citra
320 1459 422 1509 tamen
445 1449 670 1529 adulationem,
692 1469 757 1510 non
778 1458 883 1512 tamen
904 1453 985 1515 citra
998 1475 1058 1517 ne·

20 1534 23 1539 ’
122 1533 317 1605 cessitatem.
357 1531 448 1593 Nihil'
464 1533 545 1595 enim
567 1534 597 1592 iu
614 1552 658 1594 ,eo
682 1533 790 1611 docui,
840 1533 902 1595 uod
923 1555 992 1597 non
1013 1538 1058 1619 ip·

22 1640 31 1653 *
132 1614 400 1676 simetdocueriut
427 1624 459 1677 et
480 1615 644 1677 doceant.“
699 1615 804 1690 (Luth.
854 1637 905 1697 pp.
928 1619 970 1679 cii
991 1621 1055 1683 Au-

130 1697 175 1759 rii.
200 1700 209 1758 Ι
231 1717 261 1778 p.
284 1703 335 1772 Π,
358 1697 397 1758 de
419 1698 606 1778 Wettelp.
632 1699 720 1772 134).

214 1781 449 1843 Vetustissimos
471 1782 536 1842 eius
558 1782 709 1842 sermonis
731 1780 883 1843 editiones
905 1792 993 1845 sunt:

134 1906 137 1911 -
213 1863 321 1927 Sermo
363 1860 417 1925 de*
439 1865 550 1925 virtute
592 1866 921 1926 excommunicationis
956 1867 1057 1933 naor

130 1947 294 2009 Martino
327 1947 473 2007 Lnther
494 1947 719 2028 Augustiniano
756 1967 776 2006 a
807 1948 920 2027 linguis
949 1953 1056 2013 terciis

130 2030 254 2093 tandem
277 2029 483 2092 everberatus.
504 2032 534 2093 4.
557 2028 800 2110 lnfinelegitur:
824 2028 937 2104 Τέλος.
959 2032 1056 2096 Anno

84 2118 86 2125 '
129 2113 170 2192 Μ,
192 2114 231 2192 D,
248 2115 356 2175 -XVill,
410 2114 569 2188 (Fortasse
596 2111 829 2193 Wittenbergae
855 2113 938 2194 apud
953 2115 1055 2187 ‚Joan

129 2215 201 2257 uem
224 2195 428 2276 Grunenberg
449 2195 606 2276 excusus.)

212 2279 320 2347 Sermo
358 2279 398 2339 da
440 2279 550 2339 virtute
591 2278 918 2339 excommunicationis
955 2280 1055 2343 Frami

129 2362 298 2425 Martino
319 2361 462 2422 Luther
489 2361 717 2441 Augustinianp
752 2380 771 2420 a
802 2361 915 2441 linguis
949 2365 1053 2426 terciis

129 2445 253 2507 tandem
281 2442 486 2506 everberatus.
532 2447 562 2503 ln
586 2443 662 2504 fine:
684 2444 793 2508 τελοσ.
835 2445 929 2506 Anno
951 2446 994 2523 Μ,
1015 2448 1053 2527 D,

118 2527 222 2590 .XViil
246 2549 269 2591 s.
298 2529 319 2591 l.
342 2530 371 2590 4.
416 2528 594 2606 (Augustae
623 2526 762 2605 Vindel.)
806 2523 943 2608 (Panner
970 2531 1053 2594 Anu.

128 2618 183 2755 Ψ
211 2658 318 2756 Seimo
357 2609 398 2757 Aa
435 2692 545 2753 virtute
582 2693 910 2755 excommunicationis
944 2695 1051 2757 Fratre

120 2779 294 2841 ¹Martino
317 2777 460 2839 Luther
478 2775 702 2855 Augustiniano
726 2775 836 2855 linguis
860 2777 963 2839 terciis
986 2786 1051 2841 tan·

127 2861 198 2923 dem
221 2860 416 2923 everberatus
442 2859 618 2937 (Augustae
640 2857 779 2934 Vindel.)
824 2858 999 2938 MDXVIH,
1022 2863 1052 2925 4.

118 2944 264 3019 .(Panzcr
285 2944 365 3005 Ann.
389 2951 453 3023 typ.
475 2941 524 3017 IX,
547 2943 635 3017 381.)

147 3066 151 3071 ·
210 3026 317 3089 Sermo
359 3026 398 3086 de
433 3027 544 3084 virtute
585 3023 913 3085 excommunicationis
952 3026 1051 3087 Fratri

127 3110 294 3173 Martino
316 3109 485 3169 Luthcro
508 3107 733 3186 Augustiniano
764 3125 783 3165 a
808 3106 921 3186 linguis
952 3109 1049 3171 tertiis

127 3194 249 3254 tandem
279 3192 483 3253 everberatus.
534 3193 565 3249 ln
594 3189 669 3250 fine:
702 3188 823 3269 Lipsiae
852 3209 892 3251 ex
919 3191 1049 3253 aedibus

126 3277 282 3337 Valentini
300 3276 479 3348 Schnmann
506 3273 598 3333 Aurio
632 3273 747 3333 domini
770 3272 934 3333 Miilesimo
964 3277 1049 3353 quin·

125 3361 296 3440 gentesimo
320 3364 432 3420 octauo
455 3358 636 3419 decimat.
682 3354 817 3429 [Panzer
838 3356 907 3434 VH,
924 3360 998 3425 205.
1021 3379 1048 3419 v.

126 3443 157 3506 d.
180 3441 277 3505 Hardt
297 3443 426 3522 Autogr.
446 3439 534 3501 Loth.
556 3441 603 3512 iti,
627 3438 689 3514 14.)

209 3525 317 3587 Sermo
355 3524 394 3586 de
437 3526 547 3585 virtute
579 3521 917 3584 Excommunicationis
952 3523 1048 3587 Fratri

126 3609 294 3671 Martino
322 3607 467 3668 Lutheu
495 3606 720 3686 Augustiniano
750 3623 770 3662 a
798 3604 910 3685 linguis
945 3611 1047 3671 terciis

126 3690 250 3753 tandem
271 3691 477 3753 everberatus.
521 3692 552 3750 in
575 3686 652 3749 fine:
674 3688 766 3748 Anno
778 3687 818 3766 M,
842 3687 1006 3764 1),xV111.
1025 3694 1045 3755 4

10 3754 61 3944 ἱ
118 3748 305 3854 Νίιωιιώ.
326 3779 390 3856 typ.
412 3769 643 3854 Grunenberg).
688 3771 821 3850 (Panaer
845 3769 898 3850 ΙΧ,
920 3770 992 3857 71.)
