2356 4200
124 285 190 352 324
225 334 229 349 ,
436 285 479 339 De
498 285 598 354 triplici
614 285 722 337 iustitia

127 459 252 535 mserit,
286 456 337 535 qui
360 454 564 536 exoperibus
586 454 662 535 legis
684 461 772 534 sunt,
804 453 863 515 sub
887 451 1048 514 maledicto

107 532 210 614 'adut
232 536 365 618 ideoque
379 537 553 616 Christiani,
576 538 627 616 qui
648 538 780 620 aeternis
801 535 896 599 bonis
917 542 990 597 sunt
1011 534 1049 596 ui-

128 621 225 700 tandi,
247 640 310 686 non
332 629 404 682 sunt
425 621 608 682 exhortandi
630 618 670 680 sd
686 618 779 698 illum,
801 615 1052 681 seddebortaudi

128 707 232 850 potius
255 702 294 766 ad
318 703 485 765 meliorem.
529 702 618 769 Unda
639 721 701 764 unu
724 710 771 764 eat
791 701 995 783 gaudendum
1022 701 1050 762 iu

151 789 192 866 's,
222 786 300 847 sicut
319 787 475 867 principes
497 785 654 847 Suculae
675 785 759 846 Deus
782 786 900 866 gloria,
930 784 1051 861 divitiis,

130 870 289 951 voluptate
311 868 403 946 ditat,
426 870 498 948 quia
518 869 653 948 religiosi
676 876 756 931 sunt.
798 868 866 929 Iuni
889 867 972 928 baec
992 884 1051 928 nnn

129 955 190 1015 sint
210 953 300 1025 satis,
334 946 478 1013 naicetur
500 951 602 1013 adbuc
622 970 699 1011 unus
729 970 818 1012 mons
851 951 993 1031 argenti,
1024 956 1053 1021 ct

130 1056 193 1116 pax
215 1033 393 1098 servabitur.
420 1033 484 1114 Ipsi
507 1034 646 1113 viderint,
667 1053 706 1095 an
729 1034 809 1095 bene
829 1033 861 1095 id
885 1035 931 1094 eis
955 1031 1052 1110 cadat,

129 1136 169 1180 ue
191 1119 251 1178 sint
272 1117 461 1179 mercenarii.
505 1116 582 1178 Sunt
603 1118 683 1177 enim
708 1116 785 1178 haec
806 1116 950 1197 praemia
975 1114 1053 1177 vilis·

129 1202 226 1262 simae
248 1200 336 1261 huius
358 1208 389 1259 et
411 1199 592 1261 maledictae
613 1200 761 1278 iustitiae,
790 1197 994 1280 pertiuens¹J
1015 1194 1052 1259 ad

130 1283 373 1345 benedictionem
401 1282 484 1343 Esau
516 1291 547 1342 et
578 1281 708 1344 liliorum
745 1282 865 1359 eius*).
916 1280 959 1343 Hi
986 1289 1053 1341 snut

129 1369 293 1427 iactatorea
321 1364 408 1425 liberi
437 1365 552 1425 arbitrii
579 1364 837 1427 Themenitarum.
887 1362 942 1425 sic
972 1363 1052 1425 bau

131 1454 271 1510 munerat
291 1449 385 1508 etiam
410 1447 501 1526 mala,
524 1449 598 1528 quia
618 1449 697 1508 sicut
717 1449 748 1509 iu
771 1447 867 1527 oculis
892 1447 1051 1508 bominum

131 1531 213 1592 bona
235 1537 315 1606 sunt,
337 1531 432 1592 itaet
453 1532 482 1590 in
506 1531 603 1591 oculis
626 1530 783 1591 homiuum
794 1529 951 1610 recipiunt
963 1530 1051 1594 bona

210 1611 348 1674 Alterum
371 1618 418 1673 est
439 1620 600 1694 peccatum
624 1613 796 1692 essentiale,
818 1612 942 1692 natale,
966 1612 1053 1694 origi

132 1695 220 1774 nale,
241 1694 391 1773 alienum,
419 1694 540 1775 dequo
569 1695 648 1757 Psal.
671 1696 768 1770 51²):
811 1694 897 1756 Ecce
918 1695 1006 1757 eninr
1024 1696 1053 1755 in

130 1778 340 1858 iniquitatibus
363 1784 531 1859 couce'ptus
553 1797 631 1847 sum,
653 1779 736 1839 etin
758 1778 897 1858 peccatis
910 1777 1054 1858 concepit

131 1880 180 1923 ms
200 1868 298 1923 mater
320 1879 398 1923 mea.
440 1861 487 1922 De
508 1879 570 1941 quo
594 1861 815 1936 Obristus”):
853 1858 927 1922 Nou
951 1866 1053 1942 puteat

131 1943 222 2005 arbor
243 1943 325 2005 mala
346 1945 461 2005 fructus
484 1944 583 2006 bonos
606 1945 717 2022 lacere,
739 1951 770 2004 ct
789 1943 901 2007 Roma.
925 1947 966 2008 5:
1000 1942 1054 2005 Par

132 2029 219 2088 nnius
241 2026 480 2088 inobedientiam
501 2033 682 2107 peccatores
697 2027 852 2088 constituti
869 2038 945 2087 sunt
959 2024 1053 2104 multi,

132 2117 163 2171 et
182 2129 238 2191 per
252 2111 346 2171 'unius
369 2109 512 2171 delictum
541 2112 573 2171 iu
603 2129 712 2172 ornnes
744 2110 885 2170 homines
916 2109 950 2170 in
987 2127 1054 2171 cou-

134 2192 369 2254 damnationem,

216 2275 255 2336 Et
276 2275 336 2336 boc
357 2282 404 2336 est
424 2282 597 2355 peccatum,
619 2275 701 2355 quod
723 2275 796 2335 lacit
817 2275 956 2355 priorem
975 2274 1053 2336 iusti·

133 2360 206 2420 tiam
239 2377 307 2419 esse
340 2357 421 2418 nihil.
445 2366 475 2418 et
510 2359 638 2434 malam,
673 2365 703 2419 et
730 2356 947 2435 maledictam,
981 2359 1055 2419 sieut

133 2441 269 2503 Christus
286 2442 328 2503 ait
339 2439 430 2519 ***):
454 2440 517 2502 Aut
531 2442 622 2502 facite
639 2441 779 2502 arborem
797 2440 911 2501 bonam
935 2447 971 2501 et
982 2440 1053 2501 fruc

134 2533 182 2586 tus
200 2525 314 2600 bonos,
337 2532 390 2584 aut
412 2521 552 2585 arborem
571 2525 682 2585 melam
696 2532 727 2586 ct
739 2523 852 2584 fructus
866 2523 935 2583 eius
949 2523 1054 2584 malos.

215 2606 374 2685 Secundo,
407 2605 439 2666 id
466 2616 627 2686 peccatum
660 2614 707 2667 est
736 2604 906 2667 incurabile
942 2607 1052 2667 viribus

132 2691 280 2765 bominis,
313 2708 370 2754 nec
397 2688 512 2768 aliquid
542 2690 591 2751 hic
623 2689 704 2750 valet
732 2688 860 2750 liberum
885 2687 1053 2765 arbitrium,

132 2776 174 2834 ita
203 2778 236 2835 ut
263 2778 294 2833 et
319 2772 418 2833 sancti
445 2772 561 2833 dicant:
604 2772 694 2848 Quod
723 2772 796 2833 nolo
825 2770 964 2848 malum,
997 2772 1067 2833 boc'

131 2855 268 2933 lecic³),
301 2861 332 2916 et
364 2853 465 2916 Galat.
495 2859 534 2920 5:
577 2855 646 2915 Nou
680 2873 760 2935 quac
795 2854 905 2931 vultis,
942 2854 1050 2917 facitis.

132 2937 210 3000 Psal.
232 2935 326 3018 38⁴):
371 2937 525 3013 Quoniam
547 2938 641 2998 lumbi
664 2938 722 2999 mei
744 2936 861 3017 impleti
897 2944 972 2999 suut
993 2937 1054 2998 illu·

133 3020 271 3082 sionibus
295 3027 354 3082 etc.

135 3146 138 3155 .
213 3102 334 3180 Tertio,
360 3102 477 3180 idest,
511 3100 597 3181 quod
626 3121 732 3163 omnes
762 3103 911 3162 sentimus
932 3103 967 3162 in
990 3122 1054 3164 con

133 3184 337 3268 cupisceudo,
358 3184 544 3259 irascendo,
561 3186 740 3265 praesertim
763 3183 892 3246 obiectis
914 3204 1054 3264 praesen·

132 3269 221 3347 tibus,
244 3274 277 3329 ut
299 3267 373 3328 dicit
395 3268 547 3328 Dominus
570 3267 608 3328 de
632 3268 723 3328 oculo
746 3284 879 3345 nequam
897 3275 960 3329 etc.
988 3267 1054 3329 ldec

131 3350 194 3413 dixi
219 3350 392 3431 essentiale,
414 3351 487 3429 quia
508 3369 563 3430 per
584 3350 774 3411 nativitatem
791 3349 1008 3413 contrabimus
1028 3357 1054 3411 et

132 3441 235 3495 manet
256 3452 393 3514 semper,
423 3451 482 3493 nec
503 3432 669 3512 aliquando
692 3434 801 3494 transit
822 3432 904 3493 sicut
925 3433 1055 3508 actuale,

204 3630 233 3699 t)
253 3632 284 3685 In
302 3631 344 3684 ed.
363 3632 439 3687 ien-
461 3632 635 3702 pertinentia.
708 3630 739 3694 2)
766 3629 797 3682 In
816 3626 860 3682 ed.
879 3631 991 3697 priua:
1016 3630 1055 3686 no

131 3703 162 3769 3)
184 3703 214 3755 ln
226 3703 337 3757 adden.
359 3703 482 3757 additum
494 3710 549 3757 est:
568 3703 664 3756 Roma.
676 3705 701 3760 7.
731 3699 764 3767 4)
784 3700 814 3754 Iu
827 3698 869 3752 ed.
884 3703 994 3770 princ:
1015 3702 1046 3758 37

204 3775 234 3845 ”)
255 3772 340 3831 (lane.
358 3773 403 3833 27.
442 3775 491 3844 *“)
511 3774 607 3831 llatlh.
626 3775 653 3832 7.
692 3771 759 3839 ῃ’)
778 3771 874 3827 nstra
899 3773 942 3833 12.
