2356 4200
126 297 190 365 222
378 282 573 356 anseromia
594 299 814 371 disputentur·

127 469 303 550 dulgentiaa
324 469 434 531 dentur
454 470 505 551 ibi,
527 460 665 552 nonlper
684 471 809 532 modum
827 470 1053 555 indulgentiae,

127 553 182 614 aed
205 572 259 634 per
276 553 401 614 modum
414 552 559 636 suffragii,
582 563 684 616 tamen
709 555 761 615 tali
784 554 929 635 sudinglo
953 559 992 614 et·
1006 555 1053 614 in-

126 638 315 698 tercessione
336 637 534 698 nihilominus
556 637 599 715 lit,
622 646 655 698 ut
676 637 801 698 evolent
823 639 962 717 omnino,
985 638 1053 717 qui-

126 720 182 781 bus
203 718 294 780 fuerit
314 722 479 800 impensus.
524 721 571 783 Ac
589 721 719 782 sitnon
742 720 905 796 solvendo,
927 719 983 780 sed
1005 721 1053 780 in·

127 801 314 865 tercedeudo
344 805 479 866 evolant.
514 803 603 866 Hanc
630 823 692 865 non
716 812 826 883 teneo,
856 803 910 864 sed
937 803 984 864 illi
1006 804 1055 865 ita

126 895 235 971 putant
256 887 378 949 dictum.

209 970 368 1048 Secundo,
398 971 506 1032 modus
529 965 673 1052 suffragii
688 990 751 1033 non
775 973 824 1031 mi.
847 971 908 1050 ple.
929 968 1052 1051 indulg.

125 1054 157 1116 id
178 1062 237 1133 est,
257 1054 423 1134 applicatio
444 1053 705 1134 indulgentiarum
716 1074 773 1134 per
794 1054 918 1115 modum
942 1051 1053 1114 suffra·

125 1139 168 1220 gii
188 1138 336 1218 permittit
356 1156 409 1197 eas
433 1157 517 1215 esee,
541 1137 624 1216 quod
646 1145 732 1212 sunt,
754 1138 873 1197 scilicet
895 1136 924 1209 1)
949 1135 1053 1197 indul·

125 1223 247 1303 gentias
267 1220 386 1300 plenas,
409 1238 468 1279 nec
489 1221 570 1281 tollit
589 1220 630 1296 id,
653 1219 735 1299 qnod
758 1226 865 1280 natura
889 1239 945 1278 sua
968 1226 1066 1298 sunt,-

126 1305 238 1380 solum,
259 1301 340 1382 qnod
362 1322 425 1362 non
447 1310 552 1383 agunt,
575 1309 608 1363 ut
621 1303 841 1383 indulgentiae,
864 1301 920 1364 sed
943 1310 978 1362 ut
989 1302 1054 1364 sui·

125 1388 267 1468 fragium.
311 1385 351 1445 Et
373 1386 453 1446 hauc
475 1385 604 1447 admitto
628 1393 659 1446 et
680 1385 780 1463 addo,
819 1385 901 1464 quod
928 1385 955 1446 ai
984 1403 1060 1447 nont

127 1472 234 1541 minuit
255 1468 380 1547 aliquid,
403 1468 610 1549 multomagis
633 1469 708 1528 nihil
732 1477 825 1548 anget
841 1468 1053 1548 indulgentias

124 1553 179 1614 illa
200 1553 367 1632 applicatio
389 1551 611 1632 suffragatoris.
654 1551 703 1611 Ex
725 1553 762 1611 iis
785 1552 940 1630 sequitur,
965 1549 1052 1631 qnod

65 1666 66 1672 κ
125 1655 193 1709 non,
220 1636 345 1696 evolent
372 1636 494 1695 animae
516 1654 571 1714 per
592 1634 677 1694 illum
706 1635 841 1695 modum.
885 1633 924 1693 Et
944 1633 977 1694 id
998 1654 1054 1697 so·

126 1725 201 1779 naut
222 1720 315 1778 etiam
337 1718 440 1796 verba,
463 1719 536 1797 quia
556 1737 619 1777 nou
631 1717 713 1793 dicit,
736 1718 845 1778 modus
867 1717 921 1777 ille
943 1717 1065 1778 suffra-¹

126 1802 170 1881 gii
188 1801 281 1881 plene
304 1800 427 1870 redimit
448 1802 585 1877 animas,
613 1800 667 1860 sed
696 1820 758 1862 non
790 1801 897 1860 minuit
917 1799 1052 1879 plenitu-

126 1885 229 1947 dinem
250 1883 470 1966 indnlgentiae,
494 1883 621 1958 scilicet,
645 1883 727 1962 qnod
744 1882 954 1963 indulgentiae
977 1883 1055 1945 licet

17 2013 20 2018 ·
125 1969 237 2061 pignae
259 1975 362 2029 tamen
386 1974 502 2026 tantum
528 1966 660 2045 laniunt,
694 1975 841 2046 quantum
871 1966 974 2026 lacere
996 1985 1058 2046 po·

126 2059 186 2113 test
207 2051 400 2130 antilogium,
422 2068 481 2110 nec
503 2049 643 2129 amplius.

446 2177 556 2238 lterum
580 2176 737 2237 obiicitur:

208 2286 321 2347 Forma
353 2282 556 2344 absolutionis
579 2280 770 2362 apostolicae
799 2280 887 2341 dicit:
924 2280 1051 2355 ‘Remis

125 2364 219 2431 tendo
252 2368 306 2429 tibi
334 2385 451 2447 poenas
484 2366 667 2445 purgatorii,
701 2366 731 2424 in
767 2370 913 2444 quantum
943 2364 1052 2441 claves

126 2462 252 2521 eunome
281 2449 384 2510 aratris
419 2449 568 2508 ecclesiae
597 2468 630 2507 se
665 2447 841 2508 extendunt.
892 2446 932 2507 Et
968 2447 1053 2508 hauc

125 2538 254 2597 formam
277 2543 401 2593 servant
422 2532 648 2612 poenitentiarii
667 2551 778 2611 papae,
801 2532 890 2612 etiam
913 2532 944 2590 in
966 2530 1052 2593 urbe.

480 2659 682 2738 Respondeo:

208 2768 325 2838 Primo,
354 2769 511 2826 istasunt
537 2772 624 2824 extra
652 2766 861 2845 propositum,
900 2764 972 2843 quia
1001 2772 1051 2826 est

125 2854 223 2913 forma
244 2847 424 2912 absolvendi
438 2848 576 2908 vivorum
592 2854 622 2907 et
641 2848 844 2925 morientium,
867 2866 929 2906 nou
943 2854 1049 2908 autem

125 2937 224 2996 forma
246 2931 421 3014 applicandi
443 2930 648 3011 indulgentias
670 2931 729 2990 iam
753 2929 914 2990 defunctis.

208 3016 362 3091 Secundo,
385 3024 485 3074 tamen
503 3013 696 3092 quaerendae
709 3015 844 3074 veritatis
859 3032 952 3071 cansa
965 3012 1050 3092 dico,

125 3101 207 3180 qnod
236 3119 303 3159 cnm
327 3101 388 3157 siut
409 3097 500 3156 dubia
527 3103 559 3155 et
580 3096 708 3157 obscure
735 3098 837 3175 posita
856 3097 915 3155 ista
943 3095 1050 3174 verba,

125 3190 186 3245 non
210 3191 314 3263 potest
336 3181 427 3240 errari
449 3181 480 3239 in
503 3176 580 3256 fide,
611 3179 634 3237 si
667 3180 734 3257 quis
767 3186 875 3239 contra
904 3177 1050 3254 senserit,

125 3286 215 3347 qnam
234 3271 377 3345 putantur
398 3261 608 3341 intelligenda.
652 3261 713 3322 Cur
736 3263 815 3322 enim
840 3259 974 3341 trepidat
996 3261 1051 3321 illa

124 3348 243 3410 forma?
267 3367 319 3408 cnr
342 3347 426 3406 velut
448 3345 590 3406 dubitans
613 3344 695 3420 dicit,
718 3346 748 3404 in
771 3352 917 3424 quantum
942 3344 1049 3404 claves

114 3452 194 3493 ‘sese
216 3429 405 3491 extendunt?
446 3429 596 3506 Suspecta
617 3435 665 3487 est
687 3428 758 3487 mihi
779 3430 838 3488 ista
867 3424 999 3486 tremula
1012 3426 1046 3500 ²)

124 3516 231 3577 canda.
257 3514 327 3576 Non
350 3520 458 3573 teneor
479 3509 604 3570 firmiter
626 3509 761 3591 credere,
784 3509 866 3591 quod
887 3512 956 3589 ipse
980 3529 1046 3570 nou

124 3599 217 3661 audet
243 3602 420 3659 constanter
448 3593 662 3674 pronunciare.
699 3593 772 3654 ‘Gur
805 3594 855 3654 hic
884 3591 985 3654 solum
1018 3602 1051 3654 et

123 3739 513 3754 *awa—m.-

177 3818 209 3888 1)
228 3814 260 3872 In
280 3815 323 3871 od.
343 3814 443 3887 princ:
473 3811 531 3866 sed.
568 3812 600 3880 2)
620 3812 652 3864 ln
671 3811 713 3865 ed.
732 3811 805 3866 lem:
824 3809 975 3866 tremenda.
