2356 4200
184 267 248 336 206
505 274 653 335 sermm
672 276 784 333 mrum

185 441 245 501 ista
266 440 411 505 effecerit.
453 443 549 523 Igitur
577 444 751 507 consultum
778 452 826 506 est
845 444 1044 526 Christianis,
1075 455 1108 507 ut

184 521 284 586 solum
308 532 490 604 exspectent
512 528 636 606 etquid
660 547 714 589 eos
735 528 810 590 deus
838 528 914 589 velit
935 536 966 589 et
985 530 1016 591 in
1045 547 1105 610 quo

183 625 300 687 genere
324 608 406 671 vitae
434 628 471 669 uc
492 616 573 670 statu
595 612 698 671 vocati
720 612 797 672 sint:
822 611 884 675 hoc
910 630 1105 693 summopere

187 695 236 763 (et
263 690 289 749 si
316 691 435 751 renisus
469 693 620 754 maximos
653 693 828 771 habuerint)
862 694 1040 777 compleant
1067 714 1105 754 aa

182 770 358 852 perficiant,
380 771 441 835 hoo
463 782 511 835 est
532 776 614 835 enirn
636 775 792 841 mundare.

580 1005 725 1100 Sermo

341 1203 430 1264 Dum.
454 1204 726 1287 septuagesimae,
749 1225 776 1265 a.
800 1201 939 1284 lew)

263 1368 302 1428 Hi
324 1388 385 1429 una
406 1369 483 1430 hora
503 1370 643 1431 fecerunt
663 1364 694 1431 e't
718 1388 809 1449 pares
831 1387 889 1429 nos
910 1369 971 1429 illia
992 1369 1102 1446 fecisti,

180 1448 286 1514 natta.
309 1453 358 1517 20.
402 1451 459 1512 Hic
482 1454 581 1533 primo
610 1459 710 1533 patet,
744 1470 813 1512 cum
834 1450 976 1512 Hebraea
997 1451 1103 1533 lingua

179 1531 279 1603 verbis
317 1534 482 1596 transitivis
513 1542 613 1596 utatur
646 1534 787 1596 absolute
823 1553 878 1594 seu
911 1533 1102 1594 neutraliter:

179 1635 250 1677 nam
273 1617 431 1695 fecerunt,
453 1619 565 1696 inquit,
589 1620 608 1681 i.
627 1638 654 1682 e.
677 1617 796 1698 operati
820 1623 904 1695 suut,
934 1637 957 1678 s.
980 1616 1102 1679 fuerunt

180 1707 368 1778 operatores,
391 1719 460 1775 cum
477 1710 580 1761 tamen
597 1703 700 1768 statim
724 1708 877 1778 sequatur,
900 1718 991 1778 pares
1012 1698 1102 1761 nobis

144 1781 288 1845 *fecisti
341 1782 484 1844 Secundo
520 1791 621 1863 patet,
660 1783 743 1863 quod
775 1802 919 1844 numerus
956 1781 1100 1843 horarum

179 1872 315 1924 sumatur
341 1885 360 1926 a
388 1864 448 1926 line
477 1886 598 1944 earum,
632 1874 665 1926 ut
691 1866 769 1926 hora
795 1867 895 1947 prima
923 1872 985 1940 est,
1022 1884 1100 1944 quae

178 1945 280 2007 fluitur
305 1948 336 2007 in
365 1950 452 2008 initio
483 1949 652 2026 secundae,
686 1967 723 2009 ac
755 1949 780 2007 si
810 1949 876 2026 quis
904 1948 981 2009 hora
1003 1949 1101 2028 prima

177 2032 293 2110 incepit
321 2033 459 2110 operari,
488 2031 667 2113 intelligitur
692 2032 769 2092 hora
790 2036 819 2095 7.
841 2031 991 2110 incipere,
1022 2033 1048 2090 si
1071 2035 1099 2094 6.

174 2113 255 2194 apud
268 2132 324 2176 uos
337 2133 393 2195 pro
404 2116 502 2196 prima
515 2114 575 2176 diei
587 2116 768 2195 accipiatur:
784 2118 813 2178 7.
826 2115 908 2174 enim
920 2115 977 2173 erit
988 2115 1098 2194 prima,

173 2197 202 2259 8.
222 2199 278 2257 erit
300 2197 446 2276 secunda,
469 2201 497 2262 9.
521 2198 578 2260 erit
600 2199 698 2276 tertia,
722 2198 770 2259 12.
794 2198 852 2257 erit
868 2202 967 2273 sexta,
990 2198 1019 2259 3.
1042 2198 1100 2257 erit

172 2299 273 2358 nona,
297 2285 324 2342 5.
349 2282 406 2341 erit
428 2279 600 2341 undecima.
642 2280 815 2341 Probantur
834 2279 928 2356 haec,
957 2280 1028 2359 quia
1049 2279 1099 2339 hic

175 2361 300 2438 dicitur,
329 2363 411 2442 quod
442 2383 502 2423 uua
530 2371 648 2424 tantum
674 2364 752 2424 hora
784 2361 1010 2438 laboraverint,
1046 2363 1098 2443 qni

174 2453 325 2505 venerunt
345 2445 422 2507 hora
444 2446 620 2507 undecima:
656 2465 731 2526 ergo
754 2446 904 2525 sequitur,
937 2444 1020 2524 quod
1045 2444 1099 2507 illa

173 2526 263 2587 fuerit
286 2528 393 2588 ultima
415 2529 489 2608 diei,
517 2548 578 2608 qua
604 2528 691 2588 linita
717 2547 785 2588 sero
816 2526 989 2588 mercedem
1012 2545 1097 2587 acce-

147 2618 301 2690 peruut,
330 2612 384 2672 sed
416 2612 521 2673 ultima
549 2619 597 2672 est
628 2631 647 2673 a
674 2617 702 2675 5.
731 2609 771 2671 ad
793 2613 836 2687 6.,
865 2629 938 2693 ergo
969 2610 1045 2671 hora
1066 2615 1095 2674 5.

174 2702 324 2754 venerunt
344 2702 375 2754 et
397 2714 493 2773 usque
516 2695 554 2755 ad
577 2698 606 2759 6.
629 2693 824 2772 laborarunt,
852 2711 931 2771 quae
954 2701 1001 2754 est
1023 2693 1096 2752 duo-

174 2775 303 2839 decima.
345 2777 386 2837 El
407 2777 467 2839 hoc
489 2777 582 2838 modo
612 2778 704 2837 etiam
726 2773 945 2856 Nureubergae
973 2775 1096 2836 horolo-

172 2861 255 2940 gium
286 2861 386 2941 signat
413 2860 520 2940 horas,
557 2868 590 2920 ut
616 2860 715 2940 prima
743 2857 821 2918 hora
848 2859 903 2934 sit,
932 2865 1096 2938 postquam

172 2961 227 3023 per
255 2944 406 3023 integram
437 2943 543 3004 horem
573 2943 639 3003 dies
666 2942 764 3001 fuerit.
815 2940 922 3001 Tertio
952 2943 1097 3022 mysteria

171 3025 302 3108 grandia
323 3024 417 3086 habet
437 3026 498 3086 hcc
520 3024 724 3106 evangelium.
756 3023 797 3082 Et
816 3022 937 3102 quidem
961 3024 1011 3084 alii
1035 3043 1097 3084 una

171 3107 264 3189 hora,
287 3107 338 3168 alii
361 3108 466 3186 tribus,
489 3109 539 3169 alii
564 3113 592 3187 6,
615 3108 666 3168 alii
688 3109 718 3185 9,
740 3105 792 3166 alii
817 3108 854 3168 12
878 3104 962 3165 horis
983 3125 1095 3185 sequa-

172 3188 250 3251 libus
285 3191 472 3253 naturalibus
504 3191 731 3252 laboraverunt.
784 3187 862 3249 Nam
896 3190 946 3267 qui
980 3188 1010 3250 h.
1046 3193 1095 3253 11.

171 3281 335 3352 venerunt,
365 3293 455 3334 unam
487 3274 611 3351 horam,
637 3274 688 3354 qui
716 3272 746 3332 h.
777 3273 805 3335 9.
838 3279 1005 3348 venerunt,
1033 3279 1094 3332 tres

170 3355 274 3436 horas,
292 3358 343 3435 qui
356 3356 386 3416 h.
403 3359 432 3435 6,
455 3378 520 3437 sex,
543 3360 594 3437 qui
607 3357 637 3417 h.
656 3359 685 3433 3,
708 3373 830 3432 uorem,
853 3353 949 3431 ouili.
968 3358 996 3432 1,
1020 3354 1095 3416 duo·

171 3437 270 3500 decim
293 3440 517 3502 laboraverunt.
561 3439 636 3516 Quis
669 3441 727 3499 ista
756 3434 906 3501 mirabilia
927 3436 1093 3499 edisserat!

170 3570 432 3578 -...-.--.-«-...

225 3629 252 3689 *)
278 3625 327 3676 Hic
352 3643 444 3679 sermo
469 3627 502 3679 de
532 3629 624 3679 Matth.
645 3626 696 3689 20,
717 3624 749 3678 17
774 3621 879 3691 detegit
903 3623 984 3676 huius
1013 3641 1094 3678 evan·

168 3694 233 3766 gelli
253 3700 386 3764 mysteria
405 3703 432 3749 et
450 3699 552 3767 legitur
570 3699 642 3766 apud
663 3693 800 3748 Losseher
818 3695 844 3762 l,
872 3694 939 3758 789,
968 3705 1093 3764 german.
1162 3763 1167 3777 ἱ

116 3757 122 3764 ’
170 3766 242 3837 apud
263 3768 367 3823 walch.
388 3768 451 3830 XII,
470 3769 541 3825 2324
559 3787 620 3840 sqq.
662 3790 665 3801 ·
