2356 4200
631 177 640 205 l

431 312 457 353 a.
477 295 546 354 tot?
562 296 660 357 hobiit
957 295 1022 365 211

92 466 326 546 ignavissimam
366 466 516 545 vitam*).
573 465 711 545 Quorum
748 472 864 547 quanto
899 467 1022 543 suerunt

94 550 184 613 initia
203 548 407 630 ferventiora,
433 556 520 612 anto
548 569 631 612 nunc
657 557 728 613 sunt
754 549 909 631 proiectus
935 553 1021 636 igne

95 633 215 712 viores,
249 639 283 693 nt
303 632 422 693 facilius
443 632 641 713 publicanum
663 639 694 694 et
715 633 907 699 meretricem
929 628 1021 699 corri-

93 733 152 857 pas
174 733 267 794 qnam
288 736 382 782 unum
404 714 526 777 illorum
547 735 741 798 permovens.
784 715 880 779 Citius
907 716 1020 799 malum

106 798 192 858 acies
215 797 351 879 bonum,
374 819 466 879 quam
488 799 604 861 bonnm
624 799 799 861 meliorem:
823 801 942 879 etquis
965 801 1022 863 erit

94 879 168 941 finis
191 899 316 960 eorum,
349 884 401 962 qui
422 883 468 965 sic
489 881 528 943 ad
550 883 697 945 vomitum
719 882 931 947 revertuntur?
974 882 1021 945 In-

94 965 214 1027 sensati
237 971 268 1025 et
287 964 328 1026 ad
344 966 486 1047 pristine,
508 967 569 1027 imo
592 967 700 1047 peiora
720 965 832 1046 relapsi
855 973 940 1044 sunt,
963 986 1022 1031 uec

94 1046 159 1111 hoc
178 1047 280 1127 ipsum
303 1049 471 1112 sentientes
494 1055 526 1110 et
548 1049 724 1127 credentes,
753 1048 808 1110 sed
837 1047 876 1111 de
896 1050 1021 1129 ineptae

93 1131 179 1193 vitae
200 1132 394 1206 continentia
414 1132 608 1195 securissime
630 1139 813 1210 stertentes,
836 1131 1018 1196 insensibili-

19 1236 23 1240 *
92 1220 142 1281 ter
162 1221 338 1293 pereuntes.
381 1213 477 1294 Quis,
497 1217 633 1295 inquam,
656 1217 715 1277 crit
735 1214 803 1277 finis
825 1220 857 1279 et
879 1234 1019 1283 consum·

94 1299 211 1376 matio,
246 1317 374 1378 qnorum
404 1298 474 1359 talis
505 1305 553 1359 est
581 1298 758 1379 proiectus?
806 1298 925 1381 Nempe
951 1298 1019 1360 ills:

93 1379 205 1441 melius
234 1388 300 1450 erat
328 1380 389 1442 illis
418 1401 481 1442 non
504 1383 671 1462 agnovisse
699 1383 874 1460 veritatem,
907 1388 938 1444 et
965 1378 1020 1455 filii

93 1462 259 1543 gehennae
281 1463 375 1544 duplo
398 1464 473 1525 fient
493 1483 584 1543 quam
605 1464 668 1526 alii.
712 1464 771 1541 Qui
796 1466 1020 1545 contraomnie

92 1553 225 1625 peccata
253 1547 395 1609 mortalia
428 1546 566 1628 pugnare
600 1549 773 1631 coeperint,
809 1547 879 1610 sola
911 1542 1039 1625 acedia·

94 1637 278 1709 superantur
300 1638 332 1692 et
351 1630 392 1693 ad
415 1632 520 1692 omnia
541 1638 749 1711 revertuntur,
780 1631 870 1693 etiam
900 1633 951 1711 pei
974 1651 1018 1693 ra.

94 1711 187 1787 Quod
208 1714 366 1794 proprium
389 1721 436 1774 est
457 1715 685 1776 iustitiariorum
708 1715 738 1775 in
759 1714 890 1795 propriis
903 1650 1018 1775 virihus

96 1797 200 1871 tacite⁴
220 1794 455 1876 confidentium,
490 1798 541 1877 qui
569 1798 729 1878 ignorant,
768 1794 850 1877 quod
879 1798 941 1879 iugi
963 1817 1018 1875 ‚su-

93 1879 190 1958 spirio
214 1887 245 1940 et
265 1879 390 1943 assiduo
413 1881 529 1961 gemitu
550 1881 649 1961 gratia
677 1881 716 1941 eit
750 1880 898 1960 sitienda,
926 1898 1018 1960 quae·

92 1962 208 2041 rende,
236 1962 429 2044 accipienda:
463 1982 523 2024 nec
551 1982 685 2044 unquam
714 1963 867 2043 incepisse
894 1983 1018 2045 praesu-

93 2045 262 2126 mendum,
295 2053 329 2107 ut
355 2047 506 2126 scriptura
538 2044 626 2124 dicit,
656 2046 849 2109 homocum
877 2064 1017 2117 consum-

94 2129 234 2208 maverit,
256 2135 329 2190 tuuc
349 2130 485 2210 incipiet.
528 2128 610 2190 Nam
633 2136 664 2190 et
685 2129 784 2189 sancti
806 2128 886 2189 hanc
904 2129 1018 2209 gravia-

94 2212 205 2273 simam
226 2219 258 2273 et
279 2213 569 2293 periculosissimam
591 2214 794 2275 tentationem
821 2213 851 2273 in
880 2232 915 2272 sc
942 2213 1016 2293 ipsis

93 2304 258 2355 senserunt
288 2302 321 2357 et
342 2297 441 2374 questi
464 2302 549 2373 sunt,
571 2302 618 2355 ut:
662 2295 812 2357 Adhaesit
861 2297 1017 2356 avimento

93 2379 199 2439 anima
220 2397 298 2458 mea,
322 2377 471 2440 confirma
492 2381 523 2439 in
538 2377 639 2439 verbis
654 2380 730 2457 tuis,
752 2386 796 2439 et:
832 2316 1017 2439 dormitavit

93 2463 199 2521 aalma
236 2481 306 2522 mea
338 2481 414 2542 prae
448 2461 567 2541 taedio,
606 2460 728 2523 vivifica
764 2480 814 2522 mc
848 2461 1016 2535 secundum

93 2543 220 2605 verbum
251 2552 346 2606 tunm.
388 2545 428 2605 Et
464 2552 547 2606 totus
574 2547 632 2606 iste
664 2546 839 2607 octonarius
868 2545 1019 2625 quidest

93 2627 179 2687 eliud
210 2629 269 2688 nisi
302 2628 442 2689 assiduus
483 2630 614 2709 gemitus
648 2628 743 2689 ferme
779 2634 886 2690 contra
918 2628 1017 2697 solem

92 2709 233 2771 acediam
264 2711 531 2773 insidiosissimam
560 2719 678 2792 pestem
707 2711 848 2773 omnibus
879 2706 1017 2792 spiritua·

92 2793 175 2857 libus
203 2795 378 2872 animabus,
415 2801 446 2856 et
476 2796 641 2875 unicuique
675 2815 747 2856 suus
783 2813 905 2874 sensus..
943 2786 1017 2875 Mihi

93 2875 223 2956 videtur,
245 2880 374 2958 primam
395 2878 642 2958 persecutionem
666 2877 817 2940 ecclesiae
838 2877 932 2939 fnmse
954 2878 1017 2947 vim

93 2962 258 3040 potestatis
280 2963 311 3022 in
325 2963 481 3042 tyrannis,
504 2961 670 3023 secundam
689 2961 831 3027 astutiam
847 2961 1017 3043 sapientiae

93 3045 126 3104 in
146 3043 326 3120 haereticis,
355 3045 436 3105 hanc
458 3044 578 3106 tertiam
602 3045 801 3111 novissimam
823 3063 893 3107 sese
909 3042 1017 3125 tepidi-

93 3133 190 3188 tatem
218 3129 425 3207 nequissimae
458 3127 585 3188 acediae
617 3130 648 3188 in
680 3127 859 3208 hypocritis.
903 3126 1019 3195 Contra

93 3212 225 3291 primam
246 3218 405 3291 martyres,
429 3217 537 3271 contra
553 3211 719 3272 secundam
734 3210 888 3289 doctores,
909 3217 1018 3283 contra

92 3295 175 3355 hanc
207 3314 298 3355 nemo
321 3301 462 3393 pugnat,
495 3296 554 3354 nisi
588 3294 698 3375 vigiles
731 3301 763 3354 et
793 3293 1016 3373 exhortatores,

93 3396 224 3457 quorum
256 3378 378 3457 spiritus
401 3397 420 3438 a
441 3378 575 3439 Domino
604 3379 783 3455 suscitatur,
812 3378 906 3437 ceteri
935 3383 1018 3445 stant

92 3462 123 3520 in
158 3461 210 3520 vic
241 3469 460 3540 pcccatorum,
492 3463 513 3524 i.
535 3479 563 3522 e.
597 3463 629 3521 in
665 3479 774 3521 secura
808 3480 863 3521 aua
890 3461 1015 3540 iustitia,

92 3544 267 3633 pertinaces
291 3549 322 3604 ct
343 3544 511 3607 obduratae
534 3543 642 3607 frontis
664 3544 737 3607 facti
760 3551 840 3606 sunt.

149 3806 179 3871 ⁸)
199 3805 321 3860 Mascula
339 3809 366 3861 et
385 3807 530 3859 verissima
549 3803 696 3857 confessio.

733 3854 930 3995 ω’
