2356 4200
118 270 182 347 {60
254 276 341 349 Epist
360 277 439 337 eud.
457 279 494 337 dc
508 279 607 339 treoc-
624 272 663 341 οὗ
678 278 714 337 o.
729 275 915 348 spoletinum.

247 582 264 607 ,
356 479 832 581 camuranam

112 666 155 744 ¹ln
189 682 343 747 Damasco
380 682 545 763 Presbyter
572 681 663 747 Cerd.
686 682 733 745 De
769 681 865 749 Medi.
899 681 934 752 Β.
953 684 992 749 R
1010 683 1045 751 tl.

120 763 289 853 Magnifieo
315 763 450 829 Domino
480 765 616 847 Georgio
644 764 826 847 spalatino,
851 766 1046 833 illustrissimi

122 845 281 917 Senoniae
302 847 397 913 Ducis
410 848 592 929 secretario,
615 847 724 911 Amico
740 855 851 915 nostro
871 850 1047 931 uncrinus.

169 996 173 1002 ¹
206 1013 525 1096 MagnificeDomine,
547 1004 654 1077 amice*
664 1020 770 1077 noster
781 1015 961 1111 praecipuo,
979 1033 1047 1083 w

74 1170 80 1177 Ι
123 1097 306 1161 venerabilis
328 1097 478 1159 Dominus
504 1096 633 1158 Carolus
655 1095 693 1159 de
713 1094 844 1177 Miltrta,
865 1098 1048 1167 mutiedrui

122 1178 248 1247 Domini
270 1180 368 1241 nostri
389 1177 599 1247 cubicularius
621 1187 778 1258 secretus,
805 1199 863 1262 pro
892 1181 1048 1251 nonnullis

124 1264 189 1331 eius
212 1264 346 1344 negotiis
368 1262 407 1323 cd
430 1262 667 1324 illustrissimum
689 1262 873 1407 Prineissem,
897 1263 1049 1335 suxerim

125 1344 262 1426 Ducem,
291 1365 326 1406 se
348 1345 504 1423 conferat,
527 1345 738 1408 desiderantes
760 1347 787 1406 si
808 1348 833 1427 i,
857 1365 921 1426 quo
942 1365 1048 1427 postu·

125 1447 202 1507 mus,
214 1428 329 1524 favore
343 1435 375 1488 et
390 1428 504 1505 auxilio
518 1428 638 1508 adesse,
660 1431 758 1490 visum
772 1437 820 1491 est
832 1429 926 1493 nobis
937 1448 1049 1513 mm·

124 1509 279 1579 licentram
300 1517 446 1588 vestram,
469 1530 548 1590 quae
570 1512 733 1592 plurimum
755 1511 839 1592 apud
858 1513 929 1575 eius
951 1512 1049 1579 utel·

123 1591 249 1663 lentiam
273 1595 437 1655 autoritate
460 1602 491 1655 et
510 1596 610 1674 gratia
632 1595 724 1674 valet,
747 1597 838 1656 enixe
859 1595 1000 1675 hortari,
1021 1603 1050 1661 ut

125 1695 187 1739 non
210 1676 311 1737 solnm
332 1676 468 1737 eiusdem
492 1675 596 1738 Caroli
624 1677 714 1739 rebus
736 1678 850 1759 favere,
872 1676 1049 1750 reducem

123 1759 155 1821 in
178 1759 333 1821 nonnullis
356 1758 509 1821 honorem
532 1767 563 1820 et
582 1760 761 1841 dignitatern
783 1762 972 1827 sanet-issimi
992 1761 1049 1825 Do·

125 1840 199 1905 mini
220 1843 318 1905 nostri
346 1849 378 1903 et
410 1836 721 1905 sanctae'Romanae
743 1843 905 1905 Ecclesiae
928 1863 1049 1911 concer-

124 1925 284 2004 nentibus,
313 1943 392 2004 quae
415 1944 520 1987 eoram
543 1925 651 1987 melius
676 1925 861 2006 explicabit,
884 1925 981 1997 tidem
1002 1926 1049 1991 ed·

125 2006 233 2071 hibere
266 2016 298 2068 et
328 2027 378 2069 res
400 2008 628 2069 ecclesiasticas
651 2009 789 2088 praefato
811 2009 950 2091 Principi
972 2029 1049 2075 com·

126 2091 274 2152 mendure
296 2091 391 2167 velit,
413 2091 570 2171 petillius
593 2091 809 2153 excellentiam
832 2091 1049 2172 praedeeesso-

125 2193 193 2235 rum
214 2193 337 2235 suorum
351 2192 437 2235 more
457 2174 607 2235 fovendas
627 2174 812 2254 ettuendas‚
833 2177 866 2235 in
888 2195 951 2256 quo
969 2196 1049 2260 mag-

127 2254 283 2319 nificentia
305 2264 407 2317 vestra
429 2258 622 2318 sanctissimo
645 2258 777 2318 Domino
799 2265 908 2320 nostro
939 2266 973 2320 et
1000 2279 1049 2323 no·

125 2336 172 2399 bis
196 2339 372 2419 plurimum
391 2340 573 2419 satisfaciet,
604 2342 649 2400 eui
679 2360 736 2401 nos
770 2339 945 2421 offerimus,
976 2361 1050 2425 quae

127 2422 205 2485 bene
228 2422 344 2499 valeat,
364 2442 404 2482 ex
425 2423 570 2486 Corneto.

313 2504 378 2565 Vll.
399 2504 545 2568 Jariuarii.
588 2505 680 2567 Anno
704 2506 863 2570 M.D.XlX.

209 2658 301 2717 Anno
325 2658 356 2728 ¹¹³)
386 2657 521 2716 anatoli
544 2657 655 2717 Christi
677 2657 838 2721 M.D.XIX.
872 2662 905 2720 in
928 2660 1051 2724 Germa-

126 2743 207 2801 niam
248 2739 286 2800 ad
325 2738 561 2799 illustrissimum
594 2741 766 2822 Principem
794 2743 831 2803 D.
864 2744 1050 2807 Friderioum

125 2822 241 2885 Ducem
256 2821 420 2900 Senoniae,
435 2821 618 2885 ‘Electorem
642 2831 711 2904 eto,
735 2827 843 2885 missus
857 2833 906 2886 est
918 2847 938 2887 a
951 2827 1051 2891 Leone

126 2901 275 2965 Pontifiee
297 2903 439 2967 Romano
450 2904 579 2966 Carolus
599 2907 747 2985 Miltitius‚
770 2916 859 2968 natus
883 2909 916 2968 in
939 2910 1052 2972 familia

126 2985 223 3048 nobili
235 2986 391 3066 Miscensi,
416 2988 558 3051 adferens
582 2989 716 3051 aLeone
737 2990 774 3052 X,
793 2990 924 3070 Rosam,
949 3002 984 3054 ut
1005 3013 1051 3057 vo-

128 3075 209 3211 scinti
230 3088 366 3150 auream,
393 3080 594 3133 monstratam
617 3073 736 3134 Romae
760 3073 925 3135 Dominicc
949 3084 1053 3157 quartu

149 3170 188 3212 ua
210 3156 397 3233 ragesimae,
434 3160 466 3214 ut
495 3156 686 3217 consuetudo
717 3166 764 3217 est
788 3156 838 3220 ibi.
874 3157 944 3218 Etsi
975 3161 1052 3223 enim

22 3290 27 3303 .
106 3169 197 3299 ¹(illuri
216 3234 386 3296 Fridericus
408 3255 470 3297 non
493 3237 693 3318 profitebatur
714 3259 748 3299 se
764 3240 962 3303 defensorem
986 3261 1053 3307 esse

128 3335 244 3394 eorum,
270 3337 348 3398 quae
371 3325 479 3379 contra
499 3320 710 3403 Indulgentiae
733 3322 872 3384 ediderat
893 3323 931 3384 D.
952 3324 1053 3389 maru·-

127 3420 184 3460 nus
205 3399 370 3479 Lutherus,
400 3406 503 3462 tamen
525 3423 583 3464 nee
604 3405 737 3466 iudicem
759 3425 792 3466 se
820 3405 925 3467 facere
947 3407 1054 3485 voluit,

134 3505 344 3516 -—---

183 3551 213 3616 *)
233 3549 308 3602 Haec
326 3551 418 3602 brevis
438 3554 560 3604 narratio
581 3551 614 3603 de
635 3552 736 3607 Carolo
750 3552 857 3603 Miltitio
884 3553 998 3607 reddito
1016 3562 1056 3609 est

127 3636 163 3672 ex
182 3620 225 3674 ed.
246 3620 316 3688 Opp.
337 3621 415 3673 Luth.
443 3621 571 3686 lenensi,
595 3630 622 3675 et
647 3627 803 3692 composita
828 3639 891 3676 esse
912 3625 1023 3680 videtur
1041 3642 1055 3678 a

127 3689 249 3760 Cesparo
262 3693 413 3760 crucigero
436 3694 476 3746 vel
488 3691 610 3762 Georgio
632 3696 757 3761 llorario,
778 3695 952 3764 qniLntheri
972 3714 1055 3768 opera

125 3759 210 3814 Jonas
228 3765 257 3815 in
277 3763 377 3832 vulgus
397 3763 551 3818 ediderunt.
