2356 4200
506 275 605 355 Laepia
624 277 656 328 ll.
687 310 689 314 -
982 272 1044 337 438

126 441 253 501 lecimus
282 440 472 509 communiri
515 443 555 504 Et
578 449 611 504 ut
632 441 682 502 eff
686 460 823 503 caesores
845 447 965 519 essent
998 460 1045 503 ro-

127 525 269 603 gavimus
294 514 455 586 Notarium
484 526 638 606 publicum
660 525 738 586 iufra
760 527 906 606 scriptum
948 531 980 584 ut
1007 524 1045 605 de

125 605 268 667 omuibus
291 615 321 668 et
342 609 677 689 siugulispraescriptis
694 608 851 689 publicum
865 609 1045 668 instrumen·
1088 672 1091 677 ,

126 694 189 749 tum
213 709 269 750 seu
281 690 405 770 publica
425 693 627 753 iustrumenta
638 691 803 752 conficeret
820 697 851 750 et
862 689 1043 770 pub'licaret

209 772 402 848 Quocirca
434 794 493 854 ego
519 776 625 835 Petrus
657 775 809 834 Antonius
841 773 952 833 Berrus
975 773 1044 833 Par-

104 857 249 935 mensis,
264 855 408 918 Notarius
423 877 517 938 supra
529 866 559 918 et
571 858 807 952 infrascriptos,
830 855 944 916 Literas
960 875 1045 936 prae·
1073 914 1080 923 ,
1142 912 1145 919 .

125 939 204 999 fatas
223 957 296 999 cum
319 960 372 1018 ea,
407 959 468 1020 qua
490 941 606 1018 decuit,
629 942 801 1000 reverentia
833 938 871 999 ad
900 959 950 998 me
970 941 1045 1000 reci·

126 1023 231 1102 piens,
261 1034 340 1082 una
353 1043 421 1084 oum
452 1025 531 1085 infra
552 988 672 1105 scrlptis
694 1022 822 1084 testibus
855 1021 893 1081 ad
926 1019 1005 1082 haec
1027 1043 1046 1082 a

127 1124 176 1164 me
198 1107 373 1185 specialiter
393 1109 565 1168 voeatiset
585 1108 701 1202 rogatis
724 1105 783 1165 vidi
794 1104 907 1190 ,legi‚
930 1113 960 1164 et
982 1104 1045 1165 dili·

125 1190 262 1267 gauter'
254 1191 385 1269 ruspexi,
410 1190 518 1269 quibus
542 1191 613 1249 visis
636 1198 667 1249 et
680 1149 821 1269 perlectis
844 1179 973 1248 vidimus
990 1206 1044 1247 seu

126 1279 376 1351 transsumptum,
389 1285 510 1352 atque
494 1271 660 1332 earundem
674 1273 707 1332 lit
697 1282 827 1331 terarum
850 1279 1045 1350 praesentem·

126 1355 247 1434 copiam
271 1373 338 1414 eum
362 1356 436 1434 ipsis
459 1355 656 1434 originalibus
670 1354 901 1434 diligentissime
923 1373 978 1433 per
996 1372 1045 1413 me

126 1436 328 1498 auscultatam
351 1438 381 1497 iu
415 1438 556 1498 omuibus
585 1448 616 1498 et
648 1457 703 1518 per
730 1438 834 1499 onmia
856 1435 1045 1497 concordare

124 1521 238 1580 iuveni.
274 1520 348 1580 Ideo
382 1527 620 1600 transsumptum
648 1519 821 1581 huiusmodi
844 1520 909 1579 sive
943 1527 1045 1579 actum

126 1601 334 1663 authenticum
362 1604 394 1663 iu
422 1603 502 1663 hauc
523 1603 677 1684 publicam
700 1603 829 1664 formam
852 1601 890 1662 ad
918 1601 1046 1682 praelati

125 1686 370 1745 reverendissimi
406 1685 528 1746 Domini
570 1687 693 1748 Domini
739 1685 908 1747 Dardinalis
940 1685 1046 1766 Legati

125 1769 302 1862 iustaptiam
325 1776 356 1829 et
375 1771 603 1848 requisitionem
626 1769 746 1850 redegi,
770 1770 920 1848 signoque
941 1776 972 1828 et
993 1786 1045 1828 no·

126 1839 218 1911 mine
230 1853 306 1912 meis
328 1852 425 1912 solitis
459 1858 489 1913 et
522 1854 675 1913 consuetis
700 1854 834 1932 signavi,
870 1859 903 1910 ut
929 1850 1044 1911 eisdem

127 1941 273 2012 tauquam
296 1935 402 1995 Literis
418 1935 624 2015 originalibus
647 1934 806 1996 ubilibet
798 1954 829 2004 in
851 1933 928 1993 locis
951 1935 1045 1994 omui·

125 2015 183 2080 bus
206 2029 237 2083 et
258 2018 395 2097 singulis,
417 2018 526 2096 quibus
542 2027 748 2098 opportunum
772 2015 971 2095 fueritlides
994 2015 1045 2076 ad·

123 2099 266 2174 hibeatu‘r
286 2101 422 2197 plenaria
440 2109 473 2160 ‘et
488 2101 625 2162 adbiberi
647 2103 815 2197 possitae
837 2106 1044 2179 transsumpto

125 2176 331 2244 huiusmodi'
323 2204 353 2243 m
375 2202 560 2263 quocunque
579 2185 647 2260 loro
679 2186 743 2244 sive
771 2183 884 2243 iudicio
907 2189 936 2241 et
958 2190 1046 2243 extra

124 2273 238 2343 stetur,
273 2285 311 2326 ac
338 2268 369 2326 si
396 2268 596 2346 originales
588 2287 675 2348 ipsae
702 2267 821 2342 Literae
853 2265 1044 2344 apostolicae

126 2355 319 2428 apparerent.
351 2348 449 2430 Super
466 2351 576 2429 quibus
598 2349 738 2411 omnibus
762 2357 792 2410 et
813 2349 940 2428 singulis
962 2347 1043 2408 idem

124 2432 395 2492 reverendissimus
422 2433 572 2493 Dominus
606 2435 757 2494 Dominus
787 2432 956 2494 Gurdiuulis
988 2420 1043 2491 'Le-

125 2524 214 2596 gatos
238 2535 253 2573 a
280 2535 327 2575 me
350 2515 477 2577 Notario
498 2516 621 2596 publico
643 2518 721 2578 intra
742 2517 856 2596 scripto
879 2535 972 2575 uuum
997 2513 1044 2574 vel

125 2598 213 2678 plura
233 2598 387 2678 publicum
411 2618 465 2658 seu
487 2598 733 2679 publicacouiici
756 2600 842 2679 petiit
864 2600 1044 2658 iustrumen-

125 2689 188 2740 tum
212 2700 266 2741 seu
288 2683 499 2743 instrumenta.

208 2764 288 2823 Acta
308 2764 428 2825 fuerunt
449 2764 547 2825 baec
538 2783 568 2822 ru
581 2764 666 2824 Lintz
681 2763 795 2844 oppido
819 2762 1007 2824 Arcbiducat
994 2768 1042 2824 tus

125 2847 306 2926 Austriae,
298 2867 329 2906 ιιι
349 2847 478 2908 Camere
502 2841 632 2927 praefati
652 2846 896 2907 reverendissimi
918 2845 1041 2907 Domini

123 2929 247 2990 Domini
282 2929 452 2991 Cardinalis
486 2929 592 3008 Legati
630 2930 689 2989 sita
732 2931 763 2989 iu
793 2931 981 2990 monasterio
1011 2927 1041 2990 S

124 3013 278 3072 Francisci
298 3012 466 3093 praedicto,
481 3013 581 3090 Anno,
596 3011 775 3090 indictione,
791 3013 849 3090 die,
873 3031 988 3090 meuse,
1012 3017 1042 3072 et

124 3095 316 3172 Pontificatu,
337 3095 450 3175 quibus
473 3114 574 3175 supra.
619 3094 832 3156 Praesentibus
854 3094 967 3155 ibidem
989 3113 1043 3156 no·

125 3178 234 3240 bilibus
267 3179 337 3238 viris
374 3179 513 3239 Dominis
542 3177 700 3238 Hilarione
724 3179 833 3239 Ursino
865 3178 960 3238 nobili
982 3177 1042 3238 Ro·

125 3281 227 3338 mano,
249 3262 339 3321 Petro
362 3262 468 3322 Flavio
487 3261 660 3340 Aquilauo,
684 3280 721 3321 ac
741 3261 883 3323 Johauue
907 3260 1042 3341 Caspare

124 3344 304 3422 caracciolo
327 3345 550 3426 Neapolitano,
586 3345 713 3404 testibus
738 3344 777 3404 ad
800 3345 969 3425 praemissa
989 3362 1041 3404 vc·

124 3429 200 3488 catis
223 3428 396 3508 specialiter
418 3437 510 3507 atque
533 3429 657 3508 rogatis

334 3511 373 3570 Et
396 3512 463 3590 Ego
484 3512 676 3591 supradictus
689 3510 795 3570 Petrus
808 3511 960 3571 Antonius
973 3509 1043 3570 Ber-

290 3613 341 3653 rus
350 3593 532 3681 Parmensrs,
550 3592 688 3673 publicus
699 3594 872 3673 apostolica
880 3593 1043 3654 autoritate

288 3676 446 3746 Notarius
477 3694 515 3739 ac
541 3679 571 3736 in
594 3677 728 3737 Arcbivo
752 3676 910 3738 Romanae
932 3676 1043 3738 Curiae

291 3759 479 4001 demusin,
510 3761 598 3853 puis
614 3760 762 3820 dictarum
790 3759 1041 3841 Apostolicorum

151 3893 243 3935 Luthert
257 3904 309 3944 opp.
323 3895 350 3938 V.
447 3893 488 3937 101.
501 3882 581 3937 saal.
595 3905 617 3945 p.
631 3894 681 3938 v01.
694 3896 725 3936 Π.
857 3893 899 3958 28
