2356 4200
127 290 190 361 182
455 296 604 351 Sermones
622 295 733 351 liutheri

124 466 247 547 putavit
269 466 340 545 quia
355 465 459 527 ‘voluit
480 486 550 527 esse
573 471 736 528 contentus
760 484 798 527 eo
820 465 889 526 viso
912 463 1051 525 etlaters

127 555 247 629 postea,
270 568 332 630 non
356 551 436 610 enim
460 550 574 630 habuit,
595 549 678 610 unda
693 549 863 630 gloriosum
885 548 1049 626 sibilaret,

127 632 279 692 Christum
303 632 479 693 advenisse:
514 634 631 695 sciebat
658 651 726 692 sese
753 651 815 692 non
844 633 954 691 mereri
975 648 1051 710 prae

129 716 258 775 caeteris
281 716 432 795 omnibus,
457 716 540 795 quod
562 723 664 776 autem
687 715 830 796 cupiebat
850 722 951 794 patet,
979 716 1051 794 quia

129 800 249 878 accepit
269 799 354 858 illum
376 799 532 880 gaudens:
566 798 709 879 gaudium
740 799 821 858 anim
855 803 902 858 est
929 799 1050 878 signum

127 881 340 961 praecedentis
373 884 485 942 amoris
514 888 545 942 et
580 882 763 962 cupiditatis.
812 879 843 942 ai
879 882 959 940 enim
983 880 1050 960 quis

128 965 227 1044 ipsum
250 966 483 1046 interrogasset,
508 965 641 1025 velletne
662 964 815 1024 Christum
836 963 976 1023 habere?
1005 983 1049 1023 ra·

128 1046 313 1127 spondisset
335 1067 397 1107 non
421 1048 521 1108 audeo
545 1055 653 1128 optare
675 1066 733 1107 nec
754 1047 845 1107 velle.
878 1046 925 1106 Illi
947 1053 1049 1106 autem

127 1130 374 1209 respondissent:
397 1131 510 1210 Utique
534 1138 565 1191 et
587 1150 678 1210 spero
702 1132 746 1189 sic
766 1130 908 1190 futurum.
938 1129 1051 1190 Videte

128 1232 203 1293 argo
233 1213 470 1292 profunditatem
504 1214 604 1275 cardis
642 1213 782 1289 humani,
818 1214 903 1272 cuius
937 1213 1050 1273 veritas

128 1303 191 1355 tam
212 1296 319 1355 intima
348 1303 395 1356 est
427 1306 458 1356 et
489 1304 550 1357 tam
574 1302 725 1357 secretum
744 1296 841 1373 velle,
871 1302 904 1354 ut
932 1296 1052 1356 nesciat

130 1396 199 1438 sese
222 1397 280 1438 nec
300 1378 434 1459 gaudeat
455 1379 546 1458 velle,
569 1378 764 1440 solummodo
796 1379 923 1438 sentitur
954 1385 985 1438 et
1005 1379 1050 1437 vi·

130 1463 209 1521 uitur
230 1461 291 1521 hcc
311 1462 402 1541 velle,
435 1483 497 1522 non
521 1469 623 1522 autem
647 1463 774 1523 elicitur.
817 1462 885 1521 Hoc
908 1467 955 1520 est
984 1479 1050 1521 rec·

127 1552 191 1604 tum
215 1545 470 1621 conbuserunt
500 1547 647 1606 interiora
671 1545 815 1607 hominis.
858 1543 948 1605 Unde
977 1544 1051 1604 dicit

129 1627 281 1688 Christus:
312 1625 413 1688 Hodie
436 1628 518 1688 salus
539 1629 611 1688 huic
633 1628 737 1688 domui
759 1627 840 1687 facta
861 1633 908 1686 est
929 1647 948 1686 a
970 1628 1049 1705 Deo,

128 1710 200 1769 hinc
221 1711 293 1770 hinc
315 1710 421 1787 iustus,
445 1713 516 1790 quia
538 1712 615 1772 haec
638 1717 685 1771 est
706 1710 815 1770 domus
837 1729 921 1770 mea:
944 1715 975 1769 et
995 1712 1050 1769 ite-

128 1813 204 1871 rum,
225 1811 263 1852 eo
287 1792 370 1872 quod
392 1799 424 1853 et
444 1795 511 1874 ipse
533 1796 571 1854 sit
592 1793 673 1854 filius
689 1793 851 1853 Abrahae:
874 1794 950 1872 ipse,
972 1792 1050 1872 ipse,

128 1893 190 1935 non
223 1875 277 1935 illi.
335 1876 417 1936 Ecce
451 1896 525 1956 ergo
564 1876 721 1955 quomodo
760 1874 955 1936 offenduntur
996 1875 1050 1948 illi,

127 1977 219 2036 quum
251 1976 312 2018 non
342 1959 468 2037 fecerit,
506 1966 540 2019 ut
571 1959 799 2020 offenderentur
835 1956 874 2018 ad
914 1953 1050 2018 malum?

129 2041 208 2115 Quia
241 2043 392 2120 potuisset
418 2043 501 2101 hunc
521 2042 695 2102 Zachaeum
726 2042 847 2102 occulte
875 2058 989 2100 vocare
1010 2040 1051 2100 ad

91 2180 95 2184 .
128 2124 267 2204 gratiam,
291 2124 344 2184 ssd
367 2125 465 2185 voluit
487 2125 517 2185 id
540 2126 700 2186 manifeste
722 2125 796 2200 lieri,
820 2131 854 2184 ut
873 2123 916 2183 illi
940 2123 1050 2184 falsam

127 2208 273 2266 iustitiam
304 2209 459 2287 propriam
490 2216 695 2288 agnoscerent
716 2214 747 2267 et
767 2207 910 2267 Zachaeo
933 2206 1049 2266 similes

130 2290 241 2351 forent.
285 2290 325 2350 Et
346 2292 391 2350 sic
412 2310 466 2369 per
493 2291 582 2350 unius
612 2283 787 2370 exemplum
816 2290 915 2350 voluit
941 2290 1050 2349 omnes'

128 2390 148 2431 a
169 2371 277 2432 morbo
301 2390 425 2442 sanare,
462 2373 534 2434 licet
561 2374 605 2433 illi
633 2373 720 2434 abusi
743 2375 803 2432 sint
823 2371 976 2432 medicina
996 2371 1049 2431 hu·

127 2455 269 2532 immadi,
292 2455 374 2514 unde
396 2463 427 2516 et
449 2455 615 2517 concludit.
658 2457 752 2516 Venit
778 2457 858 2516 enim
887 2454 967 2514 tilius
995 2454 1049 2515 ho·

128 2538 217 2597 minis
257 2556 406 2616 quaerere
438 2548 468 2599 et
495 2539 612 2599 salvum
641 2541 760 2614 faeere,
791 2538 873 2618 quod
906 2538 1048 2617 perierat.

127 2619 196 2680 Non
220 2622 304 2681 venit
325 2621 500 2698 glorificare
528 2624 588 2682 iam
617 2623 713 2682 iustos
738 2629 768 2681 et
796 2622 915 2695 salvos,
951 2620 1051 2681 voluit

126 2704 194 2782 ipae
216 2722 271 2764 eos
295 2703 419 2778 offendi,
442 2723 505 2765 non
528 2710 561 2764 ut
583 2705 742 2778 caderent,
774 2704 829 2764 sed
852 2713 885 2764 ut
906 2722 940 2765 se
962 2704 1048 2782 ipsos

127 2794 340 2866 agnoscerent,
361 2788 506 2865 quoniam
519 2788 602 2867 pleni
617 2797 704 2848 erant
714 2787 814 2867 gloria
826 2794 857 2847 et
869 2804 974 2848 amore
991 2787 1048 2848 sui.

207 2870 398 2950 Hoeautem
421 2871 528 2930 vitium
552 2872 650 2930 estin
674 2871 811 2950 quolibet
833 2870 966 2944 homine,
989 2869 1048 2928 nisi

125 2970 181 3031 per
201 2953 328 3032 gratiam
352 2959 484 3029 sanetur,
508 2959 539 3012 et
560 2954 616 3013 fuit
637 2953 676 3013 ab
688 2954 776 3013 initio
790 2950 905 3029 mundi,
928 2952 1046 3030 eritque

125 3036 272 3113 usquein
295 3035 397 3112 tinem,
425 3037 496 3114 quia
518 3038 636 3115 quaerit
657 3038 686 3095 iu
711 3036 866 3109 omnibus,
900 3038 991 3096 etiam
1014 3035 1045 3094 in

125 3117 256 3188 Christo,
279 3135 358 3197 quae
382 3134 437 3177 sua
458 3128 536 3178 sunt.
579 3116 702 3199 Regnat
729 3126 830 3178 autern
852 3120 1046 3198 potissimum
1085 3145 1088 3148 ⁴

125 3206 230 3260 nostro
253 3207 401 3280 tempore,
435 3201 486 3261 ubi
508 3201 640 3281 populus
662 3219 718 3281 per
739 3201 931 3276 seductores,
963 3199 1048 3259 iabu-

124 3282 238 3342 latores
261 3289 318 3343 etc.
341 3284 371 3342 in
394 3284 473 3343 istud
497 3284 603 3343 vitium
626 3285 759 3362 ducitur,
794 3285 844 3362 qui
867 3283 972 3344 debuit
992 3300 1047 3362 po-

124 3367 183 3425 tius
206 3366 325 3425 reduci:
357 3363 472 3440 Quales
492 3373 563 3426 sunt
584 3369 634 3446 qui
657 3367 928 3446 indulgentias
960 3371 1046 3447 p'rae·

124 3447 227 3507 dicant
244 3449 291 3524 ⁹⁶),
314 3448 484 3528 dequibus
507 3470 555 3510 ex.
578 3470 622 3530 gr.
646 3451 769 3529 etquis
791 3449 820 3509 id
844 3450 929 3509 multi
952 3450 1046 3529 petie-

123 3536 207 3607 runt,
235 3549 335 3609 pauca
364 3531 479 3591 dicam:
510 3532 573 3592 dixi
607 3534 687 3591 enim
721 3533 761 3594 de
790 3534 826 3592 iis
848 3533 924 3592 alias
947 3532 1046 3613 plura,

125 3615 259 3675 maxime
277 3632 345 3673 cum
370 3616 409 3675 sit
430 3635 503 3695 prae
525 3615 640 3675 foribus
663 3633 778 3695 pompa
800 3617 860 3676 ista
886 3615 1046 3696 indulgen-

453 3736 541 3743 ...a-—

181 3783 211 3852 ⁸)
233 3784 354 3839 Mascula
372 3800 430 3839 vox
449 3789 546 3840 contra
563 3782 703 3841 Tenelium
722 3785 750 3835 at
769 3769 985 3855 eius'gragalea.
