2356 4200
173 228 242 311 264
543 253 545 258 ·
568 231 712 316 'Praefatio

176 399 304 480 quaudo
332 397 504 477 baptisatus
531 397 632 478 fuisti,
669 397 713 467 ita
743 395 826 475 quod
840 394 910 461 -tibi
924 394 1103 457 decedenti

180 483 306 545 clausae
327 481 387 540 siut
408 486 518 560 portae
539 482 709 560 poenarum
731 485 762 539 et
774 479 836 540 sint
846 484 972 557 apertae
988 479 1101 541 ianuae

179 564 312 646 paradisi
335 562 528 642 deliciarum,
552 562 652 641 quod,
686 563 712 621 si
734 579 797 623 non
820 562 976 640 morieris,
1013 561 1100 623 salva

180 648 221 717 sit
240 649 300 708 icta
318 646 430 727 gratia,
455 645 578 724 quando
591 644 667 707 alias
681 644 773 709 fueris
790 644 946 715 inmortie
961 643 1100 705 articulo.

178 730 213 792 Iu
236 729 361 790 nomine
381 728 479 788 Patris
501 733 533 787 et
553 728 620 788 Filii
636 736 673 788 >et
696 726 825 806 Spiritus
845 727 952 792 sancti.
988 725 1100 787 Amen.

598 811 654 871 Fr.
690 809 887 870 lohannes
914 808 1063 886 'fetuel¹

583 891 800 954 Subcommiss.
830 909 926 971 mppr.
948 891 1079 971 scripsit

161 1084 213 1159 p*
261 1056 370 1129 Altera
395 1055 601 1137 indulgentias
633 1056 827 1136 plenissimas
855 1057 886 1117 iu
914 1052 1100 1119 Germaniae

160 1141 346 1223 ”provinciis
368 1138 566 1220 praedicandi
588 1159 625 1200 ac
647 1137 824 1204 venditandi
846 1141 986 1217 potestas
1008 1138 1101 1199 aLe·

180 1228 242 1287 one
276 1223 303 1284 X
345 1241 429 1302 papa
465 1223 631 1283 commissa
665 1227 713 1282 est
739 1239 821 1280 nnuc
851 1223 929 1285 1517
960 1219 1100 1299 Albertc,

179 1305 453 1387 magdeburgensis
481 1312 512 1365 et
532 1305 733 1385 Moguutiuae
762 1303 844 1364 sedis
866 1303 1099 1384 archiepiscopo

179 1388 370 1470 principique
397 1388 538 1466 electori,
567 1395 598 1448 et
619 1387 795 1449 Gucrdiano
824 1386 950 1447 fratrum
983 1385 1100 1447 ordinis

179 1473 332 1537 minorum
352 1469 393 1533 dc
405 1470 601 1531 observantia
614 1476 786 1531 conventus
797 1468 976 1549 Mogontini.
999 1466 1100 1543 Quum

91 1547 94 1557 ’
179 1573 254 1631 sero
291 1560 402 1632 postea
434 1553 709 1623 Franciscancrum
744 1551 937 1613 Guardienus
969 1570 1099 1631 operam

178 1637 250 1703 huic
277 1636 404 1716 negotio¹
433 1635 588 1716 denegare
637 1635 808 1715 coepisset,
841 1633 1026 1712 Albertus,
1048 1634 1100 1712 qui

116 1734 118 1739 ’
180 1725 244 1791 tum
288 1716 370 1778 hunc
411 1737 476 1778 rem
511 1717 672 1798 agendam
714 1722 809 1796 atque
856 1715 1099 1797 promovendam

180 1801 264 1873 solus
288 1808 481 1880 susceperat,
502 1801 558 1864 J0:
594 1800 781 1877 Tetrelium,
805 1799 905 1861 ordini
926 1799 1100 1860 Dominica

180 1903 288 1945 uorum
310 1882 507 1963 adscriptum,
530 1884 581 1962 qui
603 1882 887 1961 eloquentissimum
910 1888 941 1942 et
954 1882 1099 1945 versutis·

180 1967 289 2045 simum
314 1965 569 2045 indulgentiarum
591 1982 778 2044 praeconem
797 1966 860 2024 ism
883 1964 934 2024 diu
955 1983 991 2024 se
1012 1983 1099 2044 prae·

180 2050 300 2110 stiterat
333 2055 364 2109 et
396 2047 468 2124 iude
495 2049 533 2109 ab
562 2067 644 2108 anno
672 2050 754 2111 istc
786 2048 877 2109 etiam
912 2046 1099 2124 haereticae,

180 2151 271 2212 quern
300 2130 461 2209 dicebant,
488 2131 646 2210 pravitatis
673 2130 861 2210 inquisitoris
889 2148 1013 2197 munere
1035 2131 1099 2197 fun-

181 2213 320 2295 gebatur,
341 2215 372 2272 in
396 2213 541 2273 auxilium
565 2213 725 2273 arcessivit
745 2220 837 2291 atque
860 2211 1100 2273 Subcornmissa

181 2299 259 2357 rium
281 2296 459 2376 generalem
480 2296 518 2356 ad
548 2296 761 2374 exsequendas
790 2294 1014 2375 indulgentias,
1042 2313 1099 2374 pro

181 2378 359 2440 basilicas.
382 2378 461 2438 Petri
483 2379 661 2439 fabricanda
688 2398 708 2438 a
736 2396 817 2458 papa
849 2396 1034 2455 concessas,
1068 2377 1099 2435 in

87 2466 93 2481 “
182 2463 270 2522 terris
299 2460 355 2520 sibi
384 2460 511 2521 subditis
534 2462 700 2522 constitnit.
743 2459 1004 2540 indulgentiarum
1035 2460 1099 2519 lite·

181 2563 232 2604 rae
252 2543 407 2604 Tetaelius
428 2563 524 2622 usque
546 2544 586 2605 ad
604 2563 740 2604 mensem
754 2542 964 2622 Septembrem
978 2562 1007 2605 a.
1020 2545 1100 2606 1517

182 2625 237 2691 sub
259 2626 349 2687 unius
370 2625 488 2687 Alberti
505 2629 633 2688 nomine
656 2625 888 2688 circumferebat
915 2631 1008 2705 atque
1030 2645 1101 2684 veu-

182 2708 310 2788 ditabat,
320 2715 442 2788 postea
456 2709 511 2770 sub
529 2729 585 2770 suo
598 2711 693 2789 ipsius
705 2710 830 2769 nomine
841 2707 1099 2788 indulgentiarum

182 2791 352 2872 diplomata
379 2791 506 2866 edebat,
532 2793 670 2871 inprimis
697 2793 737 2860 in,
756 2790 934 2872 regionibus
969 2790 1100 2851 civitatis

181 2873 465 2955 lllagdeburgensis‚
489 2874 596 2951 Halae,
619 2874 759 2949 Zerbstii,
781 2873 959 2951 Juterbocii,
979 2873 1101 2934 ceteris·

183 2976 243 3036 que
265 2957 358 3035 locis,
382 2975 461 3035 quae
483 2956 703 3038 Vittenbergae
726 2955 999 3035 circumiecebaut,
1027 2955 1101 3016 alte·

182 3058 310 3118 rumque
332 3041 399 3119 ipse
422 3038 804 3119 ordinispraedicatorum
827 3037 1030 3117 monachum,
1052 3039 1101 3099 oui

182 3140 295 3185 nomen
319 3127 385 3183 eret
405 3121 662 3199 Bartholomaeo,
692 3121 731 3182 ad
753 3122 814 3183 hoc
835 3123 992 3201 negotium
1016 3139 1101 3183 exer·

182 3204 311 3265 cendum
336 3203 640 3266 subcommissarium
667 3203 724 3265 sibi
746 3205 886 3277 aseivit„
1144 3210 1148 3217 '

265 3287 366 3349 Unam
397 3307 437 3347 ex
469 3287 727 3367 indulgentiarum
755 3287 911 3366 epistolis,
929 3304 1023 3364 ..quae
1044 3285 1100 3345 sub

181 3369 310 3447 Alberti
323 3371 448 3431 nomine
475 3370 697 3450 archiepiscopi
724 3377 757 3430 at
778 3369 943 3435 Guerdioni
965 3368 1102 3429 Francis·

183 3472 329 3523 canorum
356 3454 636 3533 Moguutinensium
659 3454 749 3514 datae
777 3459 863 3530 sunt,
894 3451 1048 3512 Losschcr
1069 3451 1101 3511 iu

182 3536 316 3611 Reform.
337 3536 407 3596 Act.
422 3536 451 3614 J,
472 3556 500 3615 p.
525 3537 585 3600 388
611 3554 677 3615 sqq.
707 3535 876 3596 nobiscum
895 3534 1100 3596 communica-

182 3619 235 3699 ¹vit,
257 3618 386 3678 eandem
410 3638 501 3697 quem
523 3619 636 3679 Paulus
658 3616 809 3680 Seidelius
830 3619 862 3678 iu
883 3617 957 3679 Vita
976 3616 1101 3686 Lutlreri

182 3702 255 3780 p.,3
278 3703 349 3775 etl
380 3702 494 3781 primus
530 3703 561 3773 iu
592 3702 690 3761 lucem
723 3701 839 3774 edidit„
875 3699 950 3761 Cum
979 3699 1049 3779 hac,
1076 3698 1102 3761 si
