2356 4200
306 273 443 330 Praefatio
463 273 497 330 de
516 276 584 329 actis
603 272 773 345 augustanis
794 273 871 332 1518.
990 272 1051 338 341

130 461 270 505 caussam
302 443 463 506 dicendam
494 451 524 505 et
552 443 760 505 revocandum
782 444 971 523 perveniret,
992 444 1053 523 iam

130 526 161 587 d.
183 526 251 587 VIII
273 547 312 588 m.
333 528 414 609 Aug.
437 548 492 608 per
514 527 705 607 Spalatinum
726 526 922 606 Fridericum,
943 525 1054 595 PrInoi·
1112 603 1117 607 V

129 629 203 691 pem
225 629 330 688 suum,
359 618 539 692 rogaverat,
562 617 595 670 ut
617 616 647 670 et
668 610 813 689 Princeps
836 611 958 690 ipseet
979 609 1053 671 Cae

130 711 221 753 sarea
241 692 385 754 Maiestas
418 694 476 754 sibi
497 713 517 752 a
544 712 663 753 summo
685 691 835 752 Pontifice
856 693 1055 772 impetrarent

128 776 342 852 remissionem
355 796 409 836 seu
427 777 677 838 commissionem
695 794 823 836 caussae
845 794 919 834 snae
934 774 973 836 ad
985 796 1054 856 par·

129 863 177 918 tes
198 858 409 921 Alamanniae.
455 862 622 940 Imperator
644 864 752 918 contra
773 857 1002 918 MaximIIIanus
1024 856 1053 921 d.

129 937 170 1002 V.
192 941 329 1003 eiusdem
346 962 442 1002 mens.
465 941 595 1022 Augusti
618 961 658 1001 ex
680 942 804 1001 civitate
825 941 975 1020 imperIali
992 940 1053 1001 An·

129 1031 222 1104 gusto
254 1025 415 1105 epistolam
447 1024 485 1085 ad
520 1025 655 1085 Leonem
682 1024 710 1083 X
739 1024 828 1084 Pont.
851 1021 992 1101 dederat,
1021 1030 1055 1084 ut

129 1106 281 1168 damnosa
313 1114 344 1169 et
370 1108 550 1185 haeretica,
580 1126 659 1187 qnae
686 1126 743 1187 per
764 1105 926 1166 Lutherum
951 1112 1055 1167 essent

128 1190 339 1270 dissemInata,
357 1191 540 1266 diudicaret,
562 1210 603 1249 ne
624 1190 784 1250 sinceritas
807 1188 980 1250 Christiana
1000 1189 1053 1262 hu·

128 1272 261 1334 iusmodi
283 1273 550 1354 disputationibus
563 1272 735 1332 laederetur
763 1272 811 1332 vel
833 1271 1053 1333 scandalizare-

130 1363 187 1435 tur,
209 1375 280 1435 „se,
304 1357 451 1436 quidquid
472 1356 557 1436 Papa
579 1374 670 1434 super
691 1355 745 1415 his
759 1361 866 1415 sancte
888 1355 1054 1433 statuisset,

128 1439 162 1499 in
193 1439 323 1518 imperio
352 1458 407 1501 sno
448 1438 486 1500 ab
516 1436 656 1498 omnibus
686 1437 842 1498 observari
875 1438 1053 1510 iacturum“.

128 1520 177 1581 Illa
208 1522 341 1601 epistola
371 1522 450 1582 infra
486 1527 639 1601 sequetur.
681 1519 730 1579 Ad
752 1519 896 1581 Friderici
919 1526 1053 1587 mentem

128 1611 223 1683 atque
259 1606 392 1666 animum
416 1602 655 1685 perturbandum
678 1622 716 1664 aa
745 1602 919 1662 terrendum
941 1605 1001 1663 iam
1024 1602 1053 1664 d.

126 1686 170 1747 III
191 1686 371 1767 m.,‚4lprilis
395 1688 475 1751 1518
498 1687 668 1747 Oardinalis
689 1685 829 1765 Raphael
866 1685 904 1745 de
931 1687 1054 1748 Revera

128 1769 292 1849 epistolam
315 1769 355 1830 ad
370 1770 556 1830 Fm'derIcum
576 1770 746 1850 principem
769 1768 861 1847 misit,
883 1788 922 1828 ne
944 1769 1051 1830 Luthe·

83 1906 88 1926 ,
127 1872 197 1913 rum
229 1853 356 1933 eiusque
387 1855 500 1932 scripta
521 1859 672 1912 tueretur:
717 1851 757 1911 ad
790 1870 858 1910 eam
888 1852 1051 1931 epistolam

126 1932 301 1997 Fridericus
323 1937 570 2016 Responsionem
593 1936 676 1996 misit
697 1934 726 1995 d.
750 1933 778 1994 V
802 1953 840 1994 m.
862 1933 953 2014 Aug,
975 1952 1054 2015 quae

128 2017 234 2078 itidem
263 2018 342 2078 infra
374 2024 526 2099 sequetur.
569 2018 626 2079 Die
647 2016 745 2080 XXIII
771 2036 811 2076 m.
839 2015 918 2096 Aug.
940 2014 1003 2077 Leo
1025 2017 1054 2077 X

127 2101 217 2162 Pont.
235 2101 424 2171 ¹Frideriaum
448 2102 618 2182 prinoipem
641 2120 697 2179 per
719 2101 822 2159 literas
836 2099 974 2160 hortatus
996 2103 1053 2179 est,

127 2190 162 2244 ut
183 2182 272 2244 daret
293 2202 418 2263 operam
442 2191 473 2244 et
498 2183 649 2260 efiiceret,
671 2190 704 2241 ut
724 2182 870 2242 MartInus
893 2181 1054 2259 Lutherus,
1139 2218 1146 2233 ι

128 2264 169 2326 ad
192 2266 442 2347 respondendum
463 2267 594 2327 Romam
619 2269 738 2342 citatus,
759 2265 790 2323 in
812 2270 998 2344 potestatem
1022 2272 1053 2325 et

127 2347 273 2409 iudicium
295 2357 421 2410 sanctae
438 2349 519 2409 sedis
541 2349 733 2429 apostolicae
756 2345 957 2407 deduceretur
973 2344 1052 2429 (vid.

128 2428 238 2514 infra).
280 2432 399 2493 Eodem
424 2439 537 2492 'autem
572 2430 621 2492 dle
647 2431 754 2491 XXIII.
783 2450 822 2494 m.
846 2431 922 2510 Aug.
952 2431 1053 2490 Roma

128 2513 221 2575 datae
248 2521 319 2574 sunt
347 2515 453 2575 literae
482 2514 637 2576 Cardinali
671 2513 839 2591 Caietano,
869 2512 978 2592 quibus
1008 2512 1052 2572 illi

128 2597 306 2677 mandatur,
340 2604 373 2658 nt
394 2597 511 2677 absque
532 2597 597 2657 ulla
619 2616 706 2657 mora
725 2597 901 2675 Lutherum,
922 2595 1051 2656 haereti·

127 2698 199 2753 oum
221 2681 282 2740 iam
305 2679 516 2759 declaratum,
548 2681 694 2741 invocato
724 2680 893 2759 prinprum
916 2677 1052 2756 brachio,

127 2781 233 2824 eoram
256 2783 290 2824 se
310 2763 514 2844 personaliter
528 2761 767 2844 comparendum
777 2767 904 2841 cogeret
925 2767 956 2821 et
971 2781 1052 2821 com·

127 2845 268 2925 pelleret,
291 2847 374 2906 etin
396 2854 582 2926 potestatem
609 2865 695 2904 snam
706 2844 863 2905 redactum
892 2843 947 2905 sub
969 2843 1052 2903 fideli

127 2927 270 2989 custodia
296 2931 450 3006 retineret,
475 2928 576 2989 donec
603 2948 623 2986 a
648 2926 798 2987 Pontifice
821 2925 904 2986 aliud
932 2925 1052 2987 habuis·

127 3017 177 3071 set
196 3012 228 3071 in
250 3011 411 3090 mandatis,
434 3018 467 3071 ut
489 3030 592 3071 coram
609 3008 689 3070 Sede
711 3009 884 3089 apostolica
896 3010 1052 3070 sisteretur

129 3099 187 3154 etc.

102 3230 113 3249 ,
211 3173 273 3236 Eas
312 3177 416 3238 literas
457 3177 599 3252 (Breve
642 3173 723 3254 quod
764 3173 884 3250 dicunt]
919 3173 1051 3234 Luthero

127 3258 253 3320 demum
274 3260 376 3320 medio
399 3279 505 3320 mense
519 3257 644 3319 Octobri
665 3257 850 3334 innotuisse,
873 3275 997 3318 cernere
1019 3256 1064 3317 lie

120 3348 180 3403 ‚cet
209 3361 248 3402 ex
273 3343 422 3422 epistola,
456 3361 545 3422 quam
567 3341 715 3402 Lutherus
744 3339 984 3419 Vittembergam
1007 3359 1052 3401 re-

127 3444 235 3485 versus
263 3424 292 3484 d.
315 3427 364 3488 31.
394 3445 434 3485 m.
463 3424 529 3486 Oct.
564 3427 643 3489 1518
679 3422 838 3503 Spalatino
875 3422 971 3500 misit,
999 3421 1052 3483 nbi
1122 3473 1124 3476 ,

127 3508 208 3569 haec
228 3507 376 3588 legimus:
400 3509 652 3588 „Responsiones
676 3525 759 3567 meas
782 3505 821 3564 ad
843 3504 880 3565 D.
904 3502 1052 3568 Cardine·

128 3588 166 3652 lis
193 3589 314 3651 obiecta
345 3609 406 3651 una
443 3610 512 3651 cum
534 3589 743 3671 appellatione
770 3587 883 3649 curabo
908 3593 940 3646 ut
962 3587 1051 3648 edam

130 3675 162 3734 in
183 3673 311 3754 vulgus,
334 3672 455 3735 adiecto
478 3673 655 3755 theologico
679 3671 813 3752 quodam
835 3676 982 3753 apparatu
1004 3691 1052 3732 su·

129 3774 195 3837 perf
206 3755 305 3819 Breve
326 3756 555 3839 apostolicum,
581 3758 645 3817 imo
667 3755 870 3837 diabolicum,
899 3755 983 3869 cuius
1018 3759 1051 3815 tn
