2356 4200
257 275 259 279 ’
312 343 315 349 ,
349 279 397 346 rut
414 285 482 338 cru.
501 283 530 340 r.
550 284 616 339 sne.
636 276 789 342 ranam.
1002 274 1043 350 at,

123 453 237 514 cultata
258 459 289 514 et
310 453 496 515 sufficienter
516 454 719 529 porrexerint.
762 453 848 515 Haec
871 456 952 517 enim
975 475 995 517 a
1016 464 1047 518 te

123 537 264 597 dicuntur·
284 543 432 616 tanquam
454 537 587 616 lubrico,
618 537 671 622 qui
694 544 814 618 tempus
837 538 988 618 redimas,
1015 549 1046 600 et

123 619 238 680 exitum
272 637 419 698 quaeras,
455 620 529 680 nihil
554 622 639 682 enim
669 627 739 681 sunt
774 619 814 680 ad
842 623 1045 703 propositum.

123 702 208 782 Ergo
238 720 300 762 non
330 710 376 763 est
404 722 514 783 causa,
551 704 645 765 multo
681 705 780 763 minus
814 705 914 784 prima
942 723 1059 766 cansa·

124 783 211 863 aua,
233 784 316 864 quod
339 785 493 866 suffragia,
516 788 540 846 si
563 806 625 848 non
638 795 767 866 prosunt
787 787 849 846 iam
867 786 1045 867 redemptis,

123 876 275 949 prosunt
303 876 405 930 tamen
433 870 508 930 aliis.
552 868 620 931 Hoc
652 887 713 929 non
744 868 963 949 quaerebatur,
993 869 1048 931 sed

123 952 175 1012 hic
200 958 249 1010 est
273 952 388 1032 nodus,
424 961 463 1013 art
495 950 664 1013 omittenda
691 953 752 1013 sint
780 951 882 1014 officia
910 953 1048 1015 nomina·

123 1035 179 1095 tim
200 1052 257 1114 pro
281 1034 441 1096 animabus
470 1034 592 1118 oblate,
627 1055 665 1095 an
698 1037 824 1096 nomina
851 1055 957 1097 eorum
984 1054 1046 1098 non

124 1118 335 1198 pronunciari,
369 1137 431 1178 uon
461 1119 491 1178 in
525 1116 714 1179 orationibus
742 1120 904 1180 memorari
927 1125 1048 1200 oporte-

124 1199 179 1262 at?
220 1198 278 1260 Hic
298 1201 469 1282 responde,
500 1201 598 1281 quod,
626 1201 652 1261 si
675 1202 846 1263 omittenda
868 1211 953 1280 sunt,
984 1220 1048 1263 om-

123 1284 172 1344 nis
195 1281 319 1345 devotio
342 1285 425 1364 vulgi
449 1284 585 1363 deficiet,
616 1292 647 1344 et
670 1284 846 1346 sacerdotes
872 1285 954 1345 fame
976 1303 1048 1346 cou-

125 1365 276 1445 flcientar‚
297 1367 355 1427 nisi
377 1367 454 1427 forte
477 1366 566 1430 dicis:
609 1365 688 1442 Quid
710 1366 750 1427 ad
773 1367 942 1447 Romanos,
964 1367 1048 1447 quod

124 1449 273 1511 Germani
296 1449 486 1511 moriuntur?
959 1504 962 1509 ,

209 1531 258 1592 Ad
280 1535 400 1594 tertiam
422 1533 530 1593 iterum
553 1531 640 1610 dicis,
663 1551 724 1593 non
748 1550 817 1593 esse
839 1551 964 1594 causam
988 1532 1047 1594 auf—

124 1615 295 1695 ficientem,
324 1618 374 1676 oui
401 1635 519 1677 rursum
542 1615 709 1696 opponitur
731 1615 858 1692 caritas,
887 1623 920 1676 ut
947 1634 1049 1696 supra,

125 1705 157 1759 et
178 1704 339 1779 permanet
360 1701 516 1778 quaeretis,
544 1699 602 1758 nisi
623 1699 752 1759 velimus
773 1697 857 1759 nuda
877 1699 971 1761 verba
993 1697 1048 1761 sn-

127 1782 222 1842 vestri
243 1800 300 1863 pro
323 1781 455 1842 oraculis
476 1781 600 1842 habere.
689 1852 697 1863 ο

211 1864 260 1924 Ad
282 1873 421 1944 quartam
444 1864 515 1924 mihi
537 1883 594 1945 pro
616 1864 723 1944 regula
750 1864 844 1925 tradis
874 1864 987 1926 factum
1018 1871 1049 1926 et

127 1947 244 2009 dictum
265 1948 417 2008 ecclesiae
437 1948 606 2009 Romanae.

209 2030 411 2112 Respondeo:
455 2030 486 2092 Si
514 2031 552 2092 de
581 2029 701 2091 virtuali
731 2037 762 2090 et
780 2031 1050 2110 repraesentativa
1098 2088 1103 2110 ,

126 2121 181 2176 tua
202 2114 336 2174 ecclesia
357 2114 500 2194 loqueris,
523 2112 596 2175 nolo
618 2123 702 2174 tuam
722 2112 876 2194 regulam,
901 2113 973 2192 quia
998 2117 1050 2189 (ut

125 2197 322 2278 supradixi)
348 2217 388 2257 ex
411 2216 436 2262 c.
461 2196 661 2277 significasti,
692 2195 761 2256 talis
791 2195 920 2273 ecelesia
946 2202 1049 2277 potest

124 2300 248 2344 erraret.
281 2280 467 2341 Universalis
490 2288 590 2341 autem
622 2279 754 2340 ecclesia
781 2297 844 2340 non
872 2286 976 2359 poteet
1002 2298 1047 2341 er·

123 2384 210 2444 rare,
239 2368 271 2425 ut
300 2364 475 2424 doctissime
508 2364 599 2423 etiam
629 2361 741 2443 probat
769 2361 859 2424 Card.
882 2361 987 2423 (ianne.
1014 2364 1045 2423 in

124 2449 225 2529 primo
243 2445 315 2509 Seu.
329 2447 458 2524 Deinde,
481 2465 537 2507 nec
561 2466 643 2527 papa
667 2464 795 2524 usquam
818 2446 878 2506 hoo
901 2445 973 2506 dicit
995 2455 1047 2506 aut

124 2531 212 2607 facit,
241 2529 325 2609 quod
360 2536 392 2589 tu
423 2531 536 2590 sactum
567 2536 598 2590 et
627 2529 740 2589 dictum
770 2528 921 2589 ecclesiae
940 2547 1046 2590 voces.

123 2613 320 2694 Promptulus
344 2632 376 2673 es
399 2615 619 2692 aequivocator
640 2612 728 2673 huius
751 2613 882 2674 nominis
894 2610 1047 2691 Ecclesia,

124 2696 194 2758 ideo
217 2699 351 2764 maxime
373 2697 446 2756 mihi
471 2703 642 2776 suspectus.
964 2743 969 2758 .

207 2779 258 2840 Ad
292 2781 429 2858 quintam
457 2779 547 2858 dicis,
579 2778 631 2838 ubi
658 2777 772 2839 multae
804 2783 875 2838 sunt
910 2776 1045 2857 divitiae,

125 2864 210 2924 multi
234 2864 285 2943 qui
309 2862 474 2923 comedunt
495 2883 557 2923 eas.
594 2861 662 2921 Hoc
684 2869 740 2938 est,
763 2861 846 2939 quod
869 2868 1045 2940 queruntur,

124 2947 207 3026 quod
235 2946 335 3006 Roma
363 2947 481 3025 quaerit
508 2952 646 3006 saturare
674 2945 812 3023 pecuniis
841 2961 914 3003 suos
945 2961 1044 3004 come·

124 3038 241 3109 stores,
276 3037 306 3089 et
334 3036 431 3090 toturn
463 3048 543 3109 pene
578 3026 707 3088 devorat
736 3025 837 3101 orbe„
871 3026 957 3109 ‚eur
983 3045 1044 3086 non

124 3115 302 3173 minuuntur
325 3111 522 3172 comedentes
545 3109 738 3171 divitiarum?
780 3106 836 3170 lniss·
866 3128 906 3170 ne
937 3111 1045 3171 iterum

125 3197 199 3256 facis
223 3215 264 3255 ex
285 3215 367 3276 papa
388 3196 604 3275 imperatorem
627 3194 657 3252 in
680 3197 833 3273 potestate
846 3198 876 3252 et
891 3191 1046 3253 violentia.
1119 3230 1124 3242 «

123 3279 183 3341 Sed
197 3279 423 3339 Maximilianus
446 3286 476 3339 et
489 3277 653 3338 Germania
675 3276 705 3336 id
727 3294 790 3335 non
813 3284 973 3353 noverunt,
995 3295 1046 3336 ne-

124 3381 183 3442 que
210 3362 346 3423 credunt.
389 3362 566 3422 Fortissime
595 3367 697 3420 autem
725 3358 756 3419 id
786 3368 901 3438 negant
926 3358 1046 3418 Turcae

123 3453 152 3506 et
173 3445 302 3506 Tartari.
345 3445 468 3505 Frustra
491 3463 613 3523 quoque
646 3441 877 3503 celeberrimum
907 3440 981 3501 illud
1014 3447 1046 3502 et

123 3547 287 3590 commune
308 3527 434 3607 bonurn,
458 3527 541 3608 quod
563 3533 623 3603 est,
645 3526 763 3607 lapides
787 3532 817 3586 et
841 3525 933 3605 ligna,
956 3523 1044 3584 nobie

122 3612 252 3674 iactitat.
305 3611 374 3672 Non
411 3612 491 3672 enim
523 3630 578 3691 per
614 3611 675 3671 hoc
706 3609 866 3670 solvuntur
896 3608 1042 3668 laicorum

123 3697 332 3775 quaestiones.

150 3819 153 3825 -
186 3778 254 3839 ,Ad
276 3785 395 3840 sextam
418 3797 484 3839 sum
508 3776 563 3838 tibi
584 3774 807 3848 haeresiarcha,
830 3774 953 3854 quando
978 3774 1041 3855 qui-

147 3897 239 3939 Lutheri
253 3907 304 3948 opp.
318 3898 345 3940 V.
360 3896 387 3937 Δ.
401 3895 430 3937 ad
443 3895 483 3937 ref.
497 3895 547 3936 hira
561 3896 576 3937 Ι.
590 3906 613 3948 p.
627 3894 677 3940 Vol.
691 3894 723 3937 11.
864 3898 887 3964 ξ)
