2356 4200
128 289 170 361 98
416 295 546 366 Epitorira
564 296 765 366 lleaponaionia

125 466 280 527 tentative
302 469 351 527 eat
373 466 538 528 concilium
561 470 619 528 rite
633 466 830 528 celebratum.
867 465 1010 527 Ecclesia
1019 463 1045 546 s)

103 550 200 623 ‚iero
224 550 408 611 universalia
428 551 459 610 iu
481 551 591 612 virtute
614 556 662 610 eet
683 549 815 610 ecclesia
835 564 980 629 romana,
1003 560 1049 609 eo·

113 630 288 700 ¹cleriorum
311 633 447 696 omnium
471 636 571 715 caput,
589 635 621 694 ct
640 631 784 694 Pontifex
804 632 967 694 Maximus.

207 712 248 775 m
269 715 297 778 2.
320 714 404 795 quod
426 715 558 777 ecclesia
575 734 704 777 romena
717 714 980 796 repraesentativa
1000 713 1048 776 vel

123 799 328 860 eminentiore
351 798 445 860 modo
468 805 516 860 eat
538 798 702 879 collegium
724 798 1047 860 reverendissimorum

123 879 321 945 dominorum
343 880 562 959 Gordinalium,
583 881 753 942 virtualiter
777 888 880 942 autem
903 887 951 941 eat
971 878 1046 941 Pou-

122 960 200 1025 tifex
222 968 369 1044 auillmut,
392 963 444 1045 qui
467 963 619 1026 ecelesiae
648 982 795 1025 romanae
818 970 850 1025 et
868 961 1047 1024 uuivertalia

123 1053 217 1128 caput
239 1044 296 1124 eat,
318 1046 380 1108 alio
403 1050 506 1109 tamen
529 1046 624 1109 modo
648 1066 739 1127 quem
763 1046 913 1108 Christus.

206 1126 255 1199 ut,
279 1132 308 1194 3.
340 1129 424 1208 quod
454 1131 532 1190 sicut
569 1130 701 1216 eeclesia
730 1128 913 1192 universalis
949 1138 1047 1190 errare

123 1231 187 1273 nou
210 1217 322 1293 potest,
345 1211 518 1273 decidendo
541 1211 580 1272 de
605 1211 667 1273 fide
692 1219 724 1273 et
744 1211 895 1291 moribus,
927 1211 972 1272 ita
992 1227 1048 1272 nec

124 1313 231 1355 verum
254 1294 436 1375 concilium,
459 1296 575 1356 faciens
598 1294 680 1374 quod
702 1297 732 1355 iu
756 1315 789 1357 ae
812 1302 874 1375 est,
907 1301 941 1355 ut
961 1292 1047 1355 iutel-

123 1376 199 1458 liga't
221 1377 392 1455 veritatem,
414 1378 540 1456 quode)
567 1379 707 1460 intelligo
734 1379 854 1439 incluso
877 1378 996 1460 capite,
1018 1383 1048 1438 et

123 1459 247 1520 tandem
269 1478 307 1520 ac
328 1459 474 1539 finaliter,
503 1461 576 1521 licet
597 1461 676 1522 forte
696 1462 795 1542 prima
815 1460 894 1522 facie
915 1460 1045 1539 fallatur,

124 1561 185 1623 quo
207 1561 305 1622 usque
327 1543 416 1604 durat
436 1541 546 1605 medua
575 1543 775 1623 inquirendae
804 1545 957 1623 veritatis,
985 1544 1067 1603 imc¹

124 1624 216 1686 etiam
239 1624 404 1704 aliquando
429 1627 558 1702 erravit,
592 1645 775 1707 quamquam
804 1625 968 1688 statuendo
995 1642 1046 1706 po·

122 1709 182 1768 tius
211 1727 302 1788 quam
335 1708 524 1788 decidendo,
552 1709 625 1770 lieet
653 1729 709 1790 per
737 1706 881 1790 Spiritum
909 1715 1047 1772 sanctum

123 1789 162 1852 ab
185 1798 288 1852 errore
311 1791 499 1853 educeretur.

206 1872 247 1934 Et
268 1874 408 1936 similiter
430 1894 489 1936 nec
510 1875 642 1935 ecclesia
663 1894 804 1954 romana,
825 1894 885 1936 nec
906 1874 1046 1936 Pontifex

124 1950 296 2019 decidendo
327 1957 366 2018 de
394 1957 455 2021 fide
488 1968 541 2018 aut
569 1947 720 2038 moribus,
750 1977 788 2018 ea
815 1959 953 2036 ratione,
989 1975 1048 2036 qua

123 2039 275 2121 Pontifex,
297 2041 328 2101 id
353 2046 409 2120 eat,
431 2060 471 2102 ex
493 2039 597 2103 officio
622 2060 678 2102 auo
701 2041 925 2121 pronuncians,
955 2046 987 2100 et
1006 2036 1046 2100 fa·

124 2124 209 2185 clena
232 2122 315 2203 quod
336 2124 368 2184 in
392 2142 426 2184 ae
448 2129 508 2201 est,
531 2130 564 2183 ut
591 2123 765 2204 intelligant
775 2121 811 2206 h)
834 2123 1046 2199 veritatem¹).

206 2206 247 2266 Et
266 2209 295 2269 4.
319 2206 401 2286 quod
425 2208 597 2287 quicunque
617 2226 679 2267 non
706 2208 844 2268 innititur
857 2204 1045 2277 doctrinam)

126 2289 278 2351 ecclesiae
300 2288 460 2351 Romanae
481 2289 675 2369 Romanique
698 2289 869 2367 Pontificio,
903 2293 1046 2368 tanquam

125 2373 265 2454 Regulae
286 2371 368 2451 fidei,
391 2372 423 2432 id
445 2378 502 2452 est,
527 2372 748 2434 credendorum
767 2371 926 2451 infallibili,
950 2392 969 2432 a
990 2389 1047 2450 quc

125 2457 218 2516 etiam
248 2454 341 2516 robur
370 2455 462 2516 trahit
482 2462 536 2516 aut
556 2457 648 2516 traxit
661 2474 749 2517 sacra
766 2458 925 2536 scriptura,
948 2455 1049 2516 haere·

129 2539 206 2598 ticus
228 2544 283 2600 eat.

207 2619 248 2680 Et
269 2619 298 2686 5.
325 2619 409 2701 quod
439 2621 569 2681 ecclesia
596 2640 725 2682 romana
752 2623 830 2681 sicut
859 2621 973 2698 verbo,
1010 2621 1049 2681 itu

128 2711 158 2764 et
180 2704 262 2765 facto
284 2704 388 2784 potest
410 2705 491 2765 circa
512 2703 604 2765 fidem
636 2713 666 2766 et
688 2724 790 2765 mores
811 2702 926 2784 aliquid
950 2702 1050 2764 decer·

126 2805 216 2865 nere,
249 2804 307 2848 nec
334 2788 366 2847 in
397 2785 458 2848 hoa
479 2784 650 2847 differentia
683 2787 745 2848 ulla
772 2794 833 2865 eat,
866 2793 991 2868 praeter
1021 2784 1049 2846 id

126 2870 209 2950 quod
243 2869 337 2931 verba
375 2869 414 2929 ad
445 2869 505 2930 hoc
539 2876 611 2930 aunt
645 2870 928 2931 accommodatiora
961 2880 1049 2950 quam

126 2950 216 3030 fecta,
238 2950 319 3013 unde
336 2952 394 3012 hac
410 2953 531 3012 ratione
546 2952 736 3013 consuetudo
751 2954 813 3013 vim
831 2952 950 3013 obtinet
965 2952 1049 3034 legia.

211 3033 252 3096 Et
271 3037 301 3100 6.
326 3035 504 3114 corollarie‚
530 3035 612 3114 quod
634 3037 686 3115 qui
708 3038 813 3114 sentit,
844 3035 926 3115 quod
956 3034 1050 3096 eccle·

128 3115 221 3193 siet)
245 3136 374 3180 romana
395 3117 497 3178 facere
520 3137 581 3179 nou
605 3121 706 3199 possit
726 3120 756 3178 in
779 3118 991 3199 spectantibus
1013 3115 1048 3177 ml

127 3201 234 3279 fidem,
268 3200 351 3280 quod
375 3197 414 3261 de
435 3200 516 3261 facto
552 3201 641 3282 facit,
674 3202 845 3263 haereticus
868 3206 931 3281 est,
965 3201 1051 3262 aliter

197 3371 223 3441 f)
246 3372 295 3425 Hie
314 3378 395 3425 autor
419 3373 535 3440 corrigit
562 3385 591 3422 se
614 3370 706 3437 ipsum
728 3370 802 3436 priua
828 3372 883 3420 frea
910 3367 1050 3432 eccleciae,

127 3447 182 3496 iem
204 3446 324 3513 quinque
342 3444 457 3510 habena,
477 3446 517 3494 sic
536 3443 642 3493 Romae
662 3442 759 3492 crescit
777 3441 918 3506 sapientia.
954 3443 988 3508 g)
1001 3438 1051 3491 lla·

125 3517 249 3587 gietralia
269 3517 297 3567 a't
314 3515 544 3567 scientifieiaaima
563 3512 711 3564 distinctio.
749 3509 780 3569 hl
800 3509 835 3564 Ut
854 3517 975 3580 exsugat
994 3526 1075 3564 ceu·

127 3589 203 3641 aibua
223 3588 329 3653 orbem,
350 3600 414 3638 vere
432 3585 478 3638 hic
497 3600 553 3638 non
573 3589 656 3652 errat,
674 3582 746 3651 proh
765 3581 854 3637 dolor.
891 3583 918 3646 i)
938 3581 991 3635 Hic
1007 3581 1050 3634 Sa

128 3661 304 3712 tenerrimo
324 3663 427 3710 tartaro
446 3657 578 3724 loquitur.
623 3655 654 3719 lr)
676 3653 817 3723 capiendo
846 3651 994 3708 ecclesiam
1013 3667 1051 3705 ro·

128 3730 240 3783 mairam
260 3737 340 3783 sexto
360 3727 444 3781 mollo
464 3743 515 3796 pro
534 3727 668 3795 Magistro
688 3725 794 3777 Palatii.

200 3801 230 3875 l)
246 3803 278 3858 ln
298 3800 362 3857 coll.
379 3800 441 3857 len.
459 3805 487 3854 et
507 3798 648 3852 Vittemb.:
668 3796 806 3867 intelligat
824 3798 976 3851 veritatem.
