2356 4200
153 262 235 369 ’148Ι
402 268 733 365 ‘''nesoiurrauesurspur
752 267 831 339 tuin.

148 451 299 512 ‘iudicium
333 453 439 512 mortis
471 473 533 514 non
562 453 750 515 imminebat.
800 453 874 514 Ideo
903 451 942 511 de
970 450 1079 530 quarta

148 537 261 616 specie
283 542 314 596 et
335 537 425 597 tertia
446 536 503 596 fuit
523 539 588 598 eius
603 557 715 618 poena,
738 538 809 616 quia
823 534 978 616 flagellum
998 551 1078 594 mor-

148 619 194 678 ·tis
217 619 336 679 tulitin
367 617 460 679 corde
483 622 632 698 contrito,
665 621 761 679 Maria
795 638 868 679 vero
892 616 1080 698 Magdalena

147 702 187 761 'in
209 703 299 762 tertia
320 703 424 782 specie
447 718 565 783 poenas
588 703 700 781 luebat,
724 722 823 782 neque
845 709 949 782 potest
973 700 1079 760 doceri

145 784 246 846 aliam
267 786 368 845 ¹fuisse
396 787 460 846 eius
489 805 639 866 poenam,
673 796 706 846 ut
732 793 827 865 patet.
869 785 916 844 De
944 783 1078 863 leprosis

147 867 228 929 'vero
249 867 340 947 dieo,
370 868 452 948 quod
481 890 543 930 non
572 870 611 930 ad
642 869 883 929 satisfactionem
912 864 1078 926 ostendere

145 957 189 1027 {se
211 951 286 1010 iussi
307 959 394 1026 sunt,
417 951 471 1011 sed
494 952 532 1012 ad
555 953 772 1013 testimonium.
816 951 885 1011 Non
909 951 988 1010 enim
1012 952 1080 1009 erat

130 1028 242 1113 *lepra
269 1042 445 1113 peccatum,
463 1035 530 1119 xsed
555 1034 747 1117 significabat
767 1042 943 1114 peccatum,
974 1039 1077 1094 oslen-

144 1117 201 1177 ‘sio
225 1127 325 1177 autem
349 1119 468 1196 peccati
490 1137 553 1179 non
577 1127 625 1179 est
647 1119 827 1196 satisfactio,
851 1117 904 1176 sed
928 1112 1075 1175 iudicium

155 1201 273 1279 quaerit
295 1201 473 1277 sacerdotis,
496 1210 529 1261 ut
552 1203 630 1261 haec
652 1210 726 1261 nota
747 1207 818 1260 sunt
839 1201 923 1259 satis.

237 1282 396 1361 Secundo,
428 1284 525 1364 probo
549 1285 782 1345 conclusionem
805 1285 862 1342 sic:
892 1281 967 1342 lllae
996 1281 1075 1342 duae

154 1372 324 1445 potestates
347 1365 462 1446 ligandi
486 1375 517 1427 et
539 1367 680 1428 solvendi
703 1374 775 1427 sunt
796 1365 942 1446 aequales
975 1372 1006 1425 et
1028 1383 1075 1423 su-

153 1467 209 1527 per
230 1448 359 1508 eandem
383 1452 552 1514 materiam.
597 1451 657 1511 Sed
681 1469 816 1510 summus
840 1449 979 1530 pontifex
1009 1447 1074 1507 nul·

152 1529 215 1590 lam
236 1529 329 1591 habet
350 1531 447 1612 ligare
475 1543 506 1593 et
527 1535 686 1614 imponere
715 1551 848 1614 poenam
876 1538 997 1612 praeter
1027 1549 1075 1590 ca-

154 1614 297 1674 nonicam
320 1634 375 1675 seu
399 1617 550 1694 quintam,
585 1636 659 1697 ergo
689 1635 747 1676 nec
774 1616 866 1674 ullam
895 1614 1017 1674 solvere
1045 1621 1077 1673 et

154 1695 273 1756 tollere.
318 1700 380 1758 Aut
402 1699 581 1773 dicendum,
612 1699 687 1759 duas
716 1700 785 1758 illas
813 1705 983 1779 potestates
1006 1715 1076 1756 esse

153 1780 327 1858 inaequalis
350 1782 527 1843 latitudinis.
570 1781 661 1856 Quod
694 1783 719 1841 si
747 1782 807 1841 hoo
834 1781 957 1859 dicitur,
983 1798 1075 1839 nemo

153 1872 275 1922 tenetur
309 1864 448 1943 credere,
487 1867 559 1944 quia
592 1865 682 1924 nullis
706 1866 862 1944 scripturis
890 1860 1073 1924 canonibus-

153 1963 212 2024 que
233 1946 394 2030 probatur‚
424 1966 491 2009 cum
526 1950 565 2008 sit
586 1948 685 2007 clarus
713 1955 830 2026 textus,
861 1948 911 2007 ubi
936 1946 1073 2006 Christus

151 2026 246 2108 ligare
268 2040 491 2109 superterram
515 2039 546 2090 et
568 2031 688 2091 solvere
711 2049 804 2111 super
838 2037 948 2091 terram
978 2027 1074 2106 dedit,

151 2111 320 2189 aequaliter
341 2121 504 2193 utramque
527 2112 732 2174 mensurando
755 2122 786 2173 et
807 2112 1016 2173 extendendo.

193 2224 196 2228 ·
233 2194 353 2273 Tertio,
386 2205 472 2256 extra
494 2195 533 2256 de
556 2217 624 2277 poe.
649 2204 679 2257 et
700 2217 743 2256 re.
773 2197 824 2257 lib.
847 2202 875 2260 ὁ.
905 2215 947 2256 c.:
981 2193 1073 2269 Quod

152 2283 270 2354 autem,
300 2298 445 2359 expresse
468 2281 555 2357 dicit,
587 2282 784 2340 remissiones
807 2281 851 2339 eis
873 2299 936 2340 non
959 2280 1074 2354 valere,

153 2378 232 2439 quae
253 2381 316 2421 non
339 2365 450 2422 f'uerint
472 2364 510 2423 ab
534 2383 638 2423 eorum
661 2365 762 2423 iudice
784 2363 893 2438 factae,
916 2382 984 2421 cum
1008 2361 1073 2420 nul-

150 2443 197 2502 lus
220 2443 307 2524 ligari
329 2453 382 2504 aut
403 2446 483 2505 solvi
505 2448 603 2525 possit
633 2467 651 2505 a
680 2466 741 2507 non
770 2466 826 2505 suo
855 2445 965 2505 iudice.
1011 2443 1072 2505 Sed

151 2533 266 2610 certum
290 2535 350 2603 est,
385 2529 465 2608 quod
496 2529 589 2589 lromo
618 2549 680 2590 non
709 2536 756 2589 est
785 2529 840 2589 sub
861 2528 1073 2588 iurisdictione

151 2629 251 2690 papae
273 2611 302 2669 in
325 2611 347 2674 I.
371 2612 406 2674 ll.
429 2612 479 2671 lll.
496 2613 547 2672 lv.
565 2613 615 2671 Vl.
638 2614 758 2692 poenis,
782 2611 836 2672 sed
859 2611 1072 2671 tantummodo

149 2692 180 2751 in
203 2693 239 2769 V,
262 2702 295 2754 ut
318 2695 399 2754 clare
423 2702 517 2774 patet,
540 2702 571 2754 et
591 2698 689 2776 magis
711 2696 789 2755 infra
810 2695 936 2775 patebit.

661 2803 669 2834 l

451 2893 597 2957 Coroll.
621 2894 765 2973 sequitur.

232 3026 322 3101 Quod
345 3028 513 3088 satisfactio
530 3028 760 3088 sacramentalis
781 3047 843 3088 non
858 3026 974 3103 dicitur,
999 3029 1073 3105 quia

150 3126 206 3186 pro
230 3108 321 3189 culpa
343 3112 491 3171 satisfacit
512 3112 690 3191 simpliciter
722 3109 811 3192 (quia
833 3130 889 3191 pro
913 3110 1004 3189 culpa
1026 3129 1072 3169 sa·

151 3191 264 3252 tisfacit
286 3196 376 3254 tertia
398 3204 429 3254 et
451 3206 559 3273 quarta
580 3199 699 3274 poena)
733 3193 787 3254 sed
810 3196 881 3273 quia
902 3211 957 3272 pro
981 3194 1073 3273 culpa

149 3276 316 3334 secundum
339 3285 452 3337 statuta
476 3278 628 3337 ecelesiae
652 3278 807 3339 satisfacit.
832 3277 965 3336 Maxime
988 3278 1072 3336 enim

147 3357 214 3418 Deo
238 3357 348 3419 satisfit
368 3381 423 3441 per
445 3380 558 3421 novam
587 3364 679 3421 vitain
703 3361 820 3435 etc.*).

231 3442 291 3503 Sed
314 3463 370 3523 per
391 3446 555 3523 scripturas
578 3463 700 3523 quoque
715 3444 907 3524 probandum
926 3449 982 3520 est,
1006 3462 1070 3503 non

147 3527 258 3604 requiri
286 3527 420 3605 aliquam
452 3528 692 3588 satisfactionem
727 3546 783 3606 pro
814 3528 957 3605 peccatis.
1013 3526 1072 3586 Hic

150 3695 569 3715 —-—r--—--··-·----·-

216 3793 246 3864 ⁶)
267 3793 348 3849 Nova
367 3796 423 3848 vita
441 3798 546 3865 optima
565 3796 724 3847 satisfactio.
782 3806 785 3813 ·
