2356 4200
387 268 420 330 ds
439 277 540 330 virtuts
557 270 805 346 indulgentiarum.
1000 271 1063 341 159

136 444 198 505 fide
221 445 431 522 iustificamur,
454 445 516 506 fide
537 453 569 506 ct
589 444 796 526 pacificamur,
819 464 883 506 non
908 443 1062 524 operibus,

136 547 238 607 neque
258 530 472 607 poenitentiis,
495 538 546 589 sut
569 527 824 589 confessionibus.

221 611 310 672 Circa
333 613 415 672 hanc
438 620 556 672 sextam
580 619 611 671 ct
645 617 807 691 septimam
831 610 1064 670 conclusionem
1091 651 1095 657 -

135 694 252 755 Leonte
288 695 342 754 illa
371 702 478 755 nostra
506 714 572 754 cum
595 693 696 774 gloria
716 694 897 773 triumphat,
933 694 996 753 imo
1024 692 1062 753 de

136 797 186 838 me
213 784 317 839 cantet
347 780 519 838 encomium
550 786 622 838 ante
650 778 821 839 victoriam.
865 776 904 835 Et
932 795 971 834 ex
994 794 1063 835 sen·

134 861 201 923 tina
232 861 284 921 illa
313 863 491 941 opinionum
514 861 604 920 aliam
631 860 790 940 distinguit
820 877 953 938 poenam
976 860 1061 919 satis·

136 944 291 1024 factivam,
315 954 346 1004 st
367 945 594 1019 vindicativam,
617 944 707 1003 aliam
723 943 937 1003 medicativem
961 948 993 1001 et
1012 961 1062 1002 cu-

136 1029 282 1106 rativum,
318 1029 406 1106 quasi
427 1046 557 1087 necesse
579 1028 636 1103 sit,
664 1026 743 1086 haec
764 1026 813 1086 vel
839 1025 1062 1085 somniantibus

136 1109 285 1185 credere,
316 1129 499 1189 quamquam
519 1129 622 1170 coram
644 1109 762 1188 populo
791 1109 872 1169 hanc
894 1108 1061 1168 distinctio·
1086 1137 1088 1142 ⁴

136 1213 205 1251 nem
229 1192 466 1272 prudentissime
482 1193 593 1269 celant,
615 1192 819 1252 nevilescsnt
840 1191 1061 1271 indulgentiae,

137 1277 185 1335 vel
208 1278 310 1356 potius
333 1276 439 1351 lucra,
469 1277 494 1334 si
517 1275 650 1354 populus
672 1275 859 1355 intelligeret
880 1281 941 1334 tam
965 1275 1062 1334 modi·

136 1378 188 1418 cas
223 1365 254 1418 et
280 1360 398 1423 steriles
421 1358 624 1418 vindieativas
649 1356 787 1440 (idest,
821 1357 986 1439 confictus)
1017 1378 1063 1419 re-

138 1444 366 1521 mmpoems

218 1524 350 1603 Deinde,
372 1505 405 1584 ut
422 1531 527 1583 notum
542 1523 656 1583 faceret
675 1522 825 1598 omnibus,
848 1543 918 1584 sess
933 1526 1062 1602 nescire,

136 1606 208 1686 quid
231 1609 271 1667 sit
298 1608 347 1668 vel
369 1614 474 1684 vetus,
508 1606 557 1665 vel
581 1626 695 1666 novum
716 1606 937 1685 sacerdotium,
969 1609 1061 1669 intro

136 1690 220 1749 ducit
248 1691 339 1751 aliam
374 1689 536 1750 verborum
572 1690 733 1769 caliginem
764 1697 795 1749 ct
833 1690 1062 1751 distinctionem

136 1771 286 1850 clavium,
309 1774 385 1833 alias
416 1774 606 1850 autoritatis,
638 1773 714 1833 alias
737 1773 956 1852 excellentias,
985 1775 1062 1834 alias

137 1856 360 1916 ministeriales.
403 1855 492 1914 Adeo
516 1856 591 1914 nihil
620 1864 771 1916 noverunt
799 1857 892 1915 etiam
926 1859 1064 1936 magistri
1159 1858 1164 1863 ’

135 1940 232 1998 nostri
264 1940 390 2016 eximii,
419 1939 593 1998 haereticae
625 1940 783 2018 pravitatis
812 1940 1010 2018 inquisitores
1031 1948 1064 2000 st

137 2021 312 2085 catholicae
333 2021 405 2081 fidei
429 2020 624 2097 detensorcs,
653 2023 710 2081 nisi
741 2022 822 2099 quod
846 2042 884 2082 cx
906 2022 1062 2083 laciniosis

136 2113 167 2163 et
200 2104 408 2182 praerancidis
441 2105 672 2182 quaestionibus
703 2110 799 2183 quarti
836 2105 1085 2165 Sententiarum.

137 2195 296 2264 suxerunt,
319 2187 459 2247 volentes
472 2187 560 2262 forte,
585 2187 667 2266 quod
687 2187 829 2266 quicquid
843 2187 980 2248 Christus
1003 2190 1062 2249 sol-

136 2271 216 2329 verit
244 2270 381 2366 clavibus
412 2271 616 2329 excellentiae
650 2272 681 2330 in
704 2273 792 2331 coelo
819 2278 907 2345 (nam
930 2273 960 2330 in
983 2278 1065 2332 terra
1093 2271 1097 2279 '

136 2372 200 2412 non
224 2354 318 2413 solvit
340 2355 423 2432 ipse)
449 2353 583 2412 solutum
610 2356 667 2412 erit
697 2355 728 2413 in
753 2374 844 2433 super
867 2354 956 2415 coelo
981 2357 1062 2435 apud

135 2436 243 2495 Deum.
286 2436 417 2495 Rursum
454 2443 488 2494 ut
514 2448 544 2495 et
565 2436 648 2495 Deus
677 2438 717 2496 sit
737 2437 899 2515 pontilex,
927 2438 1004 2497 alius
1031 2440 1059 2517 ¹)

135 2517 297 2598 fingendus
332 2528 379 2579 cst
399 2520 484 2578 Deus
507 2520 668 2598 superior,
703 2520 784 2598 apud
807 2540 897 2600 quem
921 2523 960 2582 sit
981 2523 1061 2583 solu-

136 2609 221 2674 tum,
251 2602 398 2681 quicquid¹
423 2604 491 2681 ipse
513 2602 639 2662 solverit
672 2603 1007 2668 clavibusautoritstis
1030 2608 1061 2667 in

136 2704 229 2763 super
250 2686 348 2745 coelo.
393 2685 452 2745 Sed
483 2685 638 2745 facessant
671 2706 792 2766 nugae,
820 2707 896 2747 unus
921 2691 1062 2749 novimus

137 2767 256 2845 claves,
280 2775 397 2827 tanturn
420 2769 554 2827 interra
576 2768 712 2829 traditas.

220 2850 289 2909 dam
312 2850 395 2929 quod
416 2851 566 2926 inserunt,
596 2851 679 2930 Ergo
709 2858 805 2929 errat,
830 2854 881 2931 qui
903 2853 991 2932 dicit,
1014 2875 1061 2915 sa·

122 2931 296 2993 ,cerdotcm
320 2953 421 2993 novae
445 2933 521 3013 legis
544 2942 661 2993 tantum
685 2935 887 3013 approbando
910 2944 941 2996 et
962 2937 1061 2999 decla-

137 3015 238 3075 rando
262 3016 394 3092 solvere,
417 3017 477 3076 hoc
499 3019 578 3076 enim
603 3017 713 3076 ludoici
738 3025 804 3077 crat
824 3019 995 3081 sacerdotii.
1034 3021 1061 3082 Ο

138 3118 269 3159 acumen
291 3100 408 3178 ingenii
441 3106 470 3158 st
493 3100 613 3178 pondus
645 3101 753 3179 ingens
776 3101 975 3181 eruditionis,
999 3104 1062 3184 dig·

138 3183 256 3241 nissimi
286 3183 378 3261 plane
401 3184 471 3259 viri,
501 3184 552 3260 qui
579 3183 733 3261 inquirant
753 3183 926 3244 haereticos
954 3194 985 3246 ct
1012 3187 1061 3247 de-

138 3265 266 3324 fendant
288 3265 472 3325 catholicam
496 3264 606 3342 fidem,
635 3265 688 3325 sed
719 3265 866 3326 adversus
888 3268 1006 3348 lapides
1032 3277 1063 3330 st

138 3348 232 3427 ligna.
276 3346 398 3422 Quanto
421 3349 533 3408 rectius
555 3348 834 3429 apostolusPaulus
856 3353 1061 3414 secerdotium

138 3439 227 3491 vetus
256 3433 365 3490 asserit
394 3433 568 3492 constitisse
597 3433 627 3492 in
652 3431 824 3492 iudicandis
853 3433 999 3516 leprosis,
1028 3439 1060 3497 in

138 3512 406 3575 iustificationibus
429 3515 623 3575 etmunditiis
647 3516 755 3589 carnis,
780 3518 811 3575 in
830 3517 898 3577 cibo
923 3526 953 3580 et
975 3528 1060 3599 potu,

140 3605 171 3655 ct
200 3600 328 3672 vestitu,
357 3602 387 3656 et
415 3599 499 3657 lestis
531 3599 637 3658 dicbus
668 3605 726 3660 etc.
770 3598 886 3673 Quibus
907 3610 941 3662 ut
963 3602 1061 3685 figura

213 3771 244 3840 1)
265 3772 353 3829 isin:
379 3772 457 3827 nias.
