2356 4200
117 262 178 332 124
442 267 591 323 Sermones
608 266 720 322 lutheri

116 438 267 518 oooupati.
309 436 392 497 Eone
414 438 533 513 omnis,
556 437 582 497 ai
604 437 671 515 quis
693 441 776 497 reete
797 441 923 515 penset,
953 435 1037 505 inne-

116 522 188 600 niet‚
206 521 289 600 quod
301 528 442 600 respectu
460 523 552 582 totius
568 522 649 581 vitae
666 540 740 581 suae
753 522 806 580 vix
818 521 969 581 decimam
985 519 1036 581 vel

115 605 296 685 vigesimam
318 610 436 684 partem
460 606 506 664 sui
528 624 631 665 auram
652 605 762 685 gessit,
792 609 962 679 ettamen,
986 603 1037 682 qui

116 689 263 748 maiorem
288 693 406 766 partem
429 695 554 748 oooetus
576 694 624 749 est
645 689 787 748 omittere
812 687 888 764 ista,
918 687 1038 748 minore

114 777 202 851 parte
231 771 444 832 sollicitudinis
473 791 548 831 suae
575 778 642 832 toto
664 777 804 850 tempore
826 776 943 850 pugnat
965 787 1037 831 oon·

116 862 162 914 tra
179 855 289 933 Deum,
311 855 362 933 qui
384 874 454 915 eum
475 856 602 933 maiore,
624 855 686 915 imo
710 854 794 915 omni
815 862 903 932 parte
923 859 1037 914 servat.

75 955 86 965 ¹
115 937 162 998 Ita
183 938 208 997 si
231 943 374 1016 quaerat,
396 939 428 997 in
451 944 527 1016 quot
547 937 691 1018 perieulis
713 957 747 997 se
770 938 919 1015 servavit,
952 937 1036 997 inve

115 1022 190 1098 niet,
213 1020 295 1099 quod
312 1041 371 1084 noo
384 1023 416 1081 in
439 1021 549 1081 millies
572 1020 734 1082 millesima
753 1025 841 1100 parte
862 1021 908 1080 sui
931 1024 1036 1080 eustos

115 1104 179 1164 luit.
222 1104 269 1164 Ita
291 1105 317 1163 si
340 1104 410 1165 looa
432 1124 529 1184 prope
551 1111 583 1165 et
601 1123 753 1184 personas
782 1111 939 1178 numeret,
972 1121 1036 1163 non

114 1187 203 1247 aliter
223 1187 376 1263 inveniet,
409 1200 441 1248 et
467 1194 571 1248 tamen
593 1193 702 1248 eontra
722 1187 821 1247 Deum
844 1205 907 1247 non
930 1185 1036 1246 erube

115 1271 173 1330 soit
194 1269 431 1349 profundissima
451 1271 627 1351 insipientia
657 1277 688 1330 et
708 1268 896 1350 ingratitudo
919 1274 1037 1346 nostra,

114 1359 147 1413 et
169 1353 255 1432 quasi
271 1353 354 1414 Deus
377 1373 439 1415 non
462 1355 502 1414 sit
522 1363 575 1414 aut
596 1373 653 1415 nos
676 1355 803 1428 neseiat,
825 1353 869 1413 ita
892 1371 1037 1431 paramus

115 1436 236 1496 divitias
254 1455 306 1496 tao
339 1436 539 1516 substantias,
577 1437 700 1498 modioo
732 1435 786 1496 illo
816 1442 955 1514 tempore
977 1453 1036 1496 nos

114 1519 195 1580 lame
213 1525 244 1579 et
259 1524 397 1599 egestate
414 1521 566 1599 perituros
590 1521 741 1597 timemus,
763 1519 815 1597 qui
837 1525 898 1578 tam
922 1535 1036 1598 magno

114 1610 257 1682 tompore
287 1603 379 1663 etiam
409 1603 570 1682 palpamus
592 1623 650 1665 nos
672 1621 734 1662 non
755 1602 894 1682 periisse.
936 1601 1037 1662 Minor

114 1690 197 1746 esset
217 1685 295 1745 haee
317 1685 439 1763 quidem
463 1686 570 1766 eulpa,
604 1688 629 1746 si
658 1685 736 1745 haee
763 1683 937 1744 audiremus
970 1689 1036 1763 tan-

114 1776 193 1844 tum,
227 1786 308 1827 nuno
335 1788 409 1829 vero
438 1770 481 1829 ita
511 1789 580 1829 esse
610 1768 738 1848 quilibet
764 1767 920 1848 experitur
948 1768 979 1826 in
1001 1786 1036 1828 se

114 1852 194 1930 ipso.
236 1851 333 1912 Recte
355 1870 429 1932 ergo
453 1852 527 1912 dioit
539 1853 699 1929 Dominus,
722 1870 779 1912 voe
796 1849 938 1912 modioae
952 1849 1036 1927 fidei,

116 1941 148 1994 et
168 1935 302 1994 vicissim
330 1936 482 2015 scriptura
509 1935 597 2014 dioit‚
630 1935 781 1996 Dominus
810 1933 959 1995 sollieitus
988 1938 1037 1993 est

116 2018 190 2095 mei,
213 2023 245 2077 et
264 2017 387 2097 Petms,
408 2019 557 2079 iactantes
579 2037 702 2079 omnem
725 2015 963 2078 sollicitudinem
986 2035 1035 2076 ve

116 2106 209 2160 stram
239 2101 270 2160 iu
302 2102 417 2180 ipsum,
451 2103 596 2180 quoniam
625 2102 683 2181 ipsi
710 2107 757 2160 est
778 2119 852 2159 oura
873 2098 1035 2177 danobis,

116 2189 148 2243 et
167 2183 216 2244 Ps.
240 2186 294 2248 36:
331 2184 423 2244 dueta
453 2205 545 2264 super
564 2185 729 2246 Dominum
758 2183 925 2262 cogitatum
949 2187 1033 2242 tuum

116 2273 148 2326 et
169 2266 236 2345 ipse
258 2273 288 2326 te
312 2268 451 2328 enutriet.

199 2347 259 2408 Sed
293 2349 383 2409 latius
416 2351 507 2410 istam
552 2350 785 2410 erassitudinem
818 2346 919 2409 sordis
953 2346 1034 2408 vide.

117 2431 191 2506 Quis
213 2439 261 2491 est
281 2433 449 2510 homiuum,
472 2434 523 2512 qui
544 2433 619 2493 volit
634 2452 690 2513 pro
707 2433 801 2492 totius
814 2430 919 2490 muudi
933 2431 1034 2509 pretio

116 2520 182 2575 toto
206 2515 289 2575 vitae
311 2534 385 2575 suae
405 2524 544 2596 tempore
566 2535 668 2576 euram
690 2534 709 2575 a
732 2513 806 2574 ere?
842 2513 912 2574 Non
939 2512 1033 2575 oredo

117 2597 199 2675 qnod
234 2597 312 2657 ullus
346 2599 386 2658 sit
413 2606 476 2659 tam
505 2600 664 2678 insipiens.
707 2535 797 2672 {uod
819 2596 1032 2657 declaremus:

116 2680 198 2740 Eoos
232 2679 267 2740 iit
300 2680 385 2741 dives
424 2683 600 2762 negotiator
631 2683 661 2742 in
694 2679 837 2761 perieulis
869 2679 1033 2760 latronum,

116 2765 238 2841 quantis
266 2763 424 2824 timoribus
455 2772 485 2824 et
512 2765 659 2845 angustiis
681 2765 794 2845 agitur,
828 2762 900 2830 dum
929 2780 1034 2822 euram

117 2847 162 2905 sui
185 2846 269 2927 agit?
313 2846 435 2920 Quanto
458 2867 573 2926 quaeso
595 2855 724 2928 aooepto
755 2846 855 2926 pretio
885 2844 960 2905 velit
989 2845 1035 2904 sio

116 2931 200 2989 omni
222 2931 286 2990 vita
306 2930 436 2990 vivere?
458 2930 569 2990 Nonne
592 2937 675 2991 esset
696 2948 778 2991 mors
800 2928 918 3005 melior,
940 2946 1032 3006 quam

116 3012 187 3071 talis
208 3012 291 3073 vita?
329 3012 371 3072 At
398 3033 479 3073 nuno
500 3013 587 3091 vide,
617 3031 709 3092 quam
737 3014 799 3073 oito
826 3011 934 3071 transit
954 3011 1033 3090 peri-

116 3095 232 3174 eulum,
261 3101 363 3156 esseut
391 3098 557 3176 angustiari
587 3104 619 3156 et
638 3095 674 3157 lit
695 3097 792 3157 laetus
814 3113 851 3154 ao
872 3092 1032 3153 ineundus.

117 3177 229 3257 Quare,
251 3198 289 3238 an
313 3179 384 3257 quia
406 3179 573 3259 perieulum
596 3178 728 3240 transit?
761 3178 824 3254 lta3
852 3174 906 3236 sed
936 3176 1033 3236 modi·

116 3280 185 3320 oum
208 3269 239 3322 et
260 3261 344 3321 velut
366 3262 497 3340 nullum,
528 3270 559 3322 et
580 3263 713 3322 oessavit
734 3262 780 3322 sui
804 3278 906 3319 euram
929 3278 1034 3338 agere,

116 3362 153 3403 ao
174 3344 257 3405 Deus
278 3365 398 3418 rursum
420 3353 505 3405 curat
527 3365 612 3421 eum,
641 3343 713 3406 ideo
736 3343 771 3404 tit
791 3343 929 3422 quietus,
962 3360 1035 3402 oum

116 3428 197 3486 enim
222 3435 328 3488 nostra
343 3447 418 3490 crux
436 3437 492 3505 est,
517 3448 590 3488 eura
599 3428 658 3488 Dei
678 3447 739 3508 pax
762 3433 794 3487 et
814 3425 911 3504 quies.
953 3424 1034 3484 Nam

116 3509 189 3570 lieet
210 3510 285 3570 illud
317 3518 419 3571 cesset
446 3511 630 3591 perieulum,
659 3518 760 3571 tamen
788 3506 1033 3585 innumerabilia,

115 3592 201 3653 velut
222 3593 353 3674 reptilia,
376 3613 505 3672 quorum
526 3613 590 3655 uon
612 3599 659 3654 est
676 3611 829 3670 numerus,
851 3599 1035 3670 permanent

116 3694 229 3757 magns
252 3684 283 3737 et
299 3695 403 3757 parva,
426 3676 583 3756 inquibus
604 3683 705 3736 tamen
728 3694 821 3755 quere
844 3691 906 3733 uon
927 3673 1033 3735 timet?

117 3758 196 3833 Quia
216 3778 280 3820 non
303 3778 407 3820 euram
428 3762 474 3821 sui
496 3761 569 3841 agit,
591 3759 646 3820 sed
667 3760 761 3820 Deus.
799 3758 882 3820 Eoos
904 3775 979 3837 ergo
1001 3760 1034 3818 in

281 3900 295 3935 x
332 3924 366 3956 ἰι
