2356 4200
170 293 231 362 152
420 295 617 352 Resolntiones
636 295 745 367 Disput.
763 295 842 350 Lath.

168 465 322 544 messus,
344 472 375 527 et
396 485 476 547 quae
498 473 569 528 sunt
590 467 664 544 Dei,
686 468 764 529 Deo.
807 467 848 528 Et
869 466 965 527 oratio
988 465 1095 526 Domi·

167 551 254 611 nicar
286 550 414 611 Dimitte
435 550 525 611 nobis
548 550 652 612 debita
673 557 789 630 nostra,
812 552 890 610 sicut
911 556 942 610 et
969 567 1028 610 nos
1051 547 1095 608 di·

168 634 317 694 mittimus
346 633 534 695 debitoribus
568 635 692 694 nostris.
740 634 775 694 ln
810 633 918 712 quibus
952 630 1095 693 omnibus

167 717 295 778 omnino
326 718 409 796 prior
429 717 569 777 remissio
599 719 630 777 in
660 724 740 777 terra
768 716 971 798 significatur,
1000 735 1094 794 quam

169 819 218 877 aa,
240 819 319 878 quae
342 801 439 859 estin
464 799 568 859 coelis.
601 800 710 861 Merito
734 802 904 879 quaeritur:
927 797 1094 873 Quomodo
1137 843 1140 848 -

169 890 241 944 ante
262 884 392 964 gratiam
408 879 541 941 infusam
566 883 613 959 (id
631 889 687 962 est,
705 891 776 943 ante
788 884 1001 943 remissionem
1014 879 1091 960 Dei)

167 965 246 1026 haec
267 965 333 1026 lieri
353 965 495 1046 possint?
528 984 596 1025 cum
627 967 693 1026 sine
722 968 820 1047 gratia
841 966 899 1026 Dei
927 966 1025 1045 primo
1048 983 1094 1023 re-

121 1109 129 1116 ,
172 1049 314 1110 mittente
336 1048 457 1128 culpam
474 1066 539 1108 'nec
560 1056 666 1109 votum
688 1049 876 1110 remissionis
898 1046 1095 1128 quaerendae

174 1131 288 1193 habere
311 1133 410 1212 possit
429 1131 533 1192 homo.

252 1215 310 1274 Hic
336 1216 380 1274 ita
410 1213 479 1274 dioo
509 1222 540 1274 et
571 1215 669 1296 sapio.
715 1214 847 1289 Quando
869 1213 956 1296 Deus
987 1213 1096 1294 incipit

170 1299 326 1359 hominem
351 1296 538 1375 iustificare,
569 1300 652 1378 prius
687 1318 756 1358 eum
779 1298 919 1375 damnat,
950 1302 982 1358 et
1003 1315 1094 1375 quem

168 1380 235 1441 vult
255 1379 426 1456 aedificare,
449 1380 586 1460 destruit,
609 1401 698 1460 quem
722 1381 788 1442 vult
806 1400 925 1458 sanare,
948 1380 1092 1459 percutit,

165 1481 258 1608 quem
281 1461 445 1539 vivificare,
459 1464 579 1524 occidit.
602 1464 710 1528 Sicuti
730 1464 879 1542 semol)
899 1472 930 1524 et
946 1464 1038 1523 Dent.
1054 1463 1093 1527 32

138 1551 139 1554 ’
190 1547 256 1607 icit:
300 1545 368 1626 Ego
391 1546 530 1606 occidam
559 1553 591 1608 et
611 1547 773 1609 vivificabo
799 1554 856 1608 etc.
898 1546 967 1607 Hoc
989 1557 1093 1606 autem

169 1629 260 1707 facit,
285 1628 408 1708 quando
430 1629 586 1690 hominem
610 1632 755 1710 conterit,
779 1641 810 1691 et
829 1632 861 1690 in
885 1631 931 1689 sui
954 1647 1093 1689 suorum-

171 1731 231 1792 que
253 1719 451 1792 peccetorum
475 1714 684 1793 cognitionem
706 1714 847 1774 humiliat
862 1732 899 1773 ao
914 1711 1095 1789 tremefacit,

171 1802 206 1856 nt
227 1794 309 1855 dicat
330 1796 421 1855 miser
449 1804 596 1875 peccator
609 1795 662 1879 *):
705 1797 776 1857 Non
804 1803 851 1857 est
881 1816 944 1876 pax
973 1793 1095 1854 ossibus

172 1879 249 1939 meis
271 1897 291 1938 a
311 1877 390 1938 facie
411 1886 608 1957 peccatorum
631 1899 787 1957 meorum,
813 1898 876 1939 non
907 1884 954 1938 est
979 1877 1095 1937 sanitas

171 1962 203 2021 in
227 1980 319 2021 carne
341 1980 411 2021 mea
433 1981 452 2020 a
474 1962 552 2021 facie
574 1963 638 2022 irae
660 1969 738 2022 tuae.
783 1963 834 2023 Sic
866 1961 946 2022 enim
975 1966 1097 2021 montes

171 2043 269 2105 fluunt
294 2063 314 2104 a
340 2043 419 2105 facie
439 2045 581 2122 Domini,
616 2047 660 2105 sic
682 2046 774 2105 mittit
795 2046 922 2124 sagittas
945 2062 1034 2121 suas,
1067 2047 1099 2102 et

158 2126 336 2189 ,conturbat
358 2147 428 2203 eos,
451 2127 489 2187 ab
511 2129 724 2208 increpatione
745 2134 807 2202 tua,
830 2128 980 2203 Domine,
1003 2131 1035 2185 et
1056 2125 1095 2186 ab

170 2211 372 2290 inspiratione
401 2211 522 2289 spiritus
554 2212 619 2271 irae
656 2218 735 2280 tuae.
787 2211 838 2271 Sic
874 2214 1096 2270 convertuntur

173 2299 355 2372 peccatores
377 2294 407 2352 in
429 2293 595 2372 infernum,
630 2302 661 2354 et
687 2294 852 2374 implentur
872 2294 967 2353 iacies
989 2310 1094 2351 eorum

172 2376 353 2456 ignominia.
396 2375 494 2449 Quam
517 2376 782 2438 conturbationem
815 2384 845 2436 et
867 2375 1096 2456 quassationem

175 2459 299 2538 saepius
344 2465 488 2538 expertus
526 2459 625 2519 David
667 2457 769 2519 multis
802 2479 870 2519 eam
904 2461 934 2518 in
969 2457 1096 2517 diversis

172 2540 302 2601 Psalmis
326 2540 489 2601 confitetur
509 2543 684 2622 gemitibus.

257 2624 290 2684 ln
315 2625 375 2683 ista
397 2631 496 2684 autem
521 2625 755 2695 conturbatione
778 2625 884 2704 incipit
905 2623 1003 2699 salus,
1027 2621 1097 2701 quia

174 2707 292 2766 initium
317 2708 485 2787 sapientiae
508 2708 599 2768 timor
620 2709 753 2769 Domini.
791 2708 849 2768 Hic
871 2707 1021 2767 Dominus
1046 2707 1097 2782 (ut

175 2789 218 2849 ait
233 2789 420 2873 Nahum**)
444 2791 595 2850 mundans
617 2794 772 2852 neminem
795 2792 867 2850 iacit
888 2791 1095 2865 innocentem,

174 2877 206 2932 et
226 2872 257 2932 in
281 2879 464 2952 tempestate
494 2881 526 2934 et
553 2873 672 2934 turbine
702 2877 770 2934 viae
794 2877 874 2949 eius,
906 2880 937 2932 et
964 2870 1096 2932 nebulae

173 2955 273 3034 pulvis
302 2956 415 3035 pedum
437 2957 519 3034 eius,
541 2957 591 3017 hic
614 2957 748 3018 allucent
768 2957 887 3037 fulgura
909 2956 990 3030 eius,
1013 2953 1095 3013 videt

172 3044 204 3098 et
240 3048 379 3098 movetur
404 3047 494 3099 terra.
538 3040 595 3100 Hic
624 3041 754 3121 sagittae
786 3042 850 3099 eius
879 3043 1038 3098 transeunt
1065 3042 1096 3095 et

160 3119 350 3200 infiguntur,
373 3127 404 3182 et
425 3142 487 3182 vox
509 3124 635 3183 tonitrui
658 3125 722 3183 eius
744 3123 891 3196 volvitur,
913 3120 944 3180 id
967 3125 1025 3197 est,
1048 3137 1093 3179 ro-

172 3208 270 3281 tatur,
292 3203 398 3264 vident
419 3223 517 3284 aquae
540 3213 571 3265 et
594 3207 710 3266 timent.
753 3206 810 3266 Hic
832 3204 963 3283 deniqne
987 3220 1093 3281 opera·

171 3291 220 3346 tur
246 3306 324 3366 opus
353 3286 486 3346 alienum
510 3288 611 3367 Deus,
644 3296 677 3350 ut
710 3295 854 3369 operetur
885 3305 962 3367 opus
996 3304 1093 3344 suum.

171 3367 258 3429 Haec
279 3376 326 3429 est
348 3388 422 3429 vera
446 3372 588 3431 contritio
613 3372 730 3450 cordis,
762 3380 792 3432 et
812 3370 985 3431 humiliatio
1008 3367 1092 3448 spiri·

172 3457 221 3511 tus
242 3448 447 3532 gratissimum
470 3454 537 3513 Deo
560 3453 752 3516 sacrificium.
795 3455 853 3515 llic
880 3460 927 3513 est
960 3457 1093 3511 mactata

171 3619 590 3636 m-

243 3718 275 3788 1)
295 3720 328 3772 In
346 3719 389 3773 ed.
407 3722 507 3789 princ:
527 3722 596 3790 Reg

244 3789 275 3860 ¹¹)
295 3790 388 3845 Psalm
404 3791 447 3847 38.
486 3792 534 3861 ”)
553 3791 664 3845 Nahum
685 3793 710 3848 1.
