2356 4200
130 269 196 340 432'
457 271 537 329 Nous
552 270 707 329 Decretaiis

129 442 349 509 inomnstionis
389 442 569 505 dominicae·
596 445 758 505 Mitissimo
802 440 1049 523 quingentesimo

130 525 250 623 decimo
273 531 396 606 octavo,
420 529 527 606 quinto
547 527 621 588 idus
632 525 827 589 Novembris.
851 525 1050 588 Pontificatus

128 616 226 671 nost-s
247 626 329 670 anno
350 616 451 674 sexto.

899 691 1048 754 Bombos.

528 776 665 856 Scriptus
682 774 883 856 ¹Alitcrgctus.

342 860 368 921 A
403 866 489 938 tergo
513 877 586 919 vcro
608 858 775 919 Litercmm

341 943 580 1022 apostolicarum
628 942 779 1022 praefata·

340 1038 415 1096 rum,
432 1025 609 1105 Regist'rata
628 1025 710 1106 apud
727 1044 777 1086 me

306 1150 310 1156 -
341 1106 502 1191 Bembum.·

213 1188 317 1265 Quas
352 1190 505 1270 quidem
539 1190 641 1253 literas
669 1190 869 1271 Apostolices
904 1208 976 1250 oum
1005 1209 1049 1259 es.

131 1290 193 1352 qua
228 1272 344 1353 demit,
375 1275 547 1333 reverentia
577 1292 719 1354 per-nos
754 1279 900 1352 acceptas
931 1272 1050 1333 debitae

130 1357 321 1416 exsecutioni
344 1356 506 1433 mandare,
529 1366 560 1417 et
581 1356 758 1417 mandatnm
779 1357 969 1416 sanctissimi
991 1356 1050 1417 Do

131 1439 204 1498 mini
227 1439 339 1515 nostri,
360 1438 485 1500 Domini
501 1438 613 1500 leonis
633 1437 885 1520 Pnpaedecimi,
907 1437 999 1499 nobis
1021 1440 1049 1498 in

130 1520 190 1581 hnc
211 1529 297 1602 parte
320 1520 485 1601 nitentum,
515 1524 680 1602 omniaque
708 1529 739 1582 at
766 1521 890 1602 singnis
909 1524 943 1582 in
965 1540 1050 1603 prae·

130 1605 251 1664 insertis
278 1603 386 1666 Litoris
414 1606 594 1686 apostolicis
622 1612 767 1666 contenta
792 1612 970 1666 reverenter
998 1602 1061 1666 ccx-⁸

131 1688 217 1766 sequi
242 1691 293 1761 (ut
312 1687 468 1768 tenemur)
495 1689 649 1766 volentes,
671 1687 736 1748 Nos
756 1687 893 1749 Thomas
915 1687 1048 1769 Legatus

131 1768 302 1830 (iardinaiis
323 1771 489 1851 praefatus,
511 1773 675 1832 autoritate
695 1771 879 1852 apostolica,
900 1789 965 1851 qua
985 1770 1049 1831 inn-

130 1854 231 1933 gimur
255 1854 286 1913 in
314 1853 374 1915 hnc
405 1861 507 1935 parts,
539 1855 655 1915 Litsras
677 1854 866 1934 apostolicas
894 1854 1048 1934 praefatas

130 1936 170 1997 da
191 1936 296 1997 serbo·
308 1935 348 1997 ad
369 1937 495 1999 verbum
528 1937 740 2021 praesentibus
768 1936 898 1998 fideliter
919 1938 1048 1998 insertus

130 2018 219 2079 vobis
249 2021 418 2081 universis·
449 2028 481 2081 st
518 2021 647 2101 singulis
682 2020 823 2081 Dominis
863 2017 1048 2081 Germaniae

130 2102 395 2183 Arohiepisoopis,
430 2102 611 2184 Episcopis,
644 2103 774 2183 aliisque
800 2101 1047 2165 locorum-Ordo

130 2185 223 2246 neniis
246 2186 391 2265 psaeiatis
412 2187 598 2265 intimamus,
619 2187 820 2265 insinuamus,
842 2184 1046 2264 notificamus,

130 2276 161 2329 et
178 2275 328 2348 quantum
350 2268 417 2329 fleri
437 2277 549 2349 potest,
572 2269 611 2331 ad
634 2276 767 2329 vestrum
783 2271 920 2330 omnium
937 2277 968 2330 ct
991 2270 1048 2328 sin-

130 2351 270 2431 gulorum
291 2353 428 2411 notitiam
451 2351 646 2430 deducimus,
679 2361 840 2413 monentes
861 2370 918 2413 vos
942 2370 1047 2415 omncs

129 2442 161 2494 et
181 2434 320 2514 singulos
344 2435 493 2496 Dominos
505 2436 774 2516 Archiepiscopos,
796 2434 983 2516 Episcopus,
1001 2454 1048 2496 oe

129 2523 273 2597 torosque
294 2517 434 2578 locorum
456 2518 635 2580 Ordinatios
657 2528 728 2578 ante
750 2519 865 2598 dictos,
898 2525 930 2579 et
951 2519 1049 2598 requi·

127 2609 230 2662 rentes
252 2602 368 2682 primo,
398 2602 534 2663 seeundo
558 2609 588 2663 et
614 2603 720 2681 tertio,
752 2603 820 2662 vice
853 2619 890 2662 ac
925 2605 1048 2663 nomine

129 2686 312 2749 sanctissimi
336 2684 458 2745 Domini
481 2687 591 2765 nostri,
612 2686 650 2747 D.
672 2685 782 2746 Leonis
799 2685 904 2764 Papae
928 2685 1047 2762 decimi,

128 2768 159 2827 in
181 2770 295 2828 virtute·
312 2774 438 2828 sanotae
459 2768 668 2848 obedientias,
695 2776 726 2829 et
758 2768 814 2829 sub
836 2771 1047 2848 suspensionis

129 2870 148 2908 a
167 2850 279 2910 divinis
301 2870 404 2930 poena
429 2871 466 2912 ac
488 2852 623 2914 districtc
639 2854 871 2933 praecipientes,
894 2862 1046 2932 quatenus

127 2933 280 3010 praefatas
302 2934 420 2995 Litcras
444 2936 648 3015 apostolicos,
671 2937 735 2995 sive
757 2935 876 2997 illarum
899 2954 1046 3015 praesens

126 3014 392 3096 ‘Pranssnmptnm
414 3036 453 3078 ac
475 3021 579 3080 omnia
600 3026 630 3080 et
643 3017 765 3099 singula
784 3019 873 3078 ineis
891 3027 1047 3096 contenta,

126 3097 206 3157 intra
242 3116 395 3177 mensem,
438 3121 457 3162 a
491 3103 600 3163 notitia
632 3102 837 3182 praesentium
873 3102 1046 3181 publicetis,

127 3179 335 3261 adimpleatis,
371 3189 401 3242 et
431 3184 591 3265 adimpleri
615 3185 764 3246 mandetis
787 3203 824 3245 sc
844 3185 983 3263 faciatis,
1018 3192 1047 3245 et

127 3263 254 3342 quilibet
275 3273 407 3325 vestrum
430 3267 605 3348 adimpleat,
629 3268 848 3348 adimpleriqus
870 3268 998 3330 mandet
1017 3278 1048 3329 et

125 3348 231 3419 iaciat,
265 3354 357 3429 prout
395 3350 426 3409 in
461 3350 549 3411 dictis
586 3350 765 3432 apostolicis
805 3351 898 3411 literis
926 3351 1047 3432 plenius

125 3434 307 3494 continetur.
1071 3502 1074 3507 ,

206 3514 242 3577 In
265 3533 394 3594 quorum
417 3517 552 3578 omnium
576 3525 607 3579 et
633 3520 822 3599 singulorum
844 3520 937 3583 fidem
961 3544 1047 3605 prae

124 3605 226 3659 sentes
250 3598 369 3677 literas,
396 3604 653 3681 transsumptum,
675 3604 890 3682 imitationem,
913 3608 1047 3671 insinua·

123 3681 249 3759 tionem,
272 3680 511 3743 notificationem
534 3686 793 3765 emunitionem,
815 3692 1048 3774 praemissaque

122 3762 184 3824 cita
210 3766 403 3827 continentes
434 3764 527 3846 sigilli
561 3769 658 3831 noemi
684 3771 811 3834 minoris
840 3776 1048 3856 impressione

779 3904 806 3957 Ο

354 4092 388 4149 ἢ
