2356 4200
193 283 257 355 408
424 282 552 354 Epistola
569 283 696 340 Thomas
712 282 798 340 (laist.
817 283 903 339 card,

194 456 295 519 socius
317 455 432 518 Fratris
454 454 602 534 Martini,
639 456 690 534 qui
713 453 856 536 probavit
877 461 911 516 et
933 453 1116 517 collaudavit

194 544 366 601 tractatum.
1098 551 1103 571 ··

276 621 372 682 lactis
393 618 671 701 hisiundamentis,
695 639 762 681 cum
782 620 863 682 bane
885 639 1047 702 sperarem
1059 639 1118 682 om·

194 707 256 783 nia,
274 703 433 785 profectus
455 709 503 764 est
522 703 601 764 hinc*
615 703 698 764 idem
709 704 860 783 vicarius,
883 703 1057 765 insalutato
1070 703 1118 764 bo

194 788 284 868 spite,
307 805 346 847 ac
367 805 417 848 me
432 786 560 848 omuino
570 787 678 850 inscio.
701 786 919 866 Subsequtuus
940 795 991 848 est
1012 785 1119 848 deinde

194 871 301 933 Frater
321 869 469 931 Martinus
492 875 524 930 et
544 870 622 930 socii
644 870 720 949 eius,
744 870 879 950 mihique
897 870 1040 949 omnino,
1061 871 1118 931 imo

195 953 265 1032 sibi,
288 952 426 1033 perbelle
446 951 616 1013 illuserunt.
640 953 757 1034 Accepi
779 954 900 1014 interea
919 953 1038 1015 Fratris
1047 953 1119 1014 llar-

194 1037 250 1097 tini
272 1037 387 1114 literas,
410 1033 519 1116 quibus
543 1036 620 1116 petit
642 1025 774 1108 fundam
798 1036 938 1113 veniam,
964 1055 1032 1098 non
1053 1035 1119 1096 ideo

194 1138 269 1180 vero
292 1124 420 1181 revocat
441 1117 606 1179 maledicta
627 1125 658 1179 et
674 1118 830 1198 scandala,
854 1137 936 1199 quae
950 1119 1121 1181 catholicae

196 1202 349 1264 ecclesiae
369 1201 505 1263 incussit.

275 1284 356 1365 Ego,
372 1283 577 1345 illustrissime
588 1284 744 1364 Princeps,
767 1283 998 1346 fraudulentum
1011 1284 1121 1346 mauis

196 1369 317 1430 Martini
351 1374 382 1427 et
412 1367 594 1446 sequacium
616 1367 778 1428 consilium
807 1386 871 1429 non
902 1367 1008 1429 solum
1031 1367 1121 1429 admi·

195 1458 278 1513 ratus
301 1468 378 1529 sum,
392 1469 506 1528 *verum
529 1451 622 1511 etiam
640 1468 766 1530 prorsus
787 1451 949 1531 perhorrui
973 1457 1006 1512 et
1024 1452 1122 1513 obam-

195 1536 256 1616 pui.
286 1532 362 1594 Oum
390 1533 473 1593 enim
501 1531 541 1594 de
567 1532 651 1594 bona
678 1533 758 1594 illius
789 1533 968 1595 valetudine
991 1535 1122 1614 maxime

133 1648 140 1660 ·
194 1634 359 1699 sperarem,
381 1617 514 1677 maxime
536 1636 603 1676 sum
616 1616 785 1677 frustratus.
807 1616 878 1677 Non
898 1616 992 1679 video
1011 1623 1122 1693 tamen,

195 1700 278 1760 cuius
302 1698 415 1759 fiducia
434 1699 513 1760 haec
534 1704 615 1780 agat.

275 1782 311 1843 In
334 1800 429 1842 causa
457 1801 531 1844 vero
553 1784 612 1842 tria
632 1781 1012 1860 affirmaverim.·Primo,
1044 1783 1123 1844 dicta

195 1866 307 1927 Fratris
336 1865 458 1926 Martini
486 1865 518 1924 in
549 1863 806 1927 conclusionibus
835 1865 898 1926 suis
934 1865 1122 1946 disputative

198 1968 268 2011 osse
289 1950 403 2029 posita,
424 1948 456 2007 in
472 1946 665 2008 sermonibus
684 1955 786 2009 tamen
810 1948 850 2009 ab
872 1967 911 2010 ao
936 1950 1063 2032 scriptis
1085 1949 1122 2011 ai·

97 2086 102 2103 ,
194 2031 346 2093 firmative
368 2038 401 2091 et
422 2030 570 2095 assertive
592 2049 662 2091 esse
683 2032 799 2112 posita,
829 2037 860 2093 et
888 2032 1076 2095 confirmata
1094 2033 1121 2093 in

195 2115 314 2196 vulgari
336 2113 523 2194 germanico,
546 2120 579 2173 ut
600 2114 694 2175 aiunt.
724 2114 771 2175 Ea
793 2120 895 2176 autem
918 2123 993 2176 sunt
1013 2117 1120 2197 partim

197 2204 307 2260 contra
338 2197 509 2257 doctrinam
538 2195 740 2276 Apostolicae
762 2197 869 2275 Sedis,
906 2201 1021 2278 partim
1050 2217 1120 2260 vero

197 2279 396 2342 damnabilia.
424 2279 465 2338 Et
496 2278 601 2339 credat
623 2280 695 2339 mihi
716 2280 922 2341 illustrissima
942 2282 1120 2345 Dominatio

196 2369 309 2440 vestra,
331 2362 404 2441 quia
426 2381 499 2422 vera
521 2361 591 2422 dico
615 2369 646 2422 et
667 2363 792 2442 loquor.
815 2382 854 2423 ex
868 2359 962 2424 'certa
985 2365 1120 2441 scientia,

73 2516 78 2531 Ι
197 2466 258 2509 non
283 2465 322 2506 ex
346 2444 552 2524 opinionibus.

278 2527 430 2606 Secundo,
450 2527 686 2588 illustrissimam
709 2530 794 2590 illam
816 2535 951 2609 vestram
971 2527 1116 2590 Domina·

195 2615 312 2675 tionem
332 2611 440 2674 hortor
461 2617 493 2671 et
514 2629 602 2690 rogo,
625 2613 767 2672 consulat
783 2612 894 2673 honori
917 2614 1118 2674 etsonseien·

195 2699 257 2758 tiae
278 2714 370 2773 suae,
405 2692 456 2754 vel
479 2693 628 2754 mittendo
651 2695 786 2756 Fratrem
809 2695 974 2756 Martinum
1006 2694 1048 2756 ad
1070 2695 1119 2757 Ur·

195 2780 275 2858 bem,
300 2777 348 2839 val
371 2776 624 2838 eiiciendoextrs
645 2785 740 2839 terras
763 2797 844 2855 suas,
865 2784 1036 2858 postquam
1061 2797 1118 2839 non

195 2862 260 2921 vult
280 2868 408 2941 paterna
429 2860 480 2920 via
502 2878 636 2921 errorem
658 2881 745 2920 suum
769 2879 962 2941 cognoscere
999 2868 1033 2922 et
1054 2880 1118 2921 eum

195 2943 361 3004 universali
383 2941 516 3004 ecclesia
537 2942 617 3004 bene
639 2946 761 3007 sentire.

278 3026 463 3104 Postremo,
496 3026 572 3086 illud
603 3028 681 3088 sciat
707 3027 912 3087 illustrissima
938 3025 1119 3088 Dominntio

194 3116 316 3186 vestra,
345 3127 539 3187 nequaquam
562 3109 622 3169 hoc
644 3116 706 3169 tam
728 3129 822 3190 grave
845 3115 876 3170 et
897 3109 1051 3190 pestilens
1073 3128 1120 3170 ns·

194 3193 312 3272 gotium
334 3211 428 3272 posse
449 3190 500 3251 diu
523 3191 664 3269 haerere,
696 3213 767 3252 nam
790 3193 911 3254 Romae
931 3211 1120 3273 prosequen-

194 3284 243 3335 tur
265 3293 411 3353 cansam,
446 3274 568 3352 quando
592 3294 650 3355 ego
674 3276 734 3335 lavi
758 3295 866 3336 manus
890 3293 993 3354 meas,
1030 3282 1063 3337 el
1084 3273 1120 3338 ad

194 3359 419 3419 sanctissimum
442 3357 622 3434 Dominum,
645 3359 811 3420 Dominum
831 3365 994 3436 nostrum,
1021 3358 1120 3419 huius·

195 3440 316 3502 semodi
338 3440 461 3501 fraudes
484 3442 601 3520 scripsi.
984 3490 987 3496 .

279 3525 362 3584 Bene
384 3529 416 3584 et
435 3522 562 3585 feliciter
584 3525 689 3585 valeat
709 3524 905 3586 Excellentia
927 3530 1053 3604 vestra,
1075 3523 1119 3584 cui

193 3625 244 3667 ms
271 3607 378 3667 intime
410 3606 605 3668 commendo.
643 3609 692 3668 Ex
714 3608 855 3689 Augusta
876 3605 1119 3683 Vindelicorum‚

193 3688 291 3762 XXV,
312 3688 363 3751 die
385 3689 528 3751 Octobris
550 3709 633 3751 anno
656 3691 858 3753 n.1).xv111.
