2356 4200
379 269 413 325 de
432 273 531 325 virtute
549 269 793 342 indulgentiarum.
981 264 1045 337 M

124 458 272 522 arrogans
294 442 362 520 sim,
385 449 419 501 ut
438 458 490 505 rue
511 442 591 504 iuter
612 441 722 504 dootos
744 443 895 504 eoelesiae
917 449 1044 512 sanotae

126 525 347 584 numerandum
370 532 494 606 putem,
522 526 618 588 multo
640 527 739 586 minus
761 527 841 586 inter
861 542 937 606 eos3
968 545 1044 606 quo·

126 627 191 669 rum
214 607 291 668 base
313 609 353 668 sit
373 615 507 668 statuere
528 617 580 670 aut
601 609 784 686 destituere,
814 615 907 691 atque
929 611 1043 670 utinam

126 691 328 752 novissimum
358 710 477 751 merear
510 692 662 753 ecelesiae
688 691 857 752 membrum
894 690 961 752 fieri
991 691 1045 752 ali-

126 772 260 854 quando.
304 772 365 835 Sed
388 773 419 833 id
440 774 543 853 potius
565 793 643 856 ago
666 793 735 836 oum
757 775 818 835 sint
849 775 880 834 in
912 774 1076 836 eoelesio'

126 865 158 918 et
179 856 348 917 deotissimi
369 857 485 936 pariter
506 863 538 917 et
559 858 770 918 sanetisissimi
789 859 857 956 viri,
879 877 920 918 ea
939 854 1044 943 temeri

127 946 175 1000 est
208 941 306 1000 nostri
339 939 435 1000 seouli
474 940 654 1018 infelicitas,
686 947 719 1001 ut
756 935 847 1002 etiem
883 942 959 1000 tanti
981 938 1045 1002 uon

125 1023 247 1103 possint
278 1023 428 1084 eeclesiae
455 1041 642 1085 succurrere.
691 1021 770 1099 Quid
801 1024 882 1084 enim
910 1024 1046 1104 potuerit

125 1105 219 1166 hodie
241 1105 337 1166 doot'
303 1113 391 1183 tuna,
413 1113 444 1165 et
465 1106 534 1187 pius
556 1107 657 1183 aelus,
680 1108 754 1168 satis
777 1105 919 1188 probavit
938 1107 1045 1166 infelin

126 1195 254 1249 eventus
277 1207 382 1249 eorum
396 1188 644 1250 doctissimorum
667 1196 698 1250 et
719 1189 980 1251 sanctissimorum
996 1189 1044 1250 ri·

126 1290 247 1348 rorum,
280 1266 410 1349 qui'sub
431 1271 513 1332 lulio
536 1271 574 1335 Il
598 1271 779 1334 studuerunt
808 1272 974 1334 reformare
996 1290 1045 1334 eo-

126 1354 262 1428 alesiam
283 1355 422 1415 instituto
445 1353 485 1414 ad
506 1354 587 1415 hane
608 1357 825 1418 neoessitatem
845 1355 1009 1416 oonoilio*
1016 1360 1048 1434 ).’

125 1437 203 1498 Sunt
224 1444 256 1496 et
274 1438 326 1497 alii
349 1437 478 1517 passim,
512 1455 589 1517 quos
611 1439 684 1499 novi
696 1440 840 1520 ,optimi
876 1445 907 1498 et
935 1438 1048 1500 eruditi

125 1518 308 1600 pontilioes
336 1520 391 1581 aed
413 1520 589 1600 exemplum
611 1539 778 1600 pancorum
800 1523 931 1600 imponit
952 1522 1045 1585 aileu

126 1604 202 1664 tium
225 1602 370 1681 plurimis.
414 1603 471 1662 Est
458 1604 572 1663 tenim
595 1609 715 1700 tempus
734 1606 903 1686 pessimum
930 1611 981 1680 (ut
1001 1606 1046 1666 ait

124 1685 222 1829 Amos
245 1683 428 1768 propheta)
450 1685 522 1746 ideo
550 1685 713 1768 prudens
705 1707 736 1747 ιιι
765 1687 820 1749 illo
843 1695 981 1767 tempore
1000 1695 1045 1750 ta·

107 1775 162 1829 ‘oe
183 1769 208 1828 it

209 1850 348 1929 Denique
370 1851 522 1912 estnobis
534 1851 628 1913 hodie
639 1852 778 1933 pontifex
787 1852 988 1932 optimusLeo
996 1853 1044 1933 Xr,

124 1884 210 1994 ouius
239 1934 399 2014 integritas
433 1942 465 1995 et
492 1934 623 1997 eruditio
649 1935 779 1996 deliciae
801 1943 871 1996 sunt
903 1936 1045 1998 omuibus

125 2017 215 2079 bonis
237 2017 369 2078 auribus
403 2016 464 2077 Sed
486 2017 558 2096 quid
580 2018 633 2077 ille
654 2019 851 2078 suavissimus
873 2018 967 2079 bomo
989 2037 1045 2099 po·

124 2107 185 2160 test
212 2119 291 2161 unus
321 2100 353 2159 in
382 2106 467 2160 tanta
487 2120 587 2161 rerum
610 2102 807 2179 eoniusione‚
836 2100 946 2181 dignus
976 2120 1046 2182 pro

124 2183 217 2258 teoto,
240 2183 291 2262 qui
313 2182 490 2243 melioribus
521 2184 710 2263 temporibus
731 2181 971 2263 pontificatum,
992 2191 1046 2245 aut

125 2266 255 2326 meliora
275 2272 416 2345 tempora
437 2275 543 2326 essent
564 2269 610 2326 sui
632 2265 838 2347 pontificatus
866 2266 980 2327 Nostro
998 2285 1045 2328 se-

126 2349 196 2409 oulo
219 2347 304 2428 digni
328 2368 432 2408 sumus
453 2349 625 2429 pontificari
646 2369 709 2411 non
732 2351 789 2410 nisi
810 2349 909 2410 Julios
941 2368 1047 2411 aeonu-

127 2431 202 2508 dos,
224 2431 421 2492 Alexandros
444 2439 565 2507 sextos
597 2439 650 2493 aut
672 2434 697 2493 si
719 2452 808 2515 quos
823 2432 903 2494 alios
924 2441 1046 2495 atrooes

124 2515 293 2575 Mezentios
315 2514 405 2589 vel¹)
428 2514 582 2576 linxerunt
603 2524 729 2597 poetae,
751 2537 823 2577 nam
845 2516 944 2577 bonos
965 2516 1046 2577 ridet
1153 2590 1155 2595 Ι

124 2597 218 2658 hodie
241 2600 332 2659 etiam
342 2598 470 2659 Roma
462 2618 539 2679 ipsa,
560 2618 623 2659 imo
632 2600 731 2661 Roma
741 2619 876 2660 omnium
901 2601 1045 2679 maxime,

124 2681 155 2740 in
178 2699 239 2759 qua
273 2681 353 2741 enim
383 2681 464 2742 orbis
487 2681 649 2743 Christiani
671 2691 758 2762 parte
788 2683 914 2743 liberius
937 2683 1045 2745 ludunt

125 2765 247 2824 etiam
239 2784 269 2823 ιιι
293 2783 428 2824 summos
451 2764 629 2844 pontifices,
653 2783 744 2844 quam
767 2767 797 2824 in
821 2785 893 2825 vera
913 2766 967 2826 illa
987 2767 1046 2827 Ba-

125 2847 239 2927 bylone
261 2847 381 2908 Roma?
419 2847 479 2907 Sed
509 2855 558 2907 sat
585 2849 653 2908 ista.
697 2847 773 2907 (lum
796 2848 901 2926 itaque
921 2832 1045 2927 praeldr

123 2930 301 2989 innumeros
334 2931 471 3009 privatos
502 2931 594 2990 etiam
627 2930 657 2988 ιιι
686 2928 809 2998 sedibus
838 2930 899 2988 suis
930 2931 1045 2992 habeat

125 3013 257 3072 eeclesia
280 3012 486 3090 doetissimos,
508 3032 533 3072 ει
526 3012 683 3090 prudens
698 3012 865 3074 voluissem
876 3013 1044 3074 existimari

123 3095 244 3155 illorum
268 3095 423 3174 exemplo,
447 3103 478 3154 et
499 3096 565 3174 ipse
587 3102 731 3158 taoerem.
752 3094 814 3155 sed
835 3103 972 3175 praestat
993 3097 1043 3157 vel

67 3184 72 3202 ⁸
124 3199 144 3238 a
164 3178 274 3254 stultis,
297 3180 456 3257 opusne,
478 3177 517 3242 ab
539 3178 630 3239 ebriis
660 3180 816 3239 veritatem
839 3177 921 3256 diei,
950 3198 1042 3258 qnam

124 3261 261 3322 omnino.
275 3262 378 3340 taceri,
401 3269 433 3320 ut
454 3260 567 3321 fiduoia
589 3261 760 3323 doctiorum
776 3267 806 3320 et
818 3261 1041 3340 sapientium²)

123 3344 292 3405 animosior
313 3343 376 3422 liat,
398 3344 448 3404 ubi
471 3343 599 3405 audiunt
619 3365 677 3406 nos
699 3343 775 3405 rude
788 3343 897 3424 vulgus
919 3344 1042 3406 tandem

180 3602 210 3670 *l
232 3604 383 3657 Concilium
403 3605 542 3670 Pisanum,
561 3605 589 3655 in
609 3620 663 3673 quo
684 3602 821 3669 praesedit
835 3601 925 3658 Cordi.
945 3603 972 3657 S.
985 3620 1043 3657 orn·

123 3679 172 3740 eis,
190 3691 241 3744 pro
260 3677 457 3729 reformatione
476 3674 610 3729 eeclesiae
627 3676 774 3730 laboravit.

180 3771 210 3836 1)
229 3770 261 3822 In
279 3768 321 3822 ed.
341 3769 421 3823 len:
440 3775 478 3822 ιιι.
526 3769 558 3836 2)
577 3768 659 3822 luia:
696 3770 861 3838 saplentum.
