2356 4200
93 276 156 345 Μ
487 275 621 333 hatotisoi
707 318 709 322 .

93 448 204 531 ipsel)
228 447 406 509 absolvatur
427 447 560 529 proprie,
582 446 632 506 hic
654 465 728 506 vero
751 445 861 525 ligetur
884 440 924 503 ad
942 459 1020 521 poe·

93 552 149 593 nas
170 551 244 592 vere
266 540 297 592 et
318 531 452 611 proprie,
474 530 607 608 denique
640 530 727 607 quasi
754 527 836 588 idern
859 525 899 585 sit
919 522 1018 584 indul·

92 615 221 697 gentio,
244 622 278 675 et
304 613 464 675 absolutio
487 612 525 674 ab
544 611 872 672 excommunicatione.
999 673 1000 676 ,

411 740 464 803 lv.
487 738 700 814 Obeliscns.*)

175 859 229 920 Ec.
260 859 405 921 Relaxari
425 858 529 939 legum
550 877 687 918 canones
709 863 819 934 morte,
841 874 903 917 non
926 874 1020 935 appa·

92 947 144 1005 rst
165 962 205 1004 ex
226 942 326 1003 cauda
348 943 469 1022 prioris.

177 1025 265 1085 Luth.
286 1024 335 1084 An
358 1025 469 1104 prioris
489 1023 574 1084 dicat
594 1024 640 1083 sui
660 1022 798 1100 obelisci,
820 1020 913 1097 cut2]
938 1019 1020 1100 posi·

93 1110 186 1171 tionis
216 1127 319 1185 meae,
353 1109 503 1167 incertum
526 1114 582 1167 est.
625 1105 687 1166 Sed
710 1106 783 1184 quia
810 1105 895 1164 velut
924 1122 944 1162 e
971 1102 1021 1162 tri-

93 1191 175 1272 pode
196 1191 395 1270 pronunciat,
424 1190 490 1249 sine
512 1189 683 1249 rationibus
711 1187 851 1248 adductis
878 1185 1021 1263 relinquo

95 1281 127 1334 et
158 1292 217 1354 ego
248 1292 317 1336 eum
345 1291 386 1332 ex
414 1272 672 1352 praecedentibus
707 1272 784 1331 satis
819 1270 1022 1344 confutatum,

95 1357 196 1419 donec
228 1355 339 1434 probet
372 1373 412 1415 ex
447 1355 664 1415 ecclesiasticis
703 1355 789 1413 iuxta
822 1371 928 1412 suum.
951 1369 1022 1430 pro-

95 1458 231 1501 missum.

402 1571 439 1635 V.
469 1562 638 1633 Obeliscus.
652 1569 708 1651 **)

128 1732 131 1739 ‚
176 1689 231 1750 Ilc.
253 1688 376 1749 Frivola
397 1693 525 1768 apparot
543 1688 598 1748 illa
618 1689 804 1768 propositio,
827 1704 899 1748 nam
920 1685 1024 1747 inians

96 1772 269 1852 baptizatus
299 1776 383 1842 (cum
406 1772 507 1830 alieno
531 1777 633 1830 tannen
657 1770 792 1850 gaudeat
813 1767 943 1851 merito)
967 1769 1025 1828 nri·

93 1870 204 1915 uorem
226 1853 322 1915 habet
339 1854 519 1931 caritatem,
549 1853 655 1914 adulto
678 1855 805 1914 rationis
830 1871 947 1932 capace
968 1850 1022 1912 de·

96 1936 238 2010 cadente,
261 1943 416 1997 ettamen
440 1935 620 2014 imperfecta
643 1938 753 1996 caritas
777 1937 862 2016 pueri
884 1954 947 1996 non
965 1935 1022 1994 im·

96 2021 188 2080 mittit
210 2021 238 2079 ei
259 2019 429 2096 horrorem,
451 2019 503 2097 qui
525 2038 560 2078 se
582 2019 649 2078 solo
666 2020 782 2081 inseret
798 2018 1021 2098 purgatorium.

96 2101 171 2177 Quis
193 2104 274 2162 enini
298 2120 392 2161 sanae
415 2102 525 2160 mentis
548 2100 664 2161 diceret
684 2102 714 2162 S.
728 2101 906 2163 Severinum
923 2101 1023 2161 minti»

96 2204 162 2245 rem
184 2184 298 2246 habere
319 2186 466 2263 gratiam,
489 2201 581 2261 quum
604 2184 717 2243 bimum
739 2184 888 2262 puerum?
931 2181 1024 2243 Unde

98 2268 264 2348 perfectior
286 2274 339 2326 aut
359 2265 568 2345 imperfectior
590 2269 688 2346 gratia
709 2267 784 2326 nihil
806 2266 879 2326 fucit
900 2265 939 2326 ad
952 2285 1023 2345 pur-

97 2352 271 2430 gatorium,
303 2349 357 2408 sed
389 2368 492 2428 poena
523 2351 736 2427 propeccatis
760 2347 1023 2409 debitanondum

100 2433 210 2496 soluta.

180 2515 267 2576 Luth.
291 2513 350 2573 Hic
371 2512 495 2573 tandem
518 2534 580 2574 non
604 2514 804 2591 scholastice,
833 2532 892 2574 nec
913 2512 1024 2573 tumul-

99 2598 205 2675 tuarie,
229 2597 283 2658 sed
307 2616 324 2656 e
346 2596 435 2656 coelo
449 2596 552 2665 forsan
574 2605 665 2663 sonat
677 2597 844 2657 oraculum.
878 2597 1024 2674 Primum,

98 2681 189 2742 valde
218 2687 283 2741 erat
317 2679 461 2739 decorum
493 2674 589 2738 Eooio
611 2680 692 2739 hanc
712 2699 812 2739 meam
836 2679 1024 2758 propositio

100 2782 170 2824 nem
195 2784 262 2824 cnm
285 2782 340 2822 sex
364 2761 560 2840 sequentibus
583 2763 727 2823 intactam
748 2762 930 2840 relinquere,
953 2779 1024 2841 pro·

101 2846 257 2907 sundiores
281 2852 351 2904 sunt
372 2846 464 2920 enim,
489 2863 579 2923 quam
603 2852 635 2903 ut
648 2865 686 2905 ex
699 2845 891 2906 scholasticis
904 2845 1024 2923 opinio-

99 2929 189 2989 nibus
213 2927 392 2989 ullomodo
417 2927 593 3006 capiantur,
617 2929 739 3006 sopiunt
761 2929 842 2987 enini
865 2927 1025 3006 asperien-

102 3013 177 3072 tiam
201 3012 282 3072 illius
304 3009 403 3085 verbi,
427 3009 549 3069 deducit
571 3009 609 3069 ad
631 3011 746 3071 inferos
768 3018 799 3070 ot
820 3009 956 3084 reducit,
984 3008 1025 3069 de

100 3113 162 3172 quo
180 3094 270 3154 latius
295 3094 326 3152 in
350 3091 593 3171 probationibus,
612 3094 770 3167 interim³)
795 3091 913 3153 fabulas
936 3092 1025 3152 huius

99 3176 227 3237 obelisci
251 3175 418 3236 videamus.

182 3259 285 3319 Infans
318 3256 433 3337 gaudet
459 3257 560 3321 alieno
586 3259 712 3335 merito,
748 3263 814 3319 esto
848 3277 933 3320 sane.
984 3255 1026 3317 At

99 3342 168 3420 quis
184 3338 453 3422 gaudetproprio?
475 3339 615 3418 Adulttu,
629 3341 735 3419 inquit,
749 3342 896 3421 ingratia.
921 3342 962 3400 At
972 3358 1026 3399 cur

153 3570 182 3638 1)
203 3568 285 3623 lbid.:
304 3570 366 3637 ipsi.
404 3570 436 3633 2)
457 3570 486 3622 ln
499 3569 542 3622 ed.
556 3568 684 3621 Wittenb.
698 3575 724 3620 et
735 3570 958 3643 apudr,tneseh.:
980 3584 1024 3621 an.

97 3642 128 3710 3)
152 3641 231 3693 lbid.:
251 3644 364 3692 interea.

154 3713 184 3768 't
208 3711 350 3766 Adversus
372 3714 414 3768 13.
434 3712 563 3767 Conolus.
583 3711 703 3765 lutheri.
748 3711 797 3781 ⁸‘)
817 3708 960 3763 Adversus
983 3709 1024 3779 ll,

97 3784 223 3840 conclus.
244 3785 364 3838 lutheri.
