2356 4200
427 272 462 325 ιι
480 271 552 325 rac.
572 263 637 326 sax.
661 270 728 326 oue.
780 260 781 266 ‘
984 253 1046 338 457

125 443 258 506 nocendi
279 444 456 504 facultatem
477 442 624 523 praebeat
645 443 699 520 iis,
734 442 842 522 quibus
868 441 957 502 adest
978 460 1045 522 per-

124 535 218 608 petue
240 527 372 588 nocendi
395 527 548 587 voluntas.
579 525 732 586 Continuo
762 544 868 586 sacrae
889 523 970 605 apud
992 542 1045 604 po-

125 611 230 690 putum
253 612 430 686 conciones,
451 608 588 687 scholae,
611 608 823 687 conciliabula,
847 609 993 675 convivis
1003 607 1046 666 ni·

80 694 84 704 '
124 693 168 754 hil
190 692 272 753 allud
296 692 478 772 crepabant,
508 711 600 769 quam
621 692 766 752 haereses
789 698 820 752 et
841 687 1046 752 antichristos}

123 777 227 855 Atque
248 775 319 835 huic
340 782 402 836 tam
433 777 543 837 odioso
575 776 721 855 negotio,
758 777 936 855 praesertim
964 772 1046 854 apud

124 859 318 920 mulierculas
342 865 373 918 et
393 857 551 921 indoctam
563 856 767 938 plebeculam,
789 860 976 918 miscuerunt
993 856 1048 916 ho-

125 943 224 1003 mines
247 940 349 1002 callidi
370 943 459 1002 trium
482 942 669 1021 linguarum,
703 941 899 1020 eloquentiae
927 939 1048 1020 politio·

124 1027 228 1104 risque
250 1025 426 1085 literaturae
450 1026 646 1102 mentionem,
669 1026 754 1103 quasi
778 1023 1048 1098 autLutherius*)·

124 1109 172 1169 his
193 1107 355 1187 praesidiis
377 1106 496 1186 fideret,
515 1107 571 1166 'aut
593 1126 632 1166 ex
655 1108 738 1166 hisce
752 1108 805 1166 fon
808 1108 887 1168 tibus
904 1107 1048 1166 haereses

124 1197 332 1251 nascerentur
355 1191 440 1251 Haeo
461 1189 650 1269 impudentia
671 1190 739 1269 plus
762 1209 852 1270 quam
874 1189 1048 1334 sycophan-

125 1277 195 1349 tica,
218 1291 286 1361 cum
312 1275 436 1353 optimis
459 1273 629 1352 quibusque
652 1272 846 1353 displiceret
874 1279 937 1334 tum
964 1272 1050 1338 ¹)ut

124 1356 237 1418 bellum
261 1347 417 1416 inventum
428 1355 617 1436 probabatur
631 1356 822 1433 quibusdem,
845 1358 895 1436 qui
919 1374 953 1416 se
965 1355 1049 1415 theo·

125 1439 231 1520 legiae
245 1439 472 1536 antesignanos
495 1445 527 1499 et
543 1438 735 1498 Christianae
755 1441 914 1535 religionis
936 1438 1049 1499 colum'

124 1542 180 1582 nas
203 1523 388 1583 existiment.
367 1522 458 1583 ιιΕ
446 1521 564 1600 tvide,
592 1539 683 1598 quarn
707 1522 808 1583 studio
831 1524 915 1582 caeci
938 1521 1050 1580 nostris

124 1605 298 1666 blandimur
318 1605 410 1679 vitiis,
436 1611 572 1665 atrocem
596 1610 670 1664 cont
657 1605 825 1679 tumeliam,
847 1608 910 1667 imo
928 1606 1050 1665 lacinus
1135 1665 1140 1668 .

122 1689 244 1748 haeresi
266 1690 438 1766 proximum
461 1688 614 1760 ducimus
653 1689 678 1746 si
706 1690 775 1768 quis
804 1652 984 1770 theologum
1007 1705 1051 1747 ιι

124 1771 239 1848 bulam,
262 1771 368 1847 quales
382 1778 453 1830 sunt
467 1790 529 1831 non
550 1771 652 1849 pauci,
674 1789 730 1850 pro
754 1771 901 1851 theologo
916 1792 1051 1852 ματαιο-

124 1852 225 1932 λόγοι
247 1854 396 1914 nominet.
430 1855 488 1933 lpsi
516 1851 642 1912 nobis
634 1856 839 1932 ignoscimus
871 1874 954 1913 oum
970 1853 1052 1933 apud

123 1937 315 2031 frequentem
341 1937 487 2017 populum
510 1936 626 1996 haeret
605 1940 697 1996 ticum
722 1944 753 1996 et
769 1937 982 2039 antichristum
1000 1954 1052 1995 vo·

124 2037 241 2094 caurus,
266 2019 438 2099 cuicunque
460 2037 687 2080 succensemus
1069 2096 1071 2098 q

207 2101 371 2162 liutherius
384 2103 457 2162 mihi
478 2110 541 2162 tam
562 2103 689 2180 ignotus
713 2110 769 2180 est,
792 2121 882 2181 qnam
896 2104 944 2161 oui
964 2103 1052 2182 igno-

123 2186 268 2254 tissimus,
291 2188 325 2244 dt
337 2189 499 2265 suspectus
519 2204 587 2245 esse
601 2203 662 2244 non
685 2203 794 2263 queem
823 2187 910 2264 quasi
931 2185 1051 2245 faveam
1072 2246 1074 2253 ,

127 2268 238 2328 amico.
261 2267 358 2328 Huius
372 2269 600 2331 lucubrationes
621 2287 680 2327 nec
699 2269 888 2328 tuerimeum
915 2276 971 2342 est,
994 2286 1053 2328 nec

126 2349 311 2430 improbare,
333 2357 367 2411 ut
388 2370 464 2430 quas
477 2352 625 2414 hactenus
648 2369 711 2411 non
734 2350 870 2431 legerim,
894 2353 951 2410 nisi
968 2345 1053 2430 carp·

126 2435 191 2495 tirn.
215 2432 305 2494 Certe
327 2436 420 2494 vitam
434 2435 566 2495 hominis
588 2452 692 2510 nemo,
710 2435 759 2512 qui
781 2435 876 2510 novit,
899 2454 962 2494 non
983 2452 1052 2513 pro·

127 2516 189 2592 bat,
213 2535 303 2595 quae,
327 2536 396 2576 curn
417 2517 599 2597 longissime
611 2517 691 2577 absit
711 2517 750 2577 eb
769 2518 854 2577 omni
876 2517 1053 2596 suspicione

127 2600 274 2660 avaritiae
297 2607 390 2678 etque
408 2599 595 2682 ambitionis,
619 2605 650 2659 et
670 2617 788 2660 morum
812 2602 943 2660 innocen
947 2601 990 2658 tia
1002 2599 1053 2659 vel

128 2682 265 2762 apudt
233 2682 374 2743 ethnicos
395 2683 562 2742 favorem
554 2683 683 2746 invenit
705 2682 804 2756 Quam
827 2701 890 2743 non
914 2683 1055 2762 congruit

127 2765 355 2825 mansuetudini
384 2764 592 2866 theologicae
608 2765 749 2850 protinus
783 2784 820 2824 ao
855 2785 894 2825 ne
916 2765 1052 2845 perlecto

127 2847 253 2927 quidem
276 2847 389 2909 librot
377 2855 439 2908 tam
467 2849 608 2911 immanit
609 2871 642 2911 er
596 2847 886 2911 tdebacchari
879 2869 909 2908 ιιι
938 2867 1052 2908 nomen

127 2930 299 2991 sesamam
321 2932 410 3010 probi
432 2931 504 3008 viri,
539 2931 631 3013 idque
653 2929 733 3010 apud
755 2933 926 3011 imperitam
949 2931 1052 3011 plebe-

129 3013 239 3087 culam,
263 3033 342 3092 quae
363 3033 487 3093 prorsus
511 3024 597 3077 caret
615 3014 754 3091 iudicio,
780 3015 959 3094 praesertim
984 3033 1051 3073 cum

127 3095 181 3155 ille
212 3096 398 3175 disputanda
420 3101 632 3176 proposuerit,
668 3116 736 3156 cum
769 3099 904 3157 omniurn
940 3096 1051 3157 iudicio

128 3197 199 3238 sese
221 3179 411 3257 submiserit,
444 3198 574 3258 quorum
593 3181 761 3262 oportuit,
785 3186 816 3239 et
837 3199 965 3259 quorum
989 3197 1053 3239 non

127 3263 273 3340 oportuit.
294 3262 394 3323 Nemo
407 3263 535 3342 monuit,
547 3263 765 3338 nemo'docuit,
787 3281 878 3323 nemo
892 3263 1000 3321 revicit
1010 3267 1053 3321 te·

127 3343 1051 3428 men²Jvociiersnt³)haereticum,seditiosisclamoribused

127 3429 248 3508 lapides
261 3435 443 3506 provocant.
466 3428 561 3491 Dicas
583 3450 638 3492 eos
659 3429 742 3489 sitire
756 3429 935 3515 sanguinem
949 3428 1053 3499 huma

184 3626 265 3690 Jln
286 3624 331 3676 cd
350 3625 429 3678 Jen:
450 3625 584 3678 Lutherns
606 3631 652 3679 etc

128 3696 313 3822 η[ἠρτοιιιιιιι
333 3704 435 3749 tamen
473 3697 506 3760 2)
527 3696 617 3750 ibid:
639 3700 755 3749 tantum
792 3695 825 3763 3)
846 3693 928 3747 lhid.:
955 3694 1053 3815 vocife
