2356 4200
141 270 183 342 72
395 274 509 346 Rspiica
526 273 557 328 F.
575 273 641 329 Siiv.
660 274 810 330 Pnenatia

142 447 175 510 in
198 446 298 510 culeo.
342 443 473 526 'sibique
492 451 658 526 propterea
678 449 727 505 est
746 443 822 504 illud
844 444 1003 526 sophisma
1022 443 1062 504 ni·

144 529 189 591 hil
211 537 244 591 et
263 529 441 608 chimaera,
462 527 586 609 litigant
605 528 637 586 in
660 546 763 608 sacco,
784 528 1063 590 tnaesciiicetcon·

141 613 230 675 issae
250 613 422 694 farraginis.

206 697 318 758 iterum
341 703 443 755 antem
465 701 559 774 atque
580 694 705 771 iterum,
739 702 770 754 et
791 694 831 755 ad
852 712 1000 756 nauseam
1020 712 1064 754 re-

141 781 239 862 petis,
262 777 345 860 quod
367 780 424 838 sim
446 796 519 838 vere
541 777 702 837 Thomista
723 783 755 838 et
775 777 1009 856 Aristotelicas,
1036 781 1066 838 et

163 862 226 924 uod
254 869 376 944 praeter
401 861 552 921 Thomam
585 859 659 919 nihii
682 879 753 920 mea
773 860 868 922 verba
893 860 1065 922 redoleant.

142 882 234 1022 Quod
263 943 403 1025 equidem
433 942 557 1022 quando
588 942 627 1002 ad
649 949 679 1001 te
709 945 830 1023 scripsi,
859 950 1066 1025 opportunum

143 1034 176 1090 et
195 1029 270 1091 satis
292 1027 364 1088 mihi
388 1028 482 1086 fuisse
499 1027 679 1086 astruxerim
703 1025 741 1086 ad
765 1027 818 1087 tibi
839 1028 869 1087 in
894 1025 1067 1088 maledictis
1168 1034 1171 1115 j

143 1109 427 1174 contradicendum.
470 1109 599 1169 Visurus
622 1128 655 1168 es
683 1115 786 1170 autem
808 1129 825 1169 e
847 1111 1002 1192 vestigio,
1028 1129 1066 1170 an
1167 1122 1170 1147 ³

142 1213 204 1277 ego
225 1213 348 1274 quoque
371 1200 402 1253 et
423 1192 501 1253 sorte
525 1191 620 1272 longe
640 1192 750 1252 melius
772 1211 864 1272 quam
886 1199 919 1254 tu
943 1212 1066 1254 manum

142 1276 258 1339 serulae
280 1275 497 1353 subduxerim,
519 1281 551 1335 et
570 1295 609 1335 an
633 1275 689 1334 sim
707 1295 800 1356 purus
819 1276 994 1350 Thomista,
1017 1276 1067 1337 vei

142 1361 259 1431 iurista,
280 1365 333 1418 aut
354 1359 524 1436 canonista,
546 1365 598 1417 aut
619 1358 763 1432 Paulista,
785 1365 839 1418 aut
860 1367 943 1420 certe
966 1359 1067 1440 sophi·

144 1449 200 1504 sta.
236 1441 438 1520 Quamquam,
461 1441 581 1501 etiamsi
603 1440 706 1502 divum
729 1441 880 1503 Thomam
903 1443 1004 1504 solum
1025 1442 1068 1502 fa·

143 1525 302 1587 miliariter
322 1525 495 1600 novissem,
533 1542 597 1584 non
619 1523 689 1604 plus
711 1524 913 1586 asscriberem
942 1523 1067 1606 probro,

143 1607 227 1689 quod
249 1627 299 1667 me
328 1613 359 1668 et
387 1605 510 1685 quidem
534 1607 693 1666 verissime
715 1606 907 1668 Thomistam
937 1609 1068 1686 vocitas,

143 1708 236 1771 quarn
258 1690 467 1770 caecusprius,
488 1688 600 1749 deinde
621 1688 738 1750 lumine
760 1690 924 1752 decoratus
946 1711 969 1750 a
986 1690 1066 1751 onn-

143 1780 193 1835 sto
215 1773 449 1834 Pharisaeorum
481 1771 730 1832 maledictionem
763 1775 978 1856 asscripserit,
1008 1790 1068 1852 qua

143 1856 309 1932 Pharisaei,
331 1856 474 1917 Johanne
488 1854 689 1934 Evangelista
704 1854 741 1929 ⁴⁵)
766 1861 855 1933 teste,
879 1857 907 1916 ei
919 1856 1067 1917 maledix-

143 1945 243 2017 erunt,
266 1937 419 1999 dicentes:
462 1937 508 1997 Tu
531 1937 698 2018 discipulus
723 1939 866 2016 sinsus,
887 1938 918 1999 id
940 1946 999 2016 est,
1018 1938 1066 1999 Je

135 2041 180 2083 ssu
203 2022 324 2084 Christi.
369 2019 668 2082 Omsledictionem
692 2028 723 2081 et
745 2020 942 2102 opprobrium
966 2023 1066 2103 singn-

144 2105 209 2166 iaro
230 2123 300 2164 esse
322 2103 503 2184 discipulum
518 2103 640 2182 christi,
663 2106 824 2165 autetiam
842 2104 1065 2182 diviThomae,

144 2188 230 2248 ouius
251 2186 402 2263 doctrina,
424 2187 502 2246 veiis
523 2186 614 2263 nolis,
637 2205 694 2266 per
714 2187 876 2248 ecclesiam
893 2188 1064 2249 Romanam

143 2269 275 2331 cribrata
302 2274 350 2330 est
378 2275 409 2329 et
429 2269 577 2349 probata,
606 2288 670 2329 non
698 2272 783 2348 quasi
813 2272 982 2348 canonica,
1012 2269 1065 2332 sed

143 2359 289 2433 tanquam
313 2352 449 2412 moribus
480 2359 511 2411 et
531 2350 604 2411 fidei
627 2351 798 2413 catholicae
821 2353 1005 2433 conformis,
1036 2359 1067 2413 et

144 2454 236 2516 qnam
249 2434 537 2514 summuspontifex
546 2435 754 2515 Innocentius,
773 2443 906 2517 excepta
917 2438 1067 2518 scriptura

143 2519 304 2594 canonica,
326 2519 486 2578 doctrinae
509 2524 683 2578 sanctorum
705 2521 839 2579 omnium
863 2520 1003 2598 antefert,
1025 2520 1066 2580 di-

143 2619 234 2662 cens:
256 2601 353 2661 Huius
375 2599 555 2660 S.doctoris
578 2602 729 2680 sapientia
751 2621 825 2682 prae
847 2603 993 2681 caeteris,
1015 2622 1065 2664 ex·

144 2691 235 2765 cepta
256 2684 422 2757 canonica,
444 2681 538 2744 habet
559 2685 777 2763 proprietatem
800 2686 982 2764 verborum,
1005 2704 1065 2747 mo

144 2767 216 2827 dnm
246 2766 462 2841 dicendorum,
500 2767 659 2826 veritatem
694 2769 930 2845 sententiarum,
964 2771 1008 2830 ita
1034 2773 1066 2828 ut

143 2868 316 2929 nunquam,
339 2850 389 2928 qui
410 2867 479 2908 eum
502 2849 616 2926 tenuit,
637 2850 811 2911 inveniatur
833 2871 852 2911 a
873 2853 996 2912 tramite
1016 2870 1064 2912 ve

141 2933 241 2993 ritatis
263 2932 414 3009 deviasse,
432 2938 464 2990 et
485 2931 619 3010 quicum
641 2933 846 3014 impugnavit,
869 2955 992 3015 semper
1012 2935 1065 2996 suit

145 3015 185 3076 de
205 3017 337 3075 veritate
357 3023 527 3093 suspectus.

150 3112 153 3117 ’
206 3096 287 3173 Quid
309 3115 385 3178 ergo
406 3103 514 3156 contra
534 3096 684 3157 Thomam
720 3099 836 3160 faciunt
856 3106 1064 3181 praesumtuo-

144 3197 247 3241 sorum
270 3185 302 3241 et
322 3179 487 3240 sciolorum
511 3179 661 3240 latratus?
703 3181 799 3260 Vide,
827 3202 866 3243 an
897 3190 965 3244 tuus
990 3181 1063 3244 ordo

143 3263 319 3344 peritiorem
343 3271 396 3323 ant
417 3263 601 3323 sanctiorem
624 3264 781 3341 habuerit,
804 3284 894 3345 quem
918 3266 1063 3345 sequaris,

144 3358 213 3406 cnm·
235 3365 365 3426 magnus
386 3346 528 3405 Binarion
551 3346 582 3416 1)
608 3347 768 3428 eleganter
795 3351 996 3426 eructaverit,
1024 3348 1063 3408 di·

144 3446 216 3489 vum
250 3429 401 3488 Thomam
438 3429 519 3487 inter
556 3438 681 3490 sanctos
720 3431 946 3509 doctissimum,
989 3433 1064 3493 inter

145 3510 259 3574 doctos
282 3511 518 3589 sanctissimum,
540 3511 603 3573 imo
626 3519 704 3574 teste
726 3515 867 3592 veritate,
890 3534 970 3594 quse
984 3514 1063 3575 Chri-

200 3733 229 3796 ⁸)
247 3731 347 3786 Johan.
366 3732 392 3787 9.
448 3733 480 3800 1)
501 3734 532 3786 in
552 3732 595 3787 ed.
614 3732 692 3786 ian:
710 3731 870 3788 Bessarion.
