2356 4200
186 282 253 351 210
513 284 663 351 Sermones
681 283 792 339 intueri

186 455 317 523 horrore
343 451 480 529 dvitiae,
508 452 682 533 voluptates
702 452 905 530 honoresque
934 449 1110 527 formident,

190 544 305 618 quanto
333 535 498 598 formidant
530 535 655 615 spinas?
704 535 800 616 igitur
831 541 940 603 canoa
972 535 1109 605 omniurn

174 639 313 689 ..tonsum
339 625 375 685 et
395 619 574 699 opinionem
593 619 689 685 ‚etiam
710 617 957 687 docnsnimornm
987 622 1049 694 sot,
1077 623 1111 689 ut

190 702 320 765 divitiae
348 703 408 761 sint
430 702 546 782 spinae.
591 701 693 776 Quare
715 706 798 761 recte
830 701 952 779 quidem
981 699 1110 767 verbum

188 786 247 848 Dei
277 784 359 845 cadit
386 804 478 865 super
505 804 577 862 eos,
611 784 666 844 sed
699 785 770 863 quia
801 788 872 844 sunt
903 784 988 843 iuxta
1020 783 1112 860 viam,

84 923 86 928 .
189 869 316 930 aliarum
343 887 444 928 rerum
465 875 535 928 sunt
565 869 625 929 triti
647 874 677 928 et
706 867 819 928 octecti
847 867 994 946 vestigiis.
1036 865 1112 926 Ideo

190 951 330 1012 diabolus
359 951 457 1010 aufert
484 950 522 1011 ab
552 953 596 1014 eis
623 950 766 1028 uerbum,
796 951 867 1029 quia
894 949 1114 1010 conculcantur

190 1035 228 1097 ab
249 1033 408 1094 affectibus
431 1033 558 1093 aliorum
579 1052 689 1097 rerum.
733 1033 767 1093 Ε.
791 1053 835 1113 gr.
850 1031 945 1092 'audis
967 1032 1027 1093 hoc
1048 1050 1113 1091 ver-

190 1119 280 1195 bum,
312 1116 437 1181 divitiae
459 1125 530 1177 sunt
551 1118 675 1196 spinae,
705 1125 753 1176 est
774 1135 879 1177 semen
901 1116 1035 1194 bonum,
1058 1113 1113 1174 sed

190 1199 378 1262 eadioiuxta
398 1201 498 1279 mom,
527 1201 546 1259 i.
565 1220 591 1260 e.
615 1206 683 1275 cor,
707 1197 790 1278 quod
813 1199 979 1259 conteritur
1001 1204 1033 1258 et
1054 1198 1114 1258 cal·

184 1290 289 1351 ,eatur
304 1283 454 1343 universis
482 1281 643 1343 affectibus
665 1274 879 1361 temporalium
901 1300 1018 1358 rerum,
1040 1280 1112 1340 ideo

190 1366 332 1429 volucres
353 1364 428 1425 illud
450 1365 560 1426 frustra
583 1364 624 1426 ibi
645 1366 676 1425 in
700 1364 965 1426 memorialaceus
987 1363 1112 1427 tandem

186 1446 373 1528 comedunt,
412 1442 443 1508 et
478 1448 588 1509 'manet
621 1446 749 1510 affectus
787 1466 897 1521 rerum.
939 1446 999 1508 Hic
1033 1445 1113 1525 vide,

190 1551 282 1623 quam
304 1531 437 1592 terribile
458 1529 655 1613 paradigma,
688 1531 771 1611 quod
800 1531 831 1591 iu
862 1531 943 1612 agris
974 1526 1113 1591 videmus

175 1616 303 1687 ‘'corvos
325 1615 443 1677 semina
465 1614 643 1693 comedere,
676 1621 707 1674 et
728 1615 815 1674 iuxta
836 1615 917 1674 viam
938 1612 1115 1675 conculcari

190 1698 312 1781 segetes
341 1703 372 1758 et
399 1703 475 1759 sata.
524 1696 669 1759 Secundo
700 1694 783 1781 quod
812 1715 867 1758 cor
895 1695 1028 1757 hominis
1056 1701 1113 1756 ter·

189 1782 265 1842 r'ena
286 1781 433 1861 sapientis
455 1787 650 1861 comparatur
666 1781 735 1841 viae
752 1779 952 1847 conculcatoe
966 1785 997 1839 et
1013 1780 1113 1857 tritae,

190 1865 262 1955 quia
283 1863 409 1924 inferior
432 1871 479 1924 est
500 1869 531 1924 et
554 1866 648 1928 servit
668 1862 759 1924 rebus
777 1862 1014 1942 transeuntibus,
1036 1880 1112 1941 ques

189 1942 289 2026 emat,
329 1945 477 2008 formatur
518 1948 598 2007 enim
641 1945 680 2006 ad
712 1946 843 2031 vestigia
880 1946 1112 2009 transeuntium.

176 2022 351 2091 'Desertum
375 2034 492 2109 autem,
520 2032 541 2093 i.
564 2049 589 2092 e.
619 2029 722 2091 anima
745 2034 830 2090 costo
850 2029 919 2089 sine
940 2029 991 2089 via
1012 2030 1112 2088 estin

186 2104 328 2174 'invio‘et
349 2114 515 2193 inaquoso,
538 2112 590 2192 qui
612 2111 671 2173 soli
693 2112 759 2175 Deo
782 2113 813 2173 in
839 2111 984 2173 invisibili
1006 2112 1112 2193 servit,

186 2196 327 2279 eiigitur
348 2202 411 2256 tom
433 2195 519 2256 multi
537 2202 608 2256 suut
625 2196 826 2289 quipereunt‚
849 2195 971 2255 tametsi
986 2193 1114 2257 audiunt

176 2277 318 2339 'verbum
338 2276 412 2358 Dei,
434 2279 539 2358 quanti
560 2284 691 2360 pereunt
711 2280 762 2359 qui
784 2297 847 2338 nou
871 2276 1019 2338 audiunt?

175 2368 195 2438 ζ’
273 2360 406 2422 Secundi
435 2367 520 2442 sunt,
549 2363 599 2442 qui
622 2364 713 2445 'super
733 2369 851 2443 petram
885 2380 939 2422 seu
974 2366 1111 2441 petrosa,

190 2438 270 2530 quoe
298 2446 380 2504 enim
407 2443 619 2515 interemunt
650 2445 749 2526 prima
778 2445 940 2522 eruptione
967 2462 1110 2526 maguam

177 2522 277 2670 ¹ssem
304 2528 351 2588 sui
378 2527 509 2607 faciunt,'
537 2536 682 2607 tanquam
712 2526 829 2610 grande
857 2526 971 2607 aliquid
998 2527 1111 2588 futura.

220 2611 317 2671 'snut
338 2629 415 2691 quos
444 2610 547 2673 fervor
576 2612 711 2672 novitius
733 2611 817 2672 velut
837 2611 953 2691 impetn
977 2608 1111 2691 quodem

189 2682 263 2759 iacit
283 2692 426 2754 festinare
448 2693 488 2754 ad
511 2694 648 2772 coelum3
672 2693 727 2758 sed
748 2692 895 2775 paulatim
917 2698 1110 2774 tepescentes

188 2777 310 2858 penitus
347 2782 543 2856 excrescunt,
582 2778 654 2858 quio
685 2776 913 2841 diuturnitatem
947 2783 977 2840 et
1007 2794 1110 2859 perse·

177 2855 347 2921 'verentem
377 2860 643 2957 longanimitatem
670 2879 734 2921 uon
763 2860 893 2939 habeut,
922 2859 977 2920 sed
1005 2860 1056 2920 vel
1079 2861 1110 2921 vi
1164 2856 1167 2865 '

197 2943 412 3025 ‘persecutionis
434 2944 578 3004 ructantis
601 2943 756 3021 exhausti,
780 2948 813 3003 ut
832 2943 938 3023 multi,
960 2942 1011 3004 vel
1037 2940 1110 3004 odio

222 3025 314 3091 ndem
347 3026 466 3109 fatigati
499 3025 658 3087 desistunt.
708 3025 767 3086 Hic
793 3025 906 3107 gradm
940 3025 1032 3088 altior
1064 3033 1112 3088 est

188 3109 289 3190 'primo
317 3115 348 3169 et
376 3114 494 3169 tontum
515 3125 699 3191 paucorum,
730 3128 789 3169 uec
816 3110 826 3168 i
849 3111 875 3170 si
897 3108 1030 3190 denique
1052 3107 1110 3170 sal-

189 3197 317 3272 vantur3
339 3194 411 3273 quia
433 3211 496 3253 non
519 3193 570 3272 qui
592 3192 760 3273 inceperit,
782 3128 847 3253 sedp
860 3192 911 3271 qui
932 3211 1109 3272 persevero-

178 3270 275 3355 'verit
297 3275 348 3337 hic
368 3274 469 3336 salvus
493 3276 558 3336 erit
600 3274 775 3336 Miserabilo
796 3281 827 3336 et
847 3274 993 3337 horribile
1017 3272 1110 3351 dictu,

189 3363 251 3418 tam
279 3355 363 3418 boire
393 3359 550 3439 principia¹
569 3357 654 3421 bono
684 3355 746 3418 flue
773 3357 916 3423 fraudari.
960 3357 1035 3434 Quis
1064 3365 1112 3420 est

189 3442 286 3519 enim,
317 3442 367 3520 qui
395 3448 481 3502 tanto
507 3442 627 3502 femore
648 3439 801 3520 perficiat,
830 3449 945 3520 quanto
974 3442 1110 3522 incepit?

189 3522 328 3601 Quantos
354 3543 410 3604 per
436 3524 573 3605 singulos
608 3523 672 3583 dies
702 3523 841 3584 videmus
868 3531 1033 3587 retrorsum
1065 3545 1110 3585 re-

182 3607 317 3689 spicere,
340 3612 372 3669 et
384 3626 477 3690 manu
489 3605 669 3691 remissapd
684 3609 787 3689 omnia
812 3608 935 3681 tandem
958 3605 1109 3670 obdurare

188 3697 221 3753 ot
239 3689 433 3767 surdescere!
477 3689 509 3766 Si
530 3709 593 3759 non
615 3688 734 3769 credis,
756 3690 873 3771 inspice
894 3691 1109 3773 religiosorum

187 3780 220 3834 et
240 3772 451 3852 sacerdotum,
473 3781 506 3833 ut
526 3792 626 3854 papae
649 3778 726 3852 etc,
749 3792 898 3855 securam,
919 3773 1056 3854 tepidam
1078 3782 1110 3839 et
