2356 4200
130 249 196 336 164Δ
399 210 406 222 ¹
468 245 748 343 Sermousatutberi

130 418 297 482 offeratae
320 421 479 505 quaerenti
513 438 556 480 ae.
606 420 640 480 In
669 437 729 500 quo
769 419 864 483 verbo
905 419 1052 500 ostendit,

106 506 222 584 ,quam
244 502 342 564 facilia
373 509 421 564 eat
441 503 595 564 assecutio
617 503 763 583 iustitiae,
786 501 953 564 dummodo
972 500 1056 571 dim.

32 651 36 659 ,
130 585 229 647 cultas
262 586 428 649 inchoatae
452 587 535 647 vitae
561 585 645 647 victa
672 584 770 650 inerit.
814 583 914 648 Omne
941 587 1051 669 princi-

128 671 215 750 pium
237 687 343 751 grave,
375 667 430 729 sed
449 675 523 751 post
543 669 725 750 principium
747 666 939 750 proficiendo
953 658 1056 733 'velut¹

128 758 184 813 sua
207 757 320 834 sponte
343 751 457 832 obviat,
479 769 579 833 prona
600 751 770 832 faciliaque.
808 750 894 815 Sicut
912 752 944 811 i'n
966 753 1053 813 omni

128 840 214 896 motu
251 834 433 917 principium
466 835 565 915 magis
606 841 654 896 est
687 833 883 916 impeditum,
916 832 1056 897 mediur'n'

128 923 231 979 autem
256 924 368 999 sponte
391 919 500 979 aurrit:
522 918 575 997 ita,
598 918 650 997 qui
670 919 778 999 incipit
803 915 976 995 iustificari,
1008 916 1052 980 la·

128 1001 235 1063 borem
257 998 351 1064 babet
372 1000 402 1062 iu
433 998 654 1063 mortificandis
682 1000 895 1082 passionibus3
925 999 981 1061 ted
1008 998 1051 1062 la·

127 1083 235 1145 borate
270 1083 390 1146 fortiter
425 1085 456 1145 in
496 1083 666 1165 principio,
712 1083 837 1146 tandem
869 1082 960 1145 facile
1000 1098 1050 1145 ce·

127 1167 203 1228 dunt
240 1168 272 1227 in
313 1166 488 1249 profectum
515 1165 574 1227 Sic
619 1166 784 1248 propheta:
827 1164 1051 1229 convertimini

127 1248 166 1311 ad
213 1269 261 1310 mc
308 1255 340 1311 e‘t
376 1255 539 1327 convertar
581 1247 621 1311 ad
660 1269 735 1329 vos,
793 1250 880 1336 quasi
923 1247 1050 1330 diceret,

128 1332 267 1412 quaerite
288 1351 338 1393 me
361 1339 392 1393 et
414 1331 547 1393 obviabo
576 1331 674 1395 vobis.
724 1331 811 1396 Sicut
830 1331 895 1394 fllio
918 1330 1050 1415 prodigo

127 1415 226 1476 adbuc
255 1415 349 1496 longe
382 1416 487 1497 agenti
516 1435 643 1498 surgens
667 1423 808 1477 occurret
832 1421 931 1497 pater.
972 1408 1049 1477 Ideo

105 1501 138 1571 *i
161 1517 216 1559 sae
239 1499 419 1559 autoritates
441 1517 505 1559 non
527 1496 566 1558 de
587 1498 686 1579 prima
762 1499 806 1561 tia
826 1504 959 1577 tantum,
994 1498 1050 1560 aed

150 1600 168 1643 e
190 1587 319 1661 utraque
340 1580 560 1662 intelligendae
583 1587 672 1642 aunt.⁴
746 1583 752 1596 '
786 1586 884 1663 aest,
906 1598 986 1661 quaa
1006 1580 1050 1644 fa-

127 1665 169 1724 cit
191 1663 346 1725 hominem
369 1665 507 1725 converti
530 1664 570 1724 ad
592 1684 641 1744 ae,
670 1663 709 1726 de
731 1682 792 1745 qua
813 1663 940 1744 dicitur,
976 1681 1049 1727 con·

127 1747 281 1809 vertimini
302 1745 341 1807 ad
363 1765 427 1808 me:
451 1747 597 1827 secunda,
621 1765 701 1828 quae
720 1747 792 1829 facit
807 1738 965 1809 hominem
981 1765 1049 1829 per·

71 1887 74 1891 .
126 1828 177 1909 fici
197 1830 230 1891 in
252 1849 296 1909 se,
319 1829 357 1905 de
379 1848 440 1910 qua
461 1828 581 1909 dicitur,
604 1837 636 1891 et
658 1849 718 1911 ego
741 1835 903 1892 convertar
916 1828 956 1890 ad
979 1847 1048 1891 vos.

125 1912 193 1975 Hoc
213 1911 286 1975 ideo
309 1911 397 1991 dico,
428 1915 500 1992 quia
520 1914 623 1974 multis
650 1919 789 1994 praestat
820 1911 959 1975 laborem
994 1911 1050 1974 illa

125 1997 284 2075 autoritas,
307 2000 338 2056 et
359 1997 385 2056 ai
409 2013 488 2077 quae
509 1994 616 2059 similis
638 2003 696 2076 est,
719 2014 788 2058 aum
808 1994 847 2058 de
865 1992 1048 2077 proficiente

125 2080 189 2141 vita
210 2079 271 2141 sint
292 2077 411 2150 dictae,
438 2078 484 2139 illi
513 2086 616 2141 autem
645 2078 684 2140 de
705 2079 872 2161 incipiente
895 2097 948 2140 aaa
969 2078 1049 2139 aeci·

125 2164 220 2243 piunt.
264 2161 375 2241 Mater,
409 2162 521 2243 inquit,
551 2159 756 2224 honorificata
790 2162 937 2242 suscipiet
970 2160 1051 2223 siout

126 2244 223 2307 fllium
245 2264 343 2324 suum,
367 2251 398 2306 et
419 2251 517 2306 mater
537 2242 757 2326 honorificata,
808 2245 860 2306 uia
889 2250 920 2305 et
940 2240 1058 2323 iniqui-j

126 2335 173 2388 tas
195 2335 242 2388 est
263 2334 362 2389 mater
382 2326 514 2388 tiliorum
535 2329 720 2410 iniquitatis,
746 2262 807 2391 ‘sed
830 2335 933 2390 mater
958 2322 1059 2408 igno-'

126 2411 265 2473 miniosa.
308 2408 394 2470 Haec
416 2417 518 2472 autem
541 2418 589 2473 cat
614 2420 711 2475 mater
738 2409 993 2473 honorificentiae
1016 2417 1050 2471 et

125 2493 253 2573 gloriae,
276 2493 348 2573 quia
374 2512 437 2554 non
465 2492 680 2571 confunditur,
718 2496 770 2575 qui
804 2493 885 2554 hanc
917 2499 1048 2554 matrem

125 2577 215 2637 berit
236 2576 375 2657 adeptus.
418 2574 503 2658 Haec
524 2584 572 2638 est
592 2576 708 2658 gallina
730 2575 884 2657 Christus,
919 2577 970 2656 qui
993 2592 1046 2636 ex·

125 2658 233 2738 pandit
252 2656 318 2720 alas
341 2678 412 2720 suas
435 2670 467 2721 et
486 2663 622 2803 protp'pit
647 2658 728 2722 filios
755 2679 844 2738 suos,
874 2660 925 2739 qui
946 2656 1045 2741 'quae

124 2749 195 2804 runt
224 2748 254 2802 et
280 2740 449 2803 adhaerent
476 2744 515 2805 ei.
588 2762 624 2804 ec
651 2741 769 2804 dulcius
796 2761 855 2803 nec
883 2741 1046 2803 vehemen-

125 2827 185 2886 tius
214 2826 317 2907 potuit
347 2826 462 2887 iustitia
495 2824 720 2905 commendari,
749 2843 839 2904 quam
875 2823 958 2904 quod
988 2823 1046 2886 sub

125 2906 236 2970 affectu
258 2910 401 2970 materno
415 2909 606 2983 describitur,
629 2927 689 2989 quo
709 2907 785 2969 nihil
802 2914 849 2969 est
863 2906 992 2986 dulcius,
1014 2904 1048 2969 et

125 2993 307 3072 praesertim
329 2993 434 3052 matris
454 2989 655 3053 honorificas.
698 2989 790 3072 Apud
812 2996 940 3053 matrem
961 2990 1045 3052 euim

126 3076 227 3136 omnis
249 3073 362 3136 fiducia
383 3081 415 3135 et
435 3075 583 3135 securitas
606 3093 643 3136 ac
664 3073 779 3135 blanda
801 3072 974 3135 consolatio
998 3081 1048 3134 eat

123 3155 271 3219 filiorum:
308 3158 352 3219 ita
384 3158 593 3218 conscientiae
630 3157 761 3239 pusillae
794 3162 827 3218 et
862 3156 1053 3237 peccatricia

124 3240 207 3321 apud
228 3241 374 3301 iustitiam
396 3241 426 3300 in
451 3239 581 3304 Christo.

141 3403 288 3498 Sermo
319 3399 365 3497 in
395 3400 463 3497 die
493 3374 769 3499 Innocentum
796 3428 834 3497 a.
864 3400 972 3496 1516.
985 3406 1042 3516 *).

210 3538 282 3605 Vox
302 3538 334 3599 in
353 3536 456 3633 terma
476 3534 582 3599 audita
602 3544 659 3634 eat,
672 3536 826 3679 'ploratus
848 3543 880 3597 et
900 3535 1045 3599 ulutatus.

126 3622 225 3684 Rama
246 3618 399 3681 Hebrarce
421 3618 578 3681 excelsum
601 3639 680 3701 signu
703 3627 763 3698 cat,
785 3618 867 3680 unde
888 3617 1046 3682 Abrabam

182 3767 213 3838 ‘J
234 3767 383 3825 Loeacber.
399 3767 421 3836 1,
441 3767 503 3826 775.
522 3765 629 3827 Wslcb
648 3765 708 3837 ΧΗ,
725 3760 875 3835 2310'aqq·
957 3832 960 3837 .
