2356 4200
245 272 269 286 ”
368 285 403 342 de
421 288 522 343 uirtute
538 280 785 377 inriulgeutiarunl
977 278 1041 350 247

209 456 241 521 si
263 457 390 521 dixeris:
418 458 481 520 lata
501 458 731 539 praedicatione
750 476 858 539 parum
880 458 1043 540 colligatur

123 542 322 621 pecuniarum
351 560 406 621 per
426 541 643 622 indulgentiae.
686 540 888 622 Reapoudeo:
926 541 1041 604 Credo.
1108 538 1110 543 ’

125 624 187 686 Sed
210 624 282 704 quid
303 625 364 685 hoc
385 626 502 701 mirum,
515 644 583 685 cum
596 623 758 705 pontifices
770 643 826 704 per
837 622 1042 705 indulgentiae

123 727 187 769 uon
207 715 354 786 quaerant
374 709 537 786 pecuniae,
565 708 619 768 sed
643 708 773 767 salutem
793 707 993 784 animarum,··
1010 715 1045 767 ut

122 798 209 871 patet
228 792 261 850 iu
282 790 374 868 iia1),
396 809 472 868 quaa
494 790 569 851 daut
588 793 620 851 iu
643 789 925 851 consecrationibus
944 790 1043 850 eccle·

123 875 237 934 ciarum
258 880 291 934 et
311 872 460 934 altarium.
504 873 577 934 ldeo
601 892 665 934 nou
688 873 798 933 volunt
817 891 873 952 per
894 891 967 934 suaa
991 889 1044 933 rc
1132 926 1135 935 .

123 956 191 1047 niae
211 955 360 1036 impedire
381 956 524 1034 meliora,
558 957 614 1016 aed
641 974 825 1036 promovere
846 957 949 1034 potius
968 956 1044 1027 cari-

124 1047 274 1201 ιωθωΕξο
296 1076 392 1181 libere
414 1118 493 1199 dico,
516 1104 598 1199 quod
622 1119 672 1201 q‘ui
685 1120 882 1182 aliter-docet
896 1084 1043 1201 poculum

94 1206 97 1211 ’
125 1213 158 1266 et
178 1205 259 1264 huuc
280 1202 419 1268 ordinem
437 1206 592 1282 pervertit,
614 1223 676 1264 uon
697 1204 816 1282 doctor,
837 1203 1048 1266 aedaeductcr
1109 1218 1112 1222 ’

125 1286 233 1367 popuii
254 1294 318 1362 eat,
352 1287 411 1345 uisi
434 1286 515 1364 quod
539 1286 670 1367 populus
693 1294 821 1367 propter
841 1295 971 1366 peecata
990 1306 1047 1347 aua

119 1376 269 1512 {ilfflm’
290 1367 465 1446 aliquando·
479 1388 541 1429 uon
565 1369 671 1472 audire
691 1371 851 1431 veritatem
864 1375 1044 1450 recteprae·

410 1647 622 1711 Conclusio
653 1648 764 1711 XLII.

208 1777 348 1839 Ducendi
369 1785 440 1839 aunt
456 1777 629 1856 Christiani,
651 1777 734 1856 quod
755 1798 855 1860 papae
877 1799 1048 1842 manauco

127 1867 176 1922 eat
196 1860 441 1941 redemptionem
457 1861 614 1922 veniarum
637 1861 699 1921 ulla
720 1880 759 1921 ex
773 1870 860 1942 parte
871 1882 1049 1944 comparau-

128 1943 200 2004 dam
224 1962 293 2005 ease
315 1943 465 2024 operibue
480 1943 718 2006 misericordiae.
1033 1982 1036 1987 -

200 2026 326 2106 ,Papam
348 2026 498 2107 intelligo,
522 2032 664 2106 utsupra
684 2026 757 2106 dixi,
780 2034 871 2107 prout
882 2035 973 2088 sonat
982 2046 1049 2107 per-

127 2129 237 2171 acuam
258 2109 431 2191 publicam,
459 2109 488 2169 id
519 2116 579 2185 eat,
607 2117 716 2189 uapor
737 2127 873 2171 canones
894 2109 983 2170 uobis
1006 2110 1050 2170 lo-

128 2193 239 2272 quitur.
286 2191 357 2252 Nou
389 2193 471 2252 euim
505 2201 577 2252 suut
604 2210 755 2274 canones,
789 2191 841 2272 qui
872 2192 1052 2273 praedicent

128 2276 286 2335 veniarum
327 2274 508 2354 dignitatem
546 2277 716 2354 comparari
751 2276 895 2355 operibus
936 2276 1050 2337 miseri-

128 2357 262 2422 cordiae.
663 2384 670 2396 ²
848 2393 850 2397 ν
879 2396 881 2401 ν

212 2440 301 2501 Patet
327 2445 429 2499 autem
457 2439 631 2517 conclusic,
665 2441 735 2518 quia
761 2444 960 2521 praeceptum
992 2440 1051 2500 Dei

129 2521 250 2584 infinita
282 2521 430 2602 dignitate
457 2528 610 2602 praestat,
641 2541 678 2587 eo
711 2523 794 2601 quod
820 2544 875 2603 per
895 2523 1052 2584 homiuem

130 2622 253 2685 quoque
273 2605 468 2684 permittitur,
490 2623 526 2664 ao
548 2604 632 2666 nullo
656 2605 748 2667 modo
767 2607 960 2687 praecipitur,
982 2625 1050 2666 cum

129 2688 195 2749 illic
216 2689 256 2749 sit
275 2689 426 2764 meritum,
449 2687 500 2747 hic
523 2687 650 2751 nullum.
770 2703 781 2726 ⁰

344 2871 346 2875 ‘
446 2867 518 2928 Hic
539 2868 739 2930 obiicitur:

216 2993 259 3055 At
279 2996 389 3055 veniae
410 2994 599 3055 redimuntur
615 3015 671 3075 per
684 2997 768 3076 pium
781 3016 868 3077 opus,
890 3003 965 3077 puto
982 3017 1053 3059 cou-

132 3077 329 3138 tributionem
352 3077 391 3137 ad
414 3077 569 3152 fabricam,
590 3078 640 3138 vel
662 3081 850 3158 captivorum
872 3072 1053 3159 redemptio-
1088 3141 1094 3151 ,

133 3180 215 3237 nem,
238 3179 310 3240 ergo
334 3166 404 3220 sunt
427 3161 610 3220 meritoriae.
653 3162 856 3241 Respondeat
912 3163 982 3223 Non
1010 3163 1053 3224 lo·
1109 3210 1112 3215 .

134 3262 213 3322 quor
235 3242 273 3302 de
295 3261 397 3323 opere,
421 3241 475 3302 sed
498 3242 536 3305 de
558 3245 666 3308 veniis.
708 3245 787 3318 Nam
810 3265 886 3325 opus
908 3244 981 3305 illud
1001 3264 1054 3325 po·

135 3334 214 3386 terat
235 3324 301 3385 fieri
324 3327 391 3385 sine
413 3326 520 3402 veniis,
543 3346 606 3387 nou
628 3329 708 3387 euim
722 3328 864 3410 alligatur
878 3328 1054 3389 necessario
1168 3354 1171 3359 ¹

134 3408 257 3470 veniis„
291 3408 409 3468 Veniae
439 3414 541 3468 autem
570 3411 636 3470 aine
665 3429 759 3490 opere
785 3418 953 3472 concessae
980 3410 1054 3470 nihil

135 3491 312 3568 conferunt,
341 3490 396 3550 aed
418 3493 629 3554 tantummodo
652 3494 815 3555 auferunt.⁴
846 3493 931 3576 Opus
952 3500 1054 3554 autem

136 3576 203 3634 sine
224 3574 321 3635 veniis
343 3573 470 3654 confert,
493 3576 564 3653 quia
584 3575 648 3636 illic
668 3577 775 3638 nostra
801 3579 977 3659 recipimus,
1000 3572 1056 3637 'hic

174 3781 204 3848 1)
224 3780 256 3836 lu
277 3780 320 3836 ed.
339 3758 415 3837 Jem:
438 3780 491 3835 hir.
