2356 4200
455 275 706 343 s‚..1s1avsura-
971 271 1033 357 aar,

111 439 225 501 Forma
244 440 302 505 Dei
324 447 372 505 ess
394 445 544 524 potentia,
565 444 734 524 sapientia„
752 443 1034 525 prudentiarum

43 566 54 585 .
112 523 165 600 tia,
188 523 320 602 bonitas,
343 532 376 585 et
395 525 602 612 quodeunque
624 527 739 595 bonum
767 534 829 607 est,
859 547 930 608 qua,
954 548 1031 607 uuus

111 605 208 673 boma
243 606 332 669 alteri
358 616 463 687 potest
488 610 649 690 praeferri,
683 610 762 681 siput
787 608 858 677 has.
876 611 967 687 facile
987 618 1036 687 est

110 707 313 770 aaguosaere.
356 691 468 757 Forma
487 694 568 766 servi
590 701 638 763 est
657 691 1032 775 subiectia,.insipieptis,

111 773 251 849 stultitia,
272 783 448 853 paupertas,
470 786 642 854 passarum,
664 784 695 839 et
720 776 894 855 quicunque
908 774 1033 853 tandem

110 853 262 934 delemus,
284 875 345 935 qap
358 857 535 927 alteralteri
545 860 672 933 inferior
682 859 804 933 censeri
822 866 936 938 potest.
964 854 1032 939 ,lbi

111 937 189 1003 duas
216 940 331 1009 tbrmas
356 941 388 1009 in
416 940 545 1003 bomine
569 941 691 1011 Christo
720 941 942 1019 laissasep'bit.
999 1000 1005 1021 ,

111 1021 210 1083 stolus
238 1021 347 1103 Pbilip.
378 1027 407 1087 2.
440 1023 574 1095 diaeum,
605 1023 663 1100 Qui
697 1035 766 1085 eum
794 1025 825 1101 ip
854 960 1033 1101 formabit

111 1110 205 1181 esset,
231 1103 280 1183 (id
302 1105 489 1186 ast,pl,enus
510 1108 635 1185 iustitia,
657 1107 824 1187 sapientia„
851 1102 1033 1185 stratilatis

47 1189 62 1213 ’
111 1193 172 1251 etr.
194 1186 254 1247 hae
274 1189 357 1255 enim
378 1189 477 1259 laima
497 1190 605 1257 similis
621 1192 691 1269 quis
703 1190 769 1251 Deo
783 1189 921 1268 efficitur,
943 1191 1031 1269 euius

111 1276 184 1341 suut
207 1271 465 1350 prppriasplius)
489 1273 621 1343 formam
639 1274 719 1341 servi
732 1273 887 1352 accipiens
913 1272 962 1351 (id
985 1281 1034 1351 apt

111 1352 355 1432 subiectionem,
392 1353 617 1434 infirmitatem,
655 1355 830 1435 stultitiam,
857 1364 1030 1437 perpetum,

111 1424 312 1514 quantumin
336 1437 432 1500 oeulis
454 1438 612 1503 hominum
632 1439 809 1519 apparuit„
830 1440 915 1518 prior
934 1440 1034 1513 torma

110 1519 186 1581 furit
208 1536 250 1581 ex
271 1519 522 1600 nihilaaliquid,
552 1523 614 1591 imo
638 1522 756 1585 omnia:
785 1523 940 1600 posterior
961 1518 1034 1599 rapit

110 1621 153 1667 ex
174 1603 317 1671 omnibus
338 1603 425 1681 nibil,
446 1611 537 1666 etex
559 1605 663 1683 aliquo
684 1623 746 1666 uon
768 1605 897 1684 aliquid3
927 1623 1032 1683 ababa

111 1683 157 1747 dit
177 1684 247 1761 illa,
275 1685 438 1757 deseendit
456 1689 524 1751 ista.
567 1686 669 1761 Habet
689 1693 791 1755 autern
814 1688 915 1749 omnis
935 1687 1030 1767 bumq
1115 1728 1117 1734 ι

110 1768 168 1828 bas
190 1766 266 1829 duas
287 1770 318 1833 iu
341 1788 411 1829 sese
433 1770 562 1839 formas:
595 1771 668 1850 quia
695 1789 787 1831 nemu
833 1771 933 1841 enitus
955 1770 1031 1851 nibil

111 1857 176 1930 est,
194 1850 263 1933 ¹sed
292 1859 392 1914 reatus
422 1871 494 1914 usus
523 1855 679 1932 utriusque
709 1854 742 1913 in
765 1790 849 1915 nulio
871 1853 1031 1949 bomiuupp

111 1941 170 1995 est.
212 1933 301 2007 Hune
322 1941 423 1996 autem
448 1954 505 1998 uos
527 1936 632 1997 docuit
653 1941 686 1997 et
706 1935 800 1997 doeet
818 1935 869 1997 hie
891 1934 1030 2017 Christus

112 2016 218 2081 verbo.
261 2017 349 2079 Sieut
368 2017 408 2078 ab
430 2018 575 2098 apostola
600 2019 740 2083 scribitur
761 2017 907 2087 docuisse
928 2037 1030 2116 ssepe

111 2099 182 2180 plo,
209 2099 332 2179 quando
363 2099 445 2163 dicit:
468 2101 529 2163 boa
550 2103 661 2165 sentite
680 2102 711 2161 iu
734 2100 822 2163 vobis
845 2099 928 2181 quod
946 2108 982 2175 ¹e't
999 2120 1031 2179 pp

111 2182 235 2244 Christo
257 2183 333 2245 lesu
356 2191 425 2253 eta,
447 2185 562 2246 Rectus
584 2204 656 2245 usus
680 2191 784 2245 autem
807 2191 870 2262 est,
900 2203 963 2245 uon
984 2182 1030 2249 rae'

109 2285 186 2346 pere
208 2285 275 2327 eam
297 2266 355 2327 sibi
377 2269 445 2347 ipsi,
468 2267 522 2328 sed
546 2269 705 2329 exinanire
727 2286 797 2328 sese
810 2267 848 2329 ab
861 2266 925 2329 illa
960 2266 1031 2343 Pers

110 2368 218 2409 versus
246 2369 318 2409 usus
345 2358 393 2410 est
421 2371 528 2430 rapere
561 2370 628 2413 eam
658 2349 716 2410 sibi
744 2358 776 2411 et
802 2349 931 2430 implere
960 2368 1030 2417 sese

108 2433 174 2493 illa.
216 2431 283 2493 lloa
306 2441 354 2495 est
375 2433 492 2512 dicere,
525 2433 606 2512 quod
631 2433 875 2511 omnebonum,
908 2451 969 2512 qua
997 2433 1029 2511 ip

108 2516 210 2577 farma
236 2515 293 2575 Dei
321 2517 480 2595 ponimur,
509 2536 571 2578 non
599 2524 725 2596 propter
757 2536 814 2578 uos
841 2515 946 2593 datum
974 2522 1030 2596 est,

109 2617 169 2659 nea
179 2606 211 2661 ut
222 2599 253 2659 in
264 2601 332 2677 ipso
345 2598 521 2679 gloriemur,
536 2619 595 2659 nea
605 2599 816 2679 superbiamus
830 2618 888 2659 nea
901 2598 1030 2671 alterum

109 2681 316 2760 despiciamus
324 2681 563 2758 autiudiaemus,
577 2683 702 2761 quinon
715 2681 820 2754 habat,
836 2681 889 2742 sed
904 2688 1031 2762 propter

109 2784 165 2827 eos
187 2767 290 2844 potius
312 2765 401 2824 nabis
416 2765 519 2826 datum
537 2773 592 2844 est,
615 2767 664 2844 qui
687 2785 750 2825 non
772 2764 895 2838 habeut,
918 2771 951 2825 ut
973 2783 1030 2839 uas

109 2849 155 2908 eis
176 2866 231 2927 per
251 2849 350 2927 ipsum
374 2850 457 2908 etin
487 2849 555 2928 ipsu
585 2849 768 2925 serviamus,
801 2855 832 2909 et
857 2847 937 2911 adeo
960 2866 1030 2927 ¹aqu

108 2938 358 3008 contemnamus,
387 2938 419 2990 ut
450 2951 555 2992 eorum
585 2931 666 2993 mala
686 2939 739 2991 aut
760 2930 834 2999 vitia
855 2949 917 2991 non
940 2938 1029 2991 seam

107 3033 168 3074 nea
202 3014 321 3074 minore
354 3013 464 3074 affeetu
497 3015 701 3093 accipiamus,
740 3032 832 3092 quam
864 3013 890 3073 si
923 3020 1029 3093 nostes

107 3097 235 3176 propris
262 3097 369 3158 forent.
420 3096 471 3159 Sia
499 3098 580 3157 enim
603 3097 740 3159 Christus
774 3104 825 3172 (ut
846 3096 937 3161 Rom.
961 3090 1027 3173 la..)

108 3199 172 3241 non
195 3179 253 3239 sibi
274 3180 390 3259 placuit
410 3181 441 3239 in
464 3181 578 3243 iustitia
601 3200 673 3256 sua,
708 3180 786 3239 sieut
813 3179 931 3258 pptimo
964 3177 1030 3257 iupa

107 3265 276 3343 potuisset,
298 3261 352 3323 sed
375 3282 431 3343 per
453 3283 520 3323 eam
544 3263 632 3323 nobis
655 3263 793 3341 servivit,
814 3261 1029 3341 reeipienssu·

106 3367 163 3427 per
192 3365 226 3406 se
249 3334 348 3425 ipsrim
371 3347 475 3406 amnia
498 3352 626 3425 peecata
648 3352 762 3406 nostra.
807 3344 892 3405 Sicut
910 3342 1029 3423 ,ibidem

106 3429 270 3510 apostolus
291 3429 343 3489 ait.
387 3428 448 3490 sed
472 3430 552 3489 sieut
571 3430 716 3508 seriptum
746 3434 809 3505 est,
842 3426 1030 3507 improperia

106 3511 456 3592 improperantiumtibi
479 3511 656 3572 aeciderunt
684 3530 775 3590 super
802 3529 870 3589 me,
900 3509 961 3589 boe
983 3515 1031 3579 est

107 3595 190 3675 quod
215 3596 384 3656 exinanivit
407 3614 440 3655 se
463 3595 562 3674 ipsum
586 3613 641 3653 sua
664 3593 780 3654 forma:
814 3600 845 3652 et
874 3611 936 3652 non
961 3611 1028 3652 eam

105 3681 217 3759 rapuit,
239 3679 326 3757 quasi
350 3677 444 3737 vellet
465 3677 602 3756 aequalis
625 3694 694 3736 esse
726 3675 803 3751 Dea,
827 3676 912 3734 euius
934 3674 1030 3734 solius

107 3770 156 3825 est
192 3764 223 3823 iu
254 3761 313 3822 baa
343 3761 443 3823 forma
475 3760 619 3841 gloriari,
655 3759 780 3839 plaeere
807 3757 865 3841 sibi
894 3766 927 3818 et
955 3756 1030 3818 nulli

756 3854 822 3929 lb*
870 3948 875 3969 Ι
