2356 4200
124 266 165 333 32
358 269 514 341 Responsio
534 269 568 323 D.
587 268 664 324 Mart.
682 268 796 325 Lutheri

124 435 252 500 vendas.
296 434 376 510 Quid
399 439 425 498 si
447 441 632 500 eontrarium
654 441 754 500 verius
775 440 824 519 sit,
844 442 957 518 petunt
988 433 1045 497 suf·

124 518 263 600 fragium,
287 538 363 600 ergo
387 521 586 601 ignorantes
609 521 793 583 salvandas?
1008 574 1012 579 .

120 681 123 685 .
208 601 267 680 Sia,
290 602 431 681 inquam,
464 610 568 684 potest
589 603 670 685 fieri,
700 611 733 665 ut
760 625 779 664 a
799 605 879 664 faeie
900 608 1046 663 aeternae

124 685 188 745 irae
209 684 369 747 horrentes
392 687 520 747 timeant
540 689 649 768 perire,
673 693 703 748 et
723 688 755 747 in
777 689 878 747 laeum
902 687 947 746 ire
970 703 1046 745 sem·

134 767 154 783 ,Ι

123 773 287 911 plternum,
304 776 336 828 et
360 789 400 829 ne
412 771 525 831 intrent
538 789 626 831 orare
641 777 672 831 et
689 768 865 851 suffragium
888 786 1045 848 quaerere.

154 870 192 911 oo
214 850 346 913 eeclesia
366 852 485 912 videtur
507 854 636 933 sentire,
670 853 793 933 quando
818 872 874 933 pro
897 853 941 912 eis
963 856 1046 911 orat:

124 931 171 993 Ne
193 932 358 996 absorbeat
378 955 430 995 eas
453 943 600 1016 tartarus,
629 938 703 997 item
723 936 832 997 Libera
854 954 909 996 eos
932 933 971 994 de
994 951 1048 994 ore

125 1017 233 1078 leonis.
295 1017 377 1078 ane
404 1019 434 1079 in
458 1038 511 1079 ore
539 1020 653 1090 leonis,
686 1021 810 1080 iamiam
838 1017 1046 1101 deglutientis,

125 1106 156 1160 et
172 1101 205 1159 in
227 1100 426 1179 absorptione
449 1104 553 1162 tartari
576 1122 629 1163 eas
651 1122 720 1164 esse
743 1102 876 1163 eeclesia
896 1105 1045 1180 protesta-

124 1188 181 1246 tur.
226 1181 289 1244 Sed
310 1183 410 1264 latiuS,
432 1185 483 1247 ubi
506 1184 580 1245 dixi.
698 1179 701 1190 '

208 1265 360 1344 Secunda,
382 1268 495 1347 inquis,
516 1267 635 1328 falsitas
657 1273 713 1344 est,
738 1267 828 1343 Quod
851 1267 902 1346 qui
918 1284 1045 1346 purgau-

113 1356 173 1409 tur
206 1349 348 1429 timeant,
382 1358 596 1431 praeterquam
624 1350 773 1430 filialiter,
804 1351 875 1429 quia
896 1350 989 1409 timor
1010 1345 1045 1407 de

124 1433 225 1493 futuro
248 1432 340 1492 malo,

207 1514 409 1594 Respondeo:
441 1515 508 1576 Tuo
538 1522 569 1577 te
598 1517 702 1598 gladio
726 1523 817 1596 peto.
877 1514 1045 1575 Temeritas

127 1604 174 1658 est
194 1598 225 1658 in
247 1597 304 1678 his,
327 1617 406 1677 quae
429 1618 486 1659 nos
509 1600 586 1660 ratio
602 1599 749 1660 naturalis
765 1618 829 1659 non
843 1598 946 1676 docet,
969 1594 1046 1656 velle

126 1679 242 1766 aliquid
264 1679 390 1741 definire
412 1690 519 1742 nostra
541 1684 715 1745 autoritate.
751 1681 829 1742 Elue
851 1680 933 1741 hano
955 1686 1045 1739 teme·

126 1765 249 1824 ritatem
272 1769 368 1842 tuam,
391 1765 442 1844 qui
464 1766 530 1824 sine
552 1767 716 1826 autoritate
739 1762 960 1843 tantapfidueia
982 1779 1046 1842 pro·

127 1847 271 1926 nuncies,
305 1866 368 1908 non
391 1866 461 1908 esse
482 1849 514 1906 in
535 1849 710 1929 purgatorio
733 1849 792 1908 nisi
814 1845 939 1907 filialem
962 1846 1046 1906 timo·

127 1949 201 2010 rem,
221 1928 370 1990 Thomam
394 1931 475 1990 enim
497 1950 560 1992 non
582 1931 685 1994 audi0.

210 2011 372 2090 Secundo,
400 2014 492 2074 video
521 2019 552 2074 te
574 2034 611 2075 eo
635 2034 739 2076 errore
766 2013 926 2090 laborare,
963 2008 1046 2090 quasi

126 2097 226 2176 possit
247 2115 315 2156 esee
337 2094 437 2156 filialis
458 2098 550 2158 timor
570 2099 602 2157 in
624 2099 674 2157 via
696 2105 758 2158 tam
777 2115 879 2176 purus,
902 2101 935 2156 ut
949 2093 1046 2154 nullus

127 2199 196 2239 oum
218 2199 256 2241 eo
291 2179 402 2238 mixtus
424 2180 464 2240 sit
485 2180 575 2239 timor
602 2181 721 2241 servilis
749 2199 934 2260 poenorum,
969 2173 1048 2256 quod

126 2263 212 2323 iuxta
241 2261 426 2341 Scripturam
459 2268 490 2323 et
520 2263 747 2323 ecclesiasticos
776 2268 879 2342 patres
913 2280 977 2320 non
1005 2264 1048 2321 est

127 2344 285 2424 possibile,
308 2364 377 2404 oum
394 2345 479 2405 nulla
494 2347 588 2406 virtus
602 2345 785 2426 perficiatur,
808 2345 867 2404 nisi
888 2346 919 2404 in
942 2342 1046 2423 patria.

127 2426 168 2486 Et
198 2427 276 2488 haee
298 2447 386 2488 meae
414 2429 576 2508 positionis
605 2448 698 2490 eausa
729 2435 790 2507 est,
826 2428 897 2506 quia
930 2427 1049 2486 animae

129 2512 199 2571 sunt
219 2510 418 2590 imperfectae
440 2512 586 2590 caritatis,
602 2512 751 2574 habentes
766 2512 893 2570 mixtum
908 2511 1047 2570 timorem
1088 2525 1090 2528 ’

127 2612 308 2674 poenarum,
330 2592 361 2653 id
384 2601 440 2672 est,
456 2595 608 2656 servilem.
642 2596 705 2656 Aut
717 2594 795 2656 dooe
808 2613 867 2672 me,
892 2589 1047 2672 quomodo

129 2676 168 2737 de
189 2695 293 2756 poena
307 2674 443 2755 doleant,
465 2677 490 2736 si
512 2697 575 2738 non
589 2681 698 2738 timent
716 2697 795 2757 eam,
813 2678 917 2736 sinon
936 2675 1048 2735 dissen-

128 2761 207 2822 tiunt
230 2760 268 2822 ab
291 2779 344 2836 ea,
365 2760 424 2819 nisi
446 2759 583 2824 definitio
607 2760 721 2822 doloris
742 2761 777 2820 B.
799 2759 964 2840 Augustini
992 2756 1049 2817 alia

130 2844 228 2903 estin
250 2843 440 2923 purgatorio,
462 2843 523 2905 alia
545 2851 779 2923 superterram,
802 2862 861 2922 qua
883 2840 966 2919 dicit,
988 2839 1048 2902 Do·

128 2927 177 2986 lor
200 2932 247 2987 est
268 2925 419 2986 dissensio
443 2927 536 2986 animi
559 2927 597 2987 ab
618 2928 656 2990 iis
678 2926 784 3004 rebus,
814 2944 894 3005 quae
922 2921 1048 2986 nolenti·

128 3004 185 3074 bus
225 3009 313 3070 nobis
351 3007 503 3072 accidunt.
552 3010 667 3071 Dolent
696 3008 790 3090 orgo?
840 3006 903 3068 Sed
924 3007 987 3069 hoa
1009 3003 1048 3083 fit,

130 3093 202 3174 quia
229 3092 350 3169 nolunt,
378 3093 403 3152 si
431 3092 556 3170 nolunt,
590 3094 740 3154 serviliter
768 3093 876 3151 timent
907 3107 1048 3170 poenam.

129 3173 176 3236 Tu
198 3194 286 3254 cape,
309 3193 367 3255 ego
390 3194 448 3235 neo
469 3174 586 3257 fingere
607 3195 743 3256 possum,
766 3173 849 3254 quod
867 3176 934 3252 quis
949 3173 1049 3233 doleat

130 3259 169 3320 de
189 3275 302 3339 poena,
324 3276 414 3338 quam
437 3277 501 3319 non
524 3261 630 3320 timeat
651 3267 703 3320 aut
723 3259 857 3320 horreat.

212 3341 326 3419 Tertio,
348 3340 378 3400 id
401 3361 474 3402 vero
500 3360 591 3421 quam
611 3351 700 3404 acute
721 3342 841 3418 dixisti,
870 3341 943 3420 quia
964 3340 1049 3400 timor

130 3427 172 3486 sit
199 3423 238 3484 de
265 3424 365 3484 futuro
399 3424 491 3487 malo.
544 3425 798 3486 Animaeautem
821 3423 945 3483 suntin
968 3440 1049 3502 prae·

131 3507 266 3570 sentibus
288 3507 385 3569 malis.
430 3506 462 3567 si
484 3509 659 3589 eogitarel)
684 3528 803 3589 posses,
825 3507 874 3568 vel
896 3513 1049 3588 gustasses

187 3775 265 3844 1),ln
285 3773 329 3831 ed.
347 3774 424 3833 Jen.,:
453 3775 596 3846 rogitare„
