2356 4200
359 260 394 312 aa
415 261 481 315 naar.
501 261 530 314 a
550 261 616 316 snt.
634 262 782 317 Prieneus.
847 329 867 359 ,
951 232 959 247 ”
1023 258 1046 333 a

125 432 213 513 lngus
244 431 297 491 ille
328 436 397 490 tuus
426 430 500 491 satis
524 428 761 508 superciliosus,
790 431 821 489 et
847 428 940 509 plane
962 435 1044 497 totus

125 514 247 576 Italicus
270 512 524 590 etThomisticus,
545 513 576 570 in
600 530 660 590 quo
684 511 740 571 ets'i
764 513 907 590 causaris,
929 518 960 575 te
983 513 1042 575 iam

125 617 228 659 senem
252 597 406 676 armisque
437 596 596 654 desuetum
635 593 736 654 denno
770 593 847 654 meis
868 593 968 654 verbis
1006 594 1045 657 ad

124 687 279 743 summan
302 679 436 758 impelli,
469 684 571 737 tamen
593 677 678 737 velut
698 677 838 736 Entellus
860 676 912 737 ille
935 677 973 737 de
995 698 1045 741 me

125 765 238 829 Dareta
264 769 315 844 (ut
337 759 400 843 ais)
424 762 537 820 referre
564 780 654 840 paras
687 762 845 820 victoriam
877 761 1045 840 insperato,

101 835 188 907 xuisi
218 844 301 924 quod
337 864 374 904 co
405 845 472 924 ipso
495 843 610 903 Dareta
636 845 734 924 magis
766 862 856 922 quam
889 841 1043 917 Entellum

124 927 264 1006 exhibes,
287 927 370 1005 quod
392 946 531 988 rumores
553 926 643 1006 ponis
665 934 737 986 ante
760 926 910 1002 salutern,
940 933 971 986 et
995 932 1046 996 (ut
1155 979 1158 984 .

124 1011 249 1080 dicitur)
276 1011 459 1070 Enccmium
481 1016 553 1069 ante
574 1010 752 1071 victorianr.'
767 1009 835 1089 Ag'e
856 1009 966 1089 igitur,
997 1004 1046 1069 fac

123 1093 205 1174 quod
228 1094 313 1170 facis,
336 1091 390 1152 fiat
412 1093 554 1152 voluutas
579 1092 721 1170 Domini,
744 1092 832 1152 Vale.
1016 1151 1019 1156 .

205 1175 322 1237 Omitto
345 1175 545 1236 fundamenta
567 1181 634 1254 tua,
657 1194 785 1254 quorum
807 1169 1045 1255 intelligentiam

124 1260 222 1341 magis
246 1260 395 1339 suspicor,
420 1278 511 1338 quam
535 1259 633 1336 sapic.
666 1257 707 1317 Et
729 1277 815 1318 more
838 1256 1044 1336 exemploque

123 1350 174 1403 tuo
197 1341 271 1402 mihi
295 1361 418 1421 quoque
440 1340 640 1400 fundamenta
660 1341 780 1416 iaciam,
803 1358 931 1401 necesse
953 1347 1010 1405 cst.

205 1422 341 1504 Primum
368 1431 415 1486 est
436 1424 511 1484 illud
533 1424 567 1483 B.
588 1423 676 1483 Pauli
689 1423 745 1504 *):
769 1423 880 1483 Omnia
901 1421 1044 1503 probate,

123 1506 205 1587 quod
227 1507 344 1568 bonurn
360 1513 415 1567 est
437 1513 555 1583 tenete,
584 1513 615 1566 et
636 1505 724 1566 Gala.
748 1509 783 1568 t:
803 1505 834 1566 Si
857 1505 984 1586 angelus
1007 1504 1046 1570 ds

123 1591 214 1651 coelo
237 1589 320 1650 aliud
342 1590 430 1650 vobis
452 1589 725 1670 evangelizaverit,
750 1608 840 1669 quarn
872 1589 1046 1671 accepistis,

123 1673 292 1735 anathema
314 1674 361 1732 sit.
939 1668 942 1673 ’

207 1755 380 1816 Secundum
413 1761 460 1814 est
487 1753 561 1813 illud
586 1753 619 1815 B.
642 1752 806 1833 Augustini
836 1752 876 1813 ad
897 1752 1046 1834 Hierony-

124 1859 223 1900 mum:
253 1838 321 1918 Ego
345 1838 419 1898 solis
442 1838 486 1896 eis
510 1836 611 1914 libris,
641 1837 691 1916 qui
715 1837 855 1896 canonici
889 1836 1046 1915 appellan-

124 1928 181 2000 tur,
201 1920 284 1981 hnnc
304 1921 455 1981 honorem
470 1918 589 1979 deferre
611 1918 713 1997 didici,
736 1925 769 1978 ut
782 1919 899 1978 nullum
921 1920 1046 1998 scripto-

122 2024 188 2064 rem
217 2022 324 2063 eorum
365 2021 482 2062 errasse
518 2001 691 2061 firmissime
736 2000 868 2062 credam.
919 2000 1047 2062 Ceteros

125 2092 239 2163 autem,
262 2086 452 2164 quantalibet
473 2084 614 2145 doctrina
644 2085 867 2162 sanctitateque
899 2083 1047 2163 polleant,

123 2187 188 2230 non
210 2168 281 2232 ideo
304 2187 408 2228 vcrnrn
433 2186 502 2228 csse
524 2166 637 2244 credo,
660 2167 732 2245 quia
753 2167 797 2224 illi
820 2166 864 2226 sic
886 2173 1048 2225 senserunt

126 2258 184 2314 etc.

163 2334 324 2396 „Tertium
346 2330 421 2390 illud
445 2331 508 2392 Cle.
532 2333 570 2392 de
592 2351 662 2411 poe.
686 2338 717 2391 ct
745 2351 789 2393 re.
815 2331 867 2392 Oa.
891 2330 1049 2390 abusioni-

125 2417 199 2480 bus:
222 2414 442 2491 Quaestoribus
466 2414 540 2474 nihil
562 2415 658 2474 licere¹
674 2415 728 2490 (in
758 2416 856 2474 veniis
871 2413 1050 2494 praedican-

127 2497 193 2582 dis)
218 2517 393 2578 proponere
416 2498 549 2577 populo,
581 2517 670 2575 quarn
695 2497 777 2575 quod
800 2498 831 2556 in
854 2515 960 2557 eorum
982 2497 1049 2556 lite·

125 2585 168 2643 ris
192 2582 374 2658 continetur,
397 2579 458 2639 ho'c
480 2587 536 2659 est,
560 2580 642 2660 quod
664 2586 696 2639 tu
721 2579 807 2658 dicis,
831 2599 876 2658 ea,
899 2598 979 2658 quae
1002 2597 1049 2639 cc

127 2665 225 2727 alesia
247 2663 286 2723 de
309 2664 389 2722 iacto
413 2663 494 2724 iacit.
671 2659 681 2675 ‘

211 2747 265 2806 His
288 2744 504 2822 fundamentis,
529 2746 552 2805 si
576 2765 625 2804 me
645 2745 807 2824 intelligis,
830 2743 920 2803 simul
940 2742 1050 2803 intelli-

126 2832 193 2915 gis,
216 2837 314 2891 toturn
336 2836 421 2888 tuum
445 2829 599 2908 dialogum
622 2827 756 2887 funditus
780 2845 928 2886 eversum.
971 2825 1049 2885 Nam

127 2921 161 2974 tu
172 2919 323 2993 perpetuo
346 2930 401 2989 pro
417 2912 578 2971 verborum
598 2917 684 2970 textu
706 2930 767 2970 non
791 2910 850 2969 nisi
862 2908 945 2969 nnda
956 2906 1052 2969 verba

125 2996 242 3078 poniS,
265 3000 317 3054 aut
339 2994 422 3052 solas
445 2995 607 3072 opiniones
631 2993 693 3052 divi
714 2992 854 3052 Thomas
876 2991 949 3050 mihi
970 3010 1053 3049 nunc

127 3078 254 3140 demum
281 3076 450 3154 decantas,
479 3077 529 3154 qui
561 3094 659 3154 aeque
684 3080 735 3153 (ut
757 3078 805 3152 tu)
836 3075 926 3134 nudis
950 3073 1051 3135 verbis

129 3323 211 3387 stola,
232 3324 308 3374 cuius
327 3323 434 3373 initium
460 3327 520 3374 est:
541 3320 632 3389 Opera
651 3325 699 3372 tua
717 3336 791 3372 nunc
812 3325 881 3386 etc,
902 3319 971 3370 haec
990 3318 1053 3369 scri-

130 3397 184 3449 bitt
205 3394 325 3461 Dialogo
347 3394 519 3458 silvestrium
540 3409 605 3444 vere
626 3391 744 3444 silvestri
762 3398 789 3444 et
806 3391 920 3454 inculto,
939 3391 994 3441 iam
1013 3404 1053 3440 re-

130 3466 275 3534 spondes,
308 3465 383 3532 qucd
413 3471 500 3516 toturn
522 3480 588 3515 mcx
608 3464 744 3526 habebis,
768 3467 798 3513 nt
817 3467 944 3529 paratum
963 3461 1053 3522 suerit,

130 3539 183 3590 Die
195 3538 222 3591 S.
234 3537 349 3603 Cyriaci.
371 3535 443 3600 ((1.8.
454 3537 574 3604 Augusti
591 3542 640 3596 sn.)
653 3536 734 3587 Anno
748 3535 826 3602 1518,
846 3538 873 3584 et
890 3534 918 3583 in
926 3534 1004 3600 epist.
1019 3531 1054 3582 ad

132 3609 305 3679 Spalatinurn
327 3608 406 3658 data:
436 3607 511 3659 Mitto
536 3622 625 3676 nugas
646 3622 722 3658 meas
743 3606 943 3672 nugacissimas
964 3609 990 3656 et
1009 3619 1054 3654 ex·
1162 3648 1174 3670 N

132 3680 382 3747 temporalissimas
409 3678 542 3730 adversus
565 3678 728 3730 Silvestrum
753 3677 839 3730 biduo
859 3677 968 3730 effusas.
1000 3675 1055 3734 Pri-

132 3752 178 3806 die
198 3751 256 3807 Cal.
277 3750 449 3822 Septembres
470 3751 548 3806 1518.
569 3777 603 3788 -
624 3749 655 3817 ⁸)
678 3749 698 3802 1.
717 3748 814 3804 Thess.
835 3747 860 3802 5.
