2356 4200
360 285 395 342 de
412 287 515 342 virtuts
530 285 780 359 indulgentiarum.
974 284 1035 354 165

116 475 183 517 rum
207 455 404 535 observator,
431 458 457 518 is
479 463 583 519 tamen
604 457 701 539 Epist.
725 461 774 522 17.
796 457 849 520 lib.
865 459 899 523 -3,
920 459 1035 540 praeni-

115 539 162 619 pit
181 557 292 620 paoem
313 539 447 600 dandam
466 541 513 618 iis,
538 541 589 620 qui
609 541 747 622 periculo
762 542 869 602 mortis
891 548 963 603 aunt
983 538 1036 605 ob·

114 622 211 697 noxii,
232 629 267 683 ut
287 622 326 683 ad
337 623 504 684 Dominum
527 641 595 684 num
610 642 688 704 paee
704 624 840 703 veniant,
860 624 942 686 laeta
963 634 1035 687 eon·-

112 705 248 766 iessione
276 724 333 766 sua
363 705 413 767 vel
439 704 637 787 presbytero,
666 706 716 767 vel
744 706 893 786 diaeono,
920 713 956 768 ut
980 703 1035 770 ibi·

113 787 183 848 dem
207 787 289 849 dieii.
331 788 373 848 At
394 788 478 849 datio
500 791 586 869 panis
607 789 662 850 illa
682 788 757 850 nihil
779 795 849 868 est,
879 809 970 869 quam
990 789 1033 870 id,

114 869 199 951 quod
220 889 302 931 nuno
335 871 476 932 remissio
499 871 639 954 plenaria
661 882 805 951 vocatur,
834 880 867 933 ut
887 879 973 954 patet
989 875 1034 934 in·

113 953 220 1014 tuenti.

194 1034 424 1097 Gonnludamus
446 1055 532 1117 ergo,
554 1037 637 1117 qnod
660 1056 796 1099 canones
818 1056 881 1098 non
903 1038 963 1098 nisi
985 1038 1033 1099 vi·

112 1117 264 1198 ventibus,
287 1137 347 1180 neo
367 1121 405 1180 iis
426 1120 488 1183 nisi
510 1121 592 1181 sanis
615 1127 648 1181 et
668 1119 841 1182 valentibus
852 1119 1034 1201 imponendi

113 1207 193 1279 sunt,
214 1202 277 1263 imo
300 1221 363 1263 non
386 1203 445 1262 nisi
467 1203 572 1282 pigris,
588 1209 627 1263 et
647 1205 699 1282 qui
715 1209 827 1284 sponte
848 1222 905 1264 aua
925 1203 1034 1265 melius

113 1303 207 1366 agere
228 1284 345 1345 nolunt.
388 1284 474 1345 Haeo
501 1291 585 1346 uerte
614 1304 677 1346 non
707 1292 768 1346 tam
790 1286 852 1347 late
874 1286 1033 1366 produxis-

114 1386 197 1442 sem,
227 1368 338 1428 sinon
360 1368 469 1428 aeirem
492 1367 641 1447 quosdam
665 1370 756 1429 nimis
780 1371 930 1430 tenaciter
951 1386 1033 1430 asse

112 1468 180 1511 rere
203 1451 398 1528 eontrarium,
421 1449 504 1530 quod
526 1456 629 1511 tamen
652 1451 736 1512 nulla
750 1452 942 1532 viaprobare
963 1469 1032 1533 pos·

112 1537 193 1609 aunt,
216 1551 288 1593 nam
311 1533 337 1593 ai
350 1551 418 1593 oum
432 1533 602 1613 ingeniosis
615 1540 646 1594 et
667 1533 791 1595 eruditis
806 1535 917 1596 vellem
929 1552 1032 1616 agere,

113 1614 223 1676 melius
245 1621 389 1691 tenerem,
412 1634 503 1695 quam
526 1615 678 1695 loquerer.
944 1680 946 1685 ,

194 1698 237 1758 At
256 1696 306 1758 hin
327 1698 410 1759 dieat
430 1698 556 1777 aliquis:
599 1698 651 1760 Sio
671 1699 702 1773 1)
735 1699 839 1760 disere
867 1705 914 1761 est
941 1700 1032 1761 nimia

113 1779 262 1841 viliiloare
283 1781 507 1862 indulgentias,
537 1782 563 1840 si
590 1782 690 1842 solum
711 1783 880 1843 canonicae
900 1801 1033 1863 poenae,

112 1882 172 1924 neo
193 1881 303 1924 omnes
325 1869 444 1941 tamen,
466 1882 526 1924 nee
547 1866 606 1924 nisi
627 1865 810 1926 huiusvitae
830 1866 1032 1927 remittuntur.

111 1945 318 2027 Respondeo:
341 1947 480 2007 Praestat
500 1947 577 2007 viles
598 1946 665 2007 fieri
685 1947 911 2029 indulgentius,
938 1966 1031 2030 quam

112 2047 234 2090 ornnem
256 2027 368 2090 christi
390 2030 542 2104 evacuari,
565 2034 596 2089 et
618 2030 726 2090 melius
750 2037 798 2090 est
817 2029 896 2090 viles
917 2029 1032 2091 babere

111 2111 329 2192 indulgentius,
353 2131 443 2192 qnam
465 2111 580 2191 aliquid
602 2113 633 2172 in
655 2112 786 2173 eeclesia
803 2111 926 2191 dooere,
949 2111 1032 2191 quod

112 2194 246 2256 flotionis
266 2196 366 2274 possit
388 2197 474 2276 argui
495 2195 527 2256 in
550 2195 701 2255 eeclesiae
720 2193 942 2256 confusionem.
963 2194 1032 2277 Ego

110 2296 186 2338 sane
206 2276 303 2339 libera
322 2279 424 2338 fronte
441 2276 592 2339 confiteor
608 2285 700 2356 atque
712 2284 876 2358 protestor,
898 2297 948 2338 me
966 2296 1029 2338 non

110 2378 299 2441 magnopere
322 2378 429 2421 onrare
450 2359 668 2442 indulgentias,
691 2359 793 2439 quoad
814 2362 1028 2422 remissionem

110 2462 280 2522 poenarum
306 2443 353 2523 (in
377 2461 438 2522 qua
458 2442 503 2503 illi
527 2443 594 2504 sola
608 2443 807 2524 gloriantur),
830 2443 883 2504 sed
899 2445 1032 2504 maxime

110 2544 252 2604 veneror,
274 2525 454 2606 amplector,
475 2526 614 2606 gratulor
635 2527 666 2586 in
689 2528 744 2603 eis,
766 2526 867 2606 quoad
879 2525 1031 2587 remissio·

111 2627 181 2669 nem
201 2608 326 2688 eulpae,
354 2608 522 2670 seeundum
551 2627 674 2669 sensnm
701 2628 802 2670 meum
831 2629 924 2690 supra
950 2609 1031 2688 posi·

111 2697 186 2769 tum,
209 2710 300 2770 quam
323 2690 367 2752 illi
389 2691 504 2751 nullam
527 2693 596 2752 esse
617 2698 727 2772 putant
752 2691 797 2771 ²).

193 2773 271 2835 Huic
300 2780 430 2835 oetavae
459 2773 600 2834 oblinitur
625 2775 720 2856 pugio
748 2791 825 2834 unus
860 2772 1031 2852 plumbeus,

112 2855 194 2935 quod
217 2856 361 2917 videlieet
394 2858 425 2916 in
447 2856 561 2918 iuribus
583 2857 750 2934 invenitur,
773 2857 864 2918 etium
888 2861 1028 2917 mortuos

110 2939 379 3018 excommunicari,
401 2946 434 2999 ut
455 2958 529 3021 prae
549 2940 659 3000 esteris
688 2945 817 3000 testatur
837 2938 905 2998 aA
927 2937 1029 3016 uobis,

112 3021 468 3083 extradesen.exoom.:
491 3020 589 3096 Quam
607 3022 762 3100 timebam,
784 3040 824 3083 ne
845 3020 1031 3081 etiaminve-

111 3104 169 3164 niri
190 3104 328 3166 dicerent
350 3123 469 3184 poenas
490 3103 667 3182 sensibiles,
688 3111 720 3165 et
741 3104 965 3166 satisfactiones
987 3104 1031 3163 in·

111 3185 175 3268 fligi
196 3187 332 3248 mortuis.
376 3187 418 3247 At
439 3186 519 3247 bene
541 3192 597 3262 est,
619 3187 701 3267 quod
724 3193 840 3249 tantum
854 3204 1029 3247 exeommu-

111 3270 207 3330 nioari
230 3269 373 3330 dixerunt
394 3276 543 3341 mortuos,
564 3270 608 3330 ite
630 3276 661 3330 et
673 3270 793 3332 absolvi
808 3274 957 3346 mortuos,
978 3282 1031 3328 ne-

112 3371 163 3412 mo
187 3353 308 3431 estqui
330 3359 434 3433 negat.
476 3350 537 3413 Sed
560 3352 633 3432 quid
660 3354 721 3414 ista
748 3352 901 3415 absolutio
924 3349 964 3410 ad
984 3368 1030 3412 re·

112 3435 290 3496 missionem
307 3433 498 3514 poenarum?
520 3435 676 3496 Haeneine
693 3443 741 3497 est
760 3434 814 3498 illa
833 3433 1031 3496 subtilissima

112 3515 291 3597 dialectice,
322 3519 389 3578 sine
422 3536 483 3598 qna
510 3517 624 3579 doeent
649 3537 712 3578 non
734 3517 800 3580 fieri
820 3514 1030 3598 theologum?

111 3600 191 3661 forte
211 3601 243 3660 in
255 3599 468 3682 quintafigura
486 3607 571 3663 tenet
590 3600 645 3661 illa
658 3602 889 3682 oonsequentia.
911 3598 1030 3679 Aliquis

117 3713 300 3722 α-ω--ι

149 3775 231 3871 illu
250 3776 292 3833 sd.
310 3776 385 3832 lan:
406 3779 439 3834 si.
477 3777 509 3848 2)
528 3779 612 3838 Ibin:
629 3785 736 3851 putent.
