2356 4200
182 266 247 333 480
477 270 554 326 Mart.
576 271 653 326 Lntlr.
674 272 804 326 Defensio

182 441 302 519 hannis,
323 443 389 502 iure
411 441 523 503 divino.
553 442 592 501 Et
614 441 736 502 ultimus
759 442 975 521 apostolorum
998 462 1016 502 a
1038 463 1106 523 pcn-

184 524 291 585 nltimo
313 532 446 605 regetur,
469 525 549 604 quin,
573 543 653 604 quse
674 525 753 584 ratio
771 525 860 604 primi
874 524 913 584 ad
928 525 1105 605 secundum,

185 607 296 669 eadem
319 610 375 668 erit
396 607 522 669 secundi
551 607 590 668 ad
621 608 752 668 tertium.
803 607 881 667 Tum
914 607 989 668 vide
1015 608 1106 668 cahos

184 710 329 772 magnum
359 691 565 771 quaestionis,
597 691 721 767 Petrus,
749 689 905 767 lacobus,
938 690 1105 770 lohannes,

183 792 240 834 auo
263 775 370 834 ordine
391 775 588 835 nominantur
608 773 861 853 frequentissime,
885 783 917 834 at
939 775 1047 837 Matth.
1074 778 1108 840 10

183 856 325 918 Andreas
347 858 448 918 loonm
471 857 639 918 secundum
662 855 772 933 habet,
794 854 955 936 Philippus
978 859 1107 933 tertium,

183 939 438 1001 Bartholomaeus
461 949 610 1019 quartum.

268 1023 328 1083 Sed
349 1025 436 1105 piget
456 1022 612 1104 pudetque
629 1041 678 1081 me
700 1029 761 1082 tam
777 1022 912 1082 insulsae
928 1023 1106 1083 dialecticae

184 1106 280 1184 Eccii,
303 1127 342 1166 ex
365 1107 480 1167 ordinis
503 1107 655 1186 primitate
676 1107 1048 1187 potestatemrcgiminis
1067 1108 1106 1165 in·

184 1189 317 1250 ferentis,
361 1189 439 1264 Quid
471 1196 534 1248 tum
563 1188 644 1249 dicet
672 1187 711 1248 ad
735 1188 862 1248 Paulum
886 1188 976 1249 Gala.
1000 1191 1037 1266 2,
1059 1191 1105 1268 qni

183 1272 304 1332 Petrum
336 1277 495 1352 postponit
516 1270 635 1331 Jacobo
667 1271 792 1348 minori,
829 1273 981 1351 episcopo
1005 1272 1106 1332 Hiero-

184 1355 396 1435 solymitanol-
428 1355 511 1434 Ergo
548 1353 684 1414 lacobus
723 1372 762 1412 cx
804 1356 1019 1415 nominatione
1054 1357 1107 1415 erit

183 1448 293 1515 rector,
317 1446 399 1498 tenet
422 1438 644 1516 consequentia
672 1435 711 1497 ab
733 1438 896 1497 autoritate
919 1438 1023 1514 Eocii,
1057 1457 1107 1519 per

185 1540 297 1582 novam
331 1520 532 1582 dialecticam.
570 1519 631 1581 de
659 1527 689 1579 et
715 1519 866 1579 Johannis
888 1522 940 1585 20.
968 1521 1106 1582 Andreas

184 1606 300 1684 primns
322 1612 354 1664 et
375 1605 550 1664 nominatur
582 1610 613 1663 et
635 1609 764 1663 vocatur
784 1609 855 1662 ante
876 1603 1013 1664 Petrum.
1056 1605 1108 1664 lta-

185 1705 245 1765 qne
267 1686 362 1763 vides,
383 1699 473 1765 quam
487 1687 587 1747 soleat
598 1686 708 1746 Eccins
731 1685 834 1746 indere
847 1686 878 1745 in
896 1689 993 1747 sacris
1006 1688 1107 1765 literis,

186 1768 315 1848 quodvis
334 1769 375 1828 ibi
398 1769 491 1850 aliud,
516 1781 614 1849 qnam·
631 1769 791 1829 veritatem
815 1787 978 1848 quaerens.

267 1852 371 1912 Tertio
394 1852 504 1932 probat
527 1853 636 1912 Eccius
668 1854 810 1931 egregius
832 1851 965 1913 cundem
1001 1855 1108 1935 prima·

185 1941 248 1994 tum
271 1954 311 1994 ex
333 1935 486 1995 solutione
508 1935 625 2011 tributi,
647 1933 753 1995 Matth.
776 1938 824 1998 17.
857 1934 924 1995 Nisi
948 1947 1035 1998 esset
1054 1935 1107 1997 sibi

185 2017 224 2078 de
246 2037 350 2078 errore
373 2027 404 2077 et
425 2017 544 2077 defectu
560 2017 694 2077 veritatis
706 2019 860 2093 conscius,
882 2025 1027 2098 putasne,
1049 2027 1107 2080 tam

186 2102 287 2178 anxie,
309 2109 369 2161 tam
387 2099 513 2160 ridicule
530 2107 693 2182 quaereret
707 2099 873 2180 suffragia?
895 2100 1030 2177 Quantis
1043 2111 1109 2184 eget

186 2184 390 2260 mendacium,
414 2191 447 2243 ut
470 2202 577 2243 verum
600 2183 745 2244 videatur.
788 2183 851 2243 lsta
868 2203 945 2244 sane
969 2189 1107 2246 anxietas

184 2269 258 2327 satis
282 2287 422 2346 magnum
446 2273 657 2346 argumentum
681 2273 742 2349 eat,
766 2285 800 2326 se
817 2273 895 2327 teste
918 2271 1108 2330 conscientia

186 2352 361 2429 suscepisse
384 2350 535 2409 mendacii
557 2350 772 2430 patrocinium.
806 2349 874 2409 Non
898 2361 973 2431 eget
997 2355 1106 2412 veritas

184 2433 408 2513 simplicissima
442 2441 472 2492 et
501 2439 607 2512 aperta
641 2440 702 2491 tam
731 2433 858 2492 extortis
893 2453 931 2493 ac
965 2435 1107 2496 violentis

185 2517 346 2596 suffragiis,
370 2514 423 2575 sed
446 2517 514 2595 ipsa
533 2515 590 2575 sibi
613 2516 686 2575 satis
708 2522 763 2575 est.

573 2643 621 2703 Ad
644 2663 717 2705 rem.

200 2811 217 2835 ,
267 2763 387 2821 Gratias
412 2762 520 2842 anm,
554 2760 636 2840 quod
659 2761 779 2820 Petrum
809 2761 907 2821 solnm
941 2769 1107 2841 aequatum

184 2843 304 2902 Christo
328 2843 400 2902 dicit
421 2846 452 2903 in
474 2844 585 2903 tributo
609 2842 700 2920 dato,
734 2863 803 2903 nam
839 2863 920 2902 nnnc
950 2843 1108 2920 discimus,

182 2925 303 2983 Petrum
318 2925 438 2987 Christo
451 2927 621 3005 aequalem,
643 2928 730 2986 cuius
751 2928 834 3005 prius
853 2926 1019 2986 didicimus
1042 2948 1109 2988 esse

183 3006 355 3067 inferiorem
379 3016 410 3068 et
431 3010 587 3085 vicarium,
609 3010 652 3069 ita
673 3010 703 3068 in
727 3009 851 3069 arbitrio
873 3017 921 3069 est
942 3010 1048 3090 Eccii,
1070 3030 1108 3072 ex

183 3087 273 3150 Petro
297 3089 399 3151 secere
422 3092 626 3170 quodcunque
649 3093 747 3150 visum
771 3099 826 3152 est.

266 3172 421 3250 Obsecro,
459 3194 512 3234 cur
533 3193 594 3235 non
618 3174 694 3234 vidit
716 3182 769 3235 aut
797 3174 908 3235 oblitus
933 3185 998 3253 est,
1028 3178 1108 3257 quod

183 3256 352 3333 aequalitas
372 3258 535 3336 passionis,
559 3258 728 3335 aequalitas
743 3259 970 3334 miraculorum,
997 3279 1109 3339 aequa-

182 3337 250 3396 litas
273 3338 355 3398 verbi
378 3348 407 3398 et
430 3340 524 3399 multa
538 3341 606 3417 alis,
629 3341 753 3401 Petrum
769 3341 1108 3421 nonsecitprincipem,

181 3439 308 3497 quarum
333 3422 487 3501 quaelibet
509 3423 604 3483 multo
627 3425 725 3485 maior
747 3431 800 3494 est,
824 3443 916 3504 quam
937 3427 1111 3505 aequalitas

181 3503 282 3563 tributi
306 3503 391 3564 dati?
420 3505 474 3564 scd
509 3514 539 3566 et
568 3525 675 3567 omnes
703 3507 843 3568 homines
866 3509 1016 3588 aequales
1038 3520 1109 3570 sunt

171 3585 209 3644 in
231 3585 436 3666 humanitate,
470 3607 549 3667 quae
581 3595 628 3649 est
650 3592 786 3650 omnium
808 3610 930 3651 summa
952 3598 985 3651 et
1008 3592 1107 3653 admi·

179 3668 277 3728 tanda
298 3670 478 3755 aequalitas,
502 3691 541 3731 ex
565 3691 625 3751 qua
648 3675 748 3733 omnis
762 3674 894 3754 dignitas
918 3674 1110 3754 hominibus,

179 3756 333 3812 ettamen
356 3752 431 3812 nulli
460 3772 500 3813 ex
521 3754 581 3815 hac
601 3758 738 3835 sequitur
763 3759 913 3836 primatus
936 3760 1110 3839 regiminis.
