2356 4200
387 274 416 328 F.
437 273 563 331 silvestri
582 275 733 330 mansus.
966 272 1029 342 375

181 441 237 504 sil.
266 442 355 519 Quae
382 451 431 506 est
463 447 532 507 ista*
560 464 643 506 nova
664 445 858 527 ignorantia
888 452 942 507 tua
976 450 1030 520 (at

99 545 169 588 mam
193 527 358 590 stomacho
381 528 530 610 loquar),
561 535 595 590 ut
616 535 721 609 putea,
749 524 837 609 qnbd
858 528 943 590 Deus
962 527 1028 591 inss-

100 610 166 671 nita
198 609 345 683 cantate,
367 628 424 672 sua
458 612 591 685 (iustitia
622 611 668 671 sic
696 613 858 693 exigente)
893 613 1027 675 animan

101 692 247 755 mancius
269 693 301 754 in
324 693 379 755 tali
400 695 599 756 necessitate.
615 695 826 773 constituerit,
856 700 889 756 at
915 694 1027 757 deinde

97 775 184 837 nulla
205 775 290 838 iacta
309 777 484 839 mutatione
506 797 546 839 ex
566 784 656 860 parte
677 777 735 838 Ilei
757 777 808 838 vel
829 777 953 839 animae
974 776 1025 840 (le-

96 857 169 920 beat
189 877 259 920 eam
281 865 321 920 eir
344 860 398 920 tali
420 860 608 921 necessitate
636 858 790 921 educere?
837 859 1027 922 Interveniat

97 960 173 1023 ergo
196 960 292 1002 causa
319 943 427 1022 aliqua
454 961 585 1005 necesse
611 949 671 1022 est,
701 949 736 1004 ut
762 943 899 1004 clament
925 944 1025 1005 sancti

97 1024 250 1102 universi,
273 1026 299 1086 si
320 1025 380 1086 Dei
400 1027 517 1088 iustitia
537 1031 592 1087 ant
612 1024 783 1087 relaxanda
804 1028 942 1107 penitus,
970 1033 1026 1088 ant

97 1112 183 1168 certe
205 1107 377 1189 mitiganda
397 1115 462 1188 est,
491 1127 571 1188 quae
592 1127 688 1169 causa
708 1128 772 1170 non
795 1129 835 1171 cx
855 1116 945 1190 parte
964 1109 1023 1191 Dei
1085 1132 1087 1139 ’

96 1189 310 1335 lillbniabffi'
332 1193 414 1252 anim
435 1195 519 1271 est),
549 1191 605 1252 sed
632 1210 672 1253 ex
701 1197 790 1273 parte
809 1192 930 1254 animae
951 1212 1024 1274 pen·

177 1291 198 1333 a
219 1279 275 1335 cat.
765 1316 769 1325 -
874 1279 880 1304 ²
1043 1297 1044 1301 ¹

181 1355 239 1434 85)
270 1357 360 1418 Mart
393 1356 490 1435 Item,
526 1374 580 1418 cur
613 1375 756 1418 canones
781 1357 1021 1438 poenitentiales

95 1438 230 1519 reipsa,
251 1446 283 1500 et
303 1459 367 1502 non
388 1442 490 1517 usu*)
513 1441 544 1500 in
567 1445 667 1501 semet
686 1439 828 1522 abrogati
849 1448 882 1503 et
901 1441 1023 1522 mortun,

97 1519 202 1582 adhuc
222 1527 323 1584 tamen
346 1523 484 1604 pecuniis
504 1521 694 1595 redimuntur
714 1542 770 1604 per
787 1525 1021 1586 concessionem

96 1602 152 1664 ind
226 1605 358 1679 ntiamm
379 1613 522 1685 tanquam
545 1594 740 1670 vivacissimi.
990 1648 993 1653 -

203 1687 236 1750 il.
258 1687 342 1749 Visis
366 1687 614 1750 conclusionibus
637 1689 714 1765 tuis,
741 1689 888 1768 Martiae,
909 1688 1004 1752 doctu

96 1769 172 1830 mibi
194 1771 295 1850 primo
316 1779 443 1852 aspectu
464 1773 548 1833 visus
572 1791 622 1850 es,
652 1771 734 1833 dicta
754 1790 830 1834 varo
852 1779 904 1835 tus
926 1792 1018 1835 exac-

96 1853 162 1914 tius.
178 1855 381 1934 perscrutanti
400 1854 477 1915 mibi
498 1854 611 1915 videris
632 1856 707 1916 satis
734 1874 877 1936 grossus,
906 1857 1020 1938 quippe

96 1935 152 2015 quii
172 1931 239 1997 nori
257 1935 375 2016 videas,
396 1936 490 2016 quod,
510 1937 584 1998 licet
604 1934 741 1999 mannes
753 1937 904 1999 eiusmodi
915 1938 1018 2018 quoad

95 2017 129 2079 id
150 2018 212 2079 sint
232 2015 389 2101 abrogati,
417 2019 501 2100 quod
522 2019 691 2081 secundum
714 2021 785 2082 illos
806 2021 1019 2102 poenitentiae

96 2120 161 2162 non
182 2109 255 2162 sunt
275 2105 452 2164 necessario
475 2102 682 2184 imponendae
700 2103 926 2185 peecatoribus,
948 2123 1017 2166 cunr

95 2182 192 2247 hodie
214 2185 276 2245 sint
298 2205 406 2246 omnes
428 2186 622 2264 arbitrariae,
656 2204 719 2247 non
750 2194 854 2247 tamen
876 2186 1017 2268 abrogati

96 2273 337 2348 suntquantum
359 2268 496 2348 adhoc,
525 2276 559 2328 ut
585 2275 688 2330 reatus
716 2268 756 2330 ad
779 2289 913 2350 poenam
933 2270 1020 2331 iuxta

95 2369 153 2412 ecs
175 2350 341 2412 taxandam
364 2371 426 2413 non
449 2357 582 2430 maneat,
604 2352 663 2412 nisi
680 2351 759 2414 forte
774 2352 886 2414 alicubi
899 2351 1021 2414 divinae

94 2433 230 2495 iustitiae
253 2453 427 2495 mensnram
450 2434 604 2495 excedant
625 2434 695 2514 plus
716 2437 796 2496 iusto
815 2436 1022 2516 imponentes,

94 2522 129 2577 et
148 2524 296 2596 quantum
324 2517 363 2577 ad
390 2519 483 2578 istum
510 2525 629 2579 reatum
664 2537 785 2598 poenae
815 2519 969 2580 viventem
992 2526 1023 2578 et

95 2599 245 2680 ligantem
266 2599 465 2661 redimuntur.
514 2599 604 2662 Unde
634 2601 688 2661 tibi
709 2621 766 2682 pro
788 2602 896 2683 regula
917 2601 1030 2669 obses,

94 2681 232 2743 vandum
253 2688 317 2760 est,
345 2682 429 2763 quod
451 2683 585 2744 ecclesia
605 2683 748 2744 Romana
770 2685 849 2745 siout
870 2685 902 2745 in
925 2684 1019 2762 dioto,

96 2765 141 2825 ita
164 2772 194 2825 et
214 2766 246 2824 in
268 2767 351 2828 lacto
375 2785 430 2827 suo
453 2786 515 2827 non
537 2766 653 2826 fallitur
671 2766 787 2847 infide,
810 2766 1020 2845 camoribus,

95 2847 212 2928 alioqui
233 2868 253 2908 a
273 2849 324 2909 via
345 2849 452 2911 salutis
474 2848 608 2910 aberras.

180 2931 239 3009 86)
273 2931 361 2994 Mart.
387 2932 482 3008 item,
505 2950 558 2992 aar
578 2950 677 3013 papa,
705 2931 789 2992 cuius
818 2951 894 3014 opes
926 2931 1020 2993 bodie

97 3018 172 3074 sunt
187 3014 429 3094 opulentissimis
452 3013 570 3074 Crassis
593 3015 775 3087 crassiores,
804 3034 867 3077 non
895 3014 934 3076 de
955 3016 1018 3076 suis

94 3096 235 3176 pecuniis
257 3095 366 3178 magis,
387 3117 481 3177 quam
492 3116 660 3178 pauperum
678 3096 814 3159 fidelium
825 3099 914 3158 struit
925 3117 1016 3158 unam

17 3220 20 3226 -
95 3187 213 3241 tantum
235 3179 393 3241 basilicam
416 3181 516 3242 sancti
539 3180 708 3255 Petri?**)

179 3261 233 3324 sil.
255 3262 316 3324 Ubi
338 3263 453 3324 multae
474 3262 616 3341 divitiae,
645 3263 687 3323 ibi
719 3260 843 3345 (divino
869 3263 1019 3344 scriptura

95 3349 192 3420 teste)
218 3345 414 3424 multisunt,
448 3347 499 3425 qui
520 3345 688 3406 comedunt
708 3346 795 3422 illas,
822 3352 855 3406 ct
883 3346 963 3406 sorte
986 3345 1017 3408 S.

94 3427 246 3488 Dominus
279 3435 385 3490 noster
411 3449 468 3510 pro
499 3447 556 3489 suc
585 3428 682 3509 gradu
710 3435 742 3490 et
774 3430 936 3490 maiestate
970 3436 1018 3491 cst
1110 3440 1113 3456 ¹

94 3511 262 3591 pauperior
283 3517 323 3590 te,
346 3513 395 3573 cni
417 3512 443 3572 si
465 3529 574 3572 census
596 3520 680 3572 esset
701 3512 839 3592 exignus,
861 3513 940 3573 forte
953 3511 1015 3574 non

309 3653 518 3664 *οη-

152 3712 183 3774 ·)
215 3710 246 3764 ln
275 3711 340 3764 edit.
367 3712 427 3766 Jen.
456 3712 581 3766 additum
608 3716 665 3766 est:
691 3713 746 3764 iam
767 3711 823 3765 diu.
864 3714 912 3780 ¹2)
933 3713 1016 3768 Ibid.:

96 3798 182 3837 unam
200 3781 345 3839 basilicam
365 3782 394 3836 S.
413 3783 486 3839 Petri
505 3782 706 3839 tantummodo.
794 3833 797 3841 .
