2356 4200
116 276 180 349 492
428 280 506 334 blant
524 279 600 334 turn.
618 276 751 334 Dofafflo

117 452 317 535 Augustinus,
338 451 539 526 Ambrosius,
561 457 594 511 et
614 450 789 531 quicunque
809 450 911 510 saneti
930 449 1045 527 Patres,

117 537 170 679 pui
192 535 224 597 S.
244 534 368 597 Petrum
391 553 483 616 super
505 552 612 594 omnes
640 533 810 610 extollunt,
831 533 962 595 honoris
985 535 1044 615 qui·

140 636 189 680 em
212 624 324 679 omant
344 619 523 698 praeconio,
545 616 600 678 sed
621 635 680 677 nee
694 621 882 697 potestatem
907 618 936 677 ei
958 635 1047 698 super

57 757 62 766 .
118 719 228 763 omnes
249 701 394 762 tribuunt.
426 700 494 760 Nee
513 701 573 780 ipsi
603 698 636 760 in
658 699 722 760 vita
742 699 887 760 Romano
910 699 1046 781 pontiliai

118 783 230 845 subditi
263 784 407 860 fuerunt,
437 802 496 843 nee
524 801 657 863 unquam
692 781 732 843 de
780 783 895 844 rimatu
915 782 1045 844 Romani

117 865 273 947 pontilicis
295 866 409 945 aliquid
432 867 656 944 meminerunt,
689 802 779 946 quod
802 871 908 927 tamen
937 865 1045 927 Eooius

118 951 182 1009 suis
203 948 303 1010 ioedis
324 948 551 1010 adulationibus
573 955 604 1009 et
621 948 893 1028 depravationibus
914 955 1046 1011 statuere

140 1032 247 1092 uaerit.

119 1049 139 1112 q
200 1114 304 1175 Tertio
326 1114 547 1195 Hieronymum
574 1114 691 1175 inducit
719 1120 828 1174 eontra
850 1114 1045 1196 Pelagianos,

118 1196 189 1278 quid
212 1197 333 1258 Platoni
355 1204 387 1259 et
407 1197 523 1258 Petro?
554 1197 596 1258 Ut
612 1197 665 1259 ille
688 1197 944 1278 philosophorum
970 1199 1045 1278 prin-

118 1298 201 1360 oeps,
225 1281 269 1341 ita
289 1281 339 1341 hio
360 1281 573 1361 apostolorum
597 1280 663 1358 fuit,
685 1299 778 1360 super
798 1298 892 1359 quem
915 1281 1046 1343 eoelesia
1074 1310 1078 1316 ·

3 1378 11 1393 ·
119 1363 243 1424 Domini
265 1363 366 1425 stabili
382 1363 467 1424 mole
487 1362 616 1424 fundata
638 1369 693 1427 est.

199 1446 399 1526 Respondeo‚
421 1446 525 1526 planet
537 1445 714 1524 similitudo,
728 1445 782 1506 sed
798 1445 937 1525 nunquid
948 1445 1046 1522 Plato,

117 1528 373 1610 philosophorum
385 1531 538 1610 princeps,
560 1549 635 1591 mox
655 1547 748 1609 super
768 1527 975 1609 philosophos
996 1528 1045 1590 do·

118 1613 250 1673 minatus
273 1619 321 1673 est
352 1613 419 1673 iure
439 1612 627 1693 potestatis?
661 1612 749 1691 Non,
779 1610 834 1672 sed
861 1611 1047 1673 excellentia

118 1693 278 1756 doetrinae
310 1702 342 1755 et
361 1696 500 1757 honoris.
531 1695 578 1756 lte
597 1696 706 1756 Petrus
734 1694 880 1775 prineeps
909 1712 974 1756 uon
994 1713 1046 1776 po·

118 1783 245 1855 testate,
278 1777 333 1838 sed
355 1777 475 1839 honore
497 1779 654 1859 primatus.
690 1776 732 1839 Et
751 1777 835 1858 quod
863 1795 1044 1857 supereum

117 1858 292 1920 adirioatam
314 1861 480 1922 ecelesiam
503 1862 595 1935 dioit,
622 1880 728 1921 verum
756 1866 804 1921 est
824 1878 918 1920 sensu
941 1879 1045 1922 neonu-

118 1940 215 2023 dario,
238 1949 386 2024 utsupra
410 1944 482 2023 dixi,
504 1944 640 2024 alioquin
663 1950 695 2004 et
716 1944 784 2024 ipse
804 1943 913 2004 Petrus
936 1945 1045 2024 prima·

118 2026 163 2087 rio
187 2046 289 2106 sensu,
313 2046 381 2087 oum
405 2029 445 2087 sit
467 2046 538 2108 pars
561 2027 712 2088 ecelesiae
728 2035 962 2106 superpetram,
984 2044 1045 2088 non

117 2127 211 2189 super
237 2110 395 2190 seipsum
432 2110 611 2171 aeditioatus
641 2115 705 2181 est.¹
725 2109 848 2170 Abusus
882 2115 931 2170 est
951 2109 1045 2171 verbo

118 2193 270 2274 evangelii
279 2193 486 2273 Hieronymus
508 2193 672 2272 hocloco,
694 2194 746 2272 qui
768 2191 840 2253 alibi
857 2194 1045 2254 eontrarium

117 2273 201 2354 dioit,
225 2277 420 2356 evangelium
441 2277 646 2355 interpretans
669 2275 843 2336 exanimo.

201 2357 317 2434 Quarto
351 2358 606 2439 Chrysostomum
635 2358 741 2421 Matth.
765 2361 811 2423 16.
841 2354 923 2432 Quid
956 2358 1047 2439 igitur

116 2443 239 2515 Petrus,
274 2442 410 2502 omnium
441 2441 654 2522 apostolorum
684 2461 720 2502 os
757 2447 788 2500 et
815 2448 925 2501 vertex
953 2442 1045 2502 totius

117 2525 274 2603 consortii,
297 2523 475 2586 sublimiora
495 2526 596 2605 ipsum
607 2543 716 2605 sapere
737 2524 818 2602 feeit,
841 2530 873 2584 et
892 2523 1046 2587 eoolesiae

115 2608 235 2669 futuros
256 2614 412 2688 pastorem
435 2609 609 2685 constituit,
633 2614 664 2668 et
684 2607 771 2685 infra,
793 2606 876 2666 huno
898 2608 1046 2669 universo

115 2698 263 2753 terrarum
282 2690 348 2752 orbi
371 2690 507 2750 Christus
530 2690 688 2770 praefsoit.

198 2774 283 2834 Haeo
307 2775 331 2833 si
354 2773 507 2853 intelligat
529 2772 568 2833 de
583 2773 747 2853 potestatis
770 2772 845 2848 iure,
868 2772 936 2832 sine
960 2780 1047 2834 auto·
1070 2843 1074 2851 ‚

115 2857 205 2917 ritate
228 2855 377 2936 dicuutur,
401 2857 472 2936 quia
492 2855 588 2916 verba
609 2855 720 2916 Christi
742 2855 803 2915 hoo
825 2872 889 2916 non
918 2855 1047 2934 habent,

115 2943 149 2997 ut
170 2956 263 3015 supra
285 2936 357 3002 dixi.

198 3018 350 3098 Secundo,
372 3022 443 3101 quio
457 3021 698 3101 chrysostomus
720 3021 787 3100 ipse
807 3038 872 3080 non
896 3021 1047 3101 servavit,

115 3100 273 3244 orppnatus
296 3104 462 3185 episeopus
484 3123 504 3163 a
524 3103 698 3184 Theophilo
710 3102 961 3183 Alexandrino,
984 3123 1047 3166 uon

114 3202 134 3243 a
183 3202 308 3246 omano.

196 3267 311 3347 Tertio,
334 3270 407 3348 quin
428 3268 548 3328 etiamsi
560 3269 667 3329 Petrus
680 3269 750 3329 talis
772 3274 864 3346 esset,
887 3286 953 3330 non
974 3269 1048 3331 ideo

113 3349 272 3411 Romanus
295 3352 434 3431 pontifex
456 3351 526 3411 tulis
549 3357 652 3430 esset,
676 3358 740 3412 tum
763 3351 845 3430 quod
868 3352 1047 3432 spostolus,

113 3432 167 3494 ille
191 3434 372 3515 episeopus,
395 3440 459 3494 tum
482 3433 565 3513 quod
588 3440 735 3513 senatus,
757 3434 812 3495 ille
833 3433 912 3494 lorta
936 3453 1049 3514 peona·

114 3519 171 3576 tor.
200 3513 304 3590 Quare
333 3536 457 3577 sensum
486 3516 722 3598 chrysostomi,
756 3536 796 3578 ne
826 3534 895 3576 aum
918 3535 1048 3596 prasos

112 3596 255 3659 dentibus
277 3606 405 3680 pugnet,
426 3599 525 3679 probo
548 3606 579 3661 at
601 3608 742 3682 aooepto,
766 3599 849 3680 quod
872 3599 985 3660 Petrus
1008 3619 1047 3663 os

111 3680 325 3760 apostolorum
348 3684 422 3762 luit,
450 3701 488 3743 ao
509 3703 566 3766 per
596 3683 658 3744 hoa
679 3703 743 3744 non
775 3684 808 3743 in
830 3701 888 3743 sua
907 3699 1049 3762 persona

111 3760 234 3826 loeutus
257 3770 320 3847 est,
343 3765 522 3859 obaudivit,
549 3765 617 3830 'libi
640 3765 722 3831 dabo
743 3771 820 3849 eta,
841 3766 887 3828 ita
906 3767 1049 3848 praessa
