2356 4200
408 296 427 332 a
445 281 519 350 Papa
537 279 572 334 ad
592 280 753 350 Concilium.
983 278 1044 344 437

126 466 164 510 a
195 432 285 509 sut
315 447 552 511 flectendorttus
586 449 658 513 roso.
691 450 768 511 haee
800 449 903 511 trare:
936 449 1045 528 „auru

126 530 205 591 haec
233 532 299 592 sive
319 531 409 594 Nave
429 532 602 593 Decretalis
631 533 703 594 data
722 533 843 595 Romae
864 532 893 592 V
910 530 957 594 ld.
979 533 1045 601 sive

125 613 158 674 d.
181 616 210 677 9.
232 613 397 676 Novembr.
420 614 575 695 publicata
598 622 645 677 est
666 636 685 676 a
706 614 871 694 Cardinali,
892 614 931 675 ad
953 634 1043 695 quem

126 695 242 759 directa
265 704 338 776 erat,
363 698 458 758 Linzii
478 699 510 757 in
528 699 652 759 Austris
674 698 703 761 d.
728 700 775 764 t3.
790 698 865 759 Dec.
891 699 981 764 1518.
1013 701 1042 758 ln

125 779 184 840 hac
213 786 302 841 caute
332 782 447 841 omissa
467 781 590 842 Lutheri
623 782 781 843 mentione
813 782 940 862 eiusque
969 782 1044 842 anti·

126 862 205 923 thesi
227 869 293 923 tota
315 862 353 923 de
374 863 566 944 indulgentia
588 861 740 940 doctrina,
761 871 876 944 quanta
897 863 951 924 illa
972 883 1043 943 qua·

126 946 224 1024 lisque
246 946 284 1006 ab
307 947 558 1026 immemorabili,
582 953 614 1007 ut
636 948 779 1007 Pontifex
800 947 947 1025 loquitur,
970 952 1044 1007 tem·

126 1047 217 1109 pore,
246 1027 276 1089 id
307 1035 370 1107 est,
405 1030 430 1089 si
460 1030 498 1090 ab
522 1037 623 1090 aetate
644 1031 794 1091 Bonilacii
815 1029 885 1090 VIII
918 1031 1045 1109 eiusque

125 1111 277 1190 iubilaeo,
300 1111 383 1191 quod
405 1112 547 1174 Clemens
571 1113 611 1174 Vl
632 1133 689 1194 pro
718 1112 917 1173 fundamento
939 1112 1045 1174 habuit

126 1194 263 1274 (priores
286 1196 367 1256 enim
389 1193 554 1276 Pontifices
575 1215 613 1256 eo
636 1215 732 1275 usqne
756 1197 910 1276 progressi
930 1195 961 1254 in
985 1195 1043 1256 dis·

124 1276 290 1339 tributione
328 1276 587 1358 indulgentiarum
618 1297 680 1340 non
714 1278 867 1358 inerant),
893 1277 1043 1338 calculum

124 1359 281 1439 ducamus,
303 1362 396 1441 paulo
437 1361 504 1441 plus
540 1380 632 1439 quam
655 1382 674 1421 a
702 1361 841 1422 ducentis
878 1362 967 1420 annis
1000 1362 1043 1420 in·

124 1443 273 1520 valuerat,
295 1445 362 1504 sine
382 1444 467 1504 omni
488 1444 710 1521 moderatione,
729 1444 785 1505 sub
797 1433 900 1524 poena
922 1462 1043 1505 excom

125 1527 363 1605 munioationis,
385 1545 474 1605 quam
512 1535 641 1606 vocant,
673 1527 780 1607 latae
802 1527 1042 1601 sententiae,

123 1609 295 1690 praedicari
314 1609 466 1671 iubetur.“
507 1609 587 1671 Hinc
609 1614 695 1689 patet
717 1610 1042 1690 Appellationem

124 1691 247 1760 lutheri
268 1691 308 1753 ad
330 1691 500 1757 Concilium
524 1712 586 1755 non
610 1693 773 1759 excitatam
796 1711 883 1762 esse,
906 1693 935 1752 id
959 1691 1041 1773 quod
1159 1759 1164 1767 ,

124 1774 264 1836 nonnulli
287 1776 450 1856 opinantur
475 1775 646 1852 (Loescher
666 1775 734 1838 eet.
749 1775 831 1835 Acta
851 1775 880 1835 II
901 1795 931 1854 p·
949 1778 1041 1850 500),

124 1857 183 1919 hac
203 1857 295 1919 Bulla
315 1858 442 1919 Leonis:
477 1858 506 1919 id
536 1858 618 1918 enim
646 1866 797 1938 repugnat
819 1865 879 1918 tam
904 1858 1042 1937 epistolis

123 1940 257 2019 lutheri,
280 1960 355 2020 ques
378 1940 472 2001 modo
495 1940 697 2023 laudavimus,
720 1959 812 2020 quam
826 1940 1041 2020 appellationis

123 2024 220 2103 ipsius
242 2030 273 2083 et
293 2025 426 2105 tempori
448 2029 479 2084 et
499 2032 690 2104 argumento.
778 2063 783 2071 -

206 2106 280 2167 Ilius
306 2107 413 2168 Bullae
442 2113 559 2169 textum
589 2126 682 2187 supra
708 2105 895 2168 reddidimus
924 2124 964 2166 ex
993 2103 1041 2175 sd.

123 2188 346 2269 Opp.Luthe1i
369 2189 495 2250 lenensi
517 2190 528 2249 l
551 2193 664 2271 p.217‚
688 2195 805 2251 textum
815 2186 1042 2268 Appellationis

122 2271 331 2333 mandendum
365 2274 537 2333 curavimus
566 2271 734 2333 secundum
770 2271 936 2333 editionem
962 2270 1042 2351 prin-

124 2354 913 2523 tttt’etttltttt,tt‘lttttttttttt
935 2351 1042 2496 tlt

914 2483 922 2514 l

124 2520 228 2581 titulus
249 2521 301 2582 hio
322 2527 385 2581 est:

206 2603 386 2685 Appellatio
400 2603 491 2666 FRA.
504 2603 627 2664 Martini
637 2603 750 2664 Luthsr
767 2602 806 2664 ad
816 2601 999 2677 Concilium,
1012 2601 1041 2663 4.

124 2685 158 2746 ln
181 2685 257 2747 tituli
281 2687 395 2767 pagina
417 2705 475 2746 nec
496 2687 584 2747 locus
599 2684 930 2747 necannus'mdicatur
950 2689 1043 2763 atque

123 2770 154 2828 in
177 2767 240 2838 fine
260 2769 473 2838 tautummodo
496 2769 622 2850 legitur:
654 2769 753 2847 Finis,
786 2771 817 2828 in
839 2766 918 2829 tituli
939 2773 1040 2827 autem

123 2852 239 2932 pagina
258 2852 450 2932 inscriptioni
479 2852 539 2932 ipsi
569 2852 704 2913 additum
738 2857 786 2912 est
812 2852 931 2932 siguum
955 2855 1042 2930 typo-

180 2934 302 3014 plu'cum
325 2936 493 2995 transversi
514 2935 596 3016 folii,
619 2935 710 3014 quala
731 2935 763 2994 in
786 2931 911 2995 officina
930 2932 1043 2993 Adurni

147 3018 204 3079 etri
220 3017 396 3079 Basiliensis
408 3017 659 3097 inscriptionibus
671 3017 814 3078 librorum
828 3016 901 3077 addi
912 3013 1042 3076 solebat.

162 3161 167 3169 ,
206 3100 441 3162 Vetustissimae
453 3099 542 3160 huius
553 3099 780 3181 Appellationis
796 3097 947 3160 editiones
959 3104 1042 3158 sunt:

205 3182 383 3264 Appellatio
415 3183 517 3244 fratris
545 3183 707 3244 Martini
728 3181 873 3243 buther
900 3180 940 3242 ad
963 3178 1042 3241 (lou-

124 3265 237 3328 ciliuar.
279 3265 512 3346 Wittenbergae
533 3265 626 3327 Anno
657 3285 677 3325 a
697 3266 857 3326 nativitate
879 3263 1042 3324 lllillesimo

125 3349 370 3430 quingentesimo
393 3349 514 3410 decimo
544 3357 655 3411 octavo
689 3347 740 3408 die
761 3349 910 3428 vigesima
929 3352 1043 3405 octava

123 3432 241 3492 Mensis
263 3431 457 3509 Novembris,
479 3432 508 3494 4.
534 3432 669 3507 (Panaer
688 3430 741 3510 IX,
762 3435 831 3507 71.)

79 3563 87 3569 ·
208 3513 371 3593 depotatio
394 3513 425 3588 ὗ.
450 3514 577 3578 utcrttni
599 3513 700 3590 latter
724 3517 758 3576 ab
781 3511 949 3577 tantillum.
972 3512 1020 3573 t„

207 3595 300 3670 Haec,
314 3595 419 3675 editio,
443 3615 523 3677 quae
544 3618 585 3660 ex
597 3604 728 3678 quatuor
748 3597 830 3659 foliis
851 3595 940 3656 form.
957 3610 1043 3673 quar·

125 3687 188 3741 tan.
211 3685 351 3758 emetat,
374 3698 501 3760 quorum
523 3680 632 3743 ultima
664 3680 779 3762 pagiua
805 3678 889 3740 nuda
917 3683 979 3754 cet,
1009 3681 1042 3737 et

125 3781 207 3844 quse
232 3782 292 3825 nec
312 3762 384 3835 loco
413 3781 473 3831 nec
492 3780 576 3826 auno
603 3763 738 3826 indicato
767 3761 899 3845 prodiit,
929 3766 976 3831 tar
996 3763 1045 3829 nt
