2356 4200
126 265 190 332 204
379 268 573 323 Resolutioust
591 269 700 340 Disput.
721 271 797 324 Loth.

121 424 206 497 ¹vitus
229 437 362 502 moritur.
394 437 526 498 Tantum
548 444 649 498 autem
672 445 790 517 peccat,
812 444 961 517 quantum
984 458 1048 501 non

128 518 231 581 obedit
254 519 401 580 voluntati
422 520 496 598 Dei,
525 520 595 581 ideo
617 521 788 582 rarissimus
811 529 873 598 est,
901 522 954 600 qui
976 529 1051 602 post

9 656 16 675 ,
128 621 234 665 omues
259 603 362 663 venias
384 621 445 662 non
467 604 559 664 etiam
587 604 616 662 in
648 611 745 664 morte
772 612 895 684 peccet,
929 605 989 664 nisi
1017 605 1056 684 ii,

125 686 178 764 qui
200 685 324 765 cupiunt
348 685 490 762 dissolvi,
524 697 555 746 et
578 694 690 746 vocant
713 695 850 747 mortem.
893 687 994 767 Igitur
1016 695 1050 748 ut

126 787 187 828 non
211 769 336 828 omuino
359 786 427 828 eum
450 769 494 828 eis
516 768 698 846 discordem,
721 765 908 851 dico,'quod
931 769 1048 850 siquis

128 851 166 910 sit
187 850 321 930 perfecte
343 852 490 911 contritus
521 849 569 934 (id
591 859 654 929 est,
688 851 795 912 odiens
824 871 859 912 se
886 852 1047 932 vitamque

125 953 212 994 suam
235 940 265 993 et
287 953 405 994 summe
427 933 555 1013 diligens
587 934 732 1015 mortem)
767 935 867 994 statim
899 933 1050 1013 evolabit,

125 1017 258 1077 remissis
280 1016 337 1075 sibi
359 1017 487 1096 poenis,
510 1017 563 1077 sed
588 1025 699 1096 quotus
721 1019 759 1076 sit
779 1018 845 1093 hic,
866 1024 899 1077 tu
921 1017 1049 1080 videris.

420 1211 635 1274 Conclusio
658 1213 752 1276 XXV.

209 1338 337 1414 Qualem
356 1345 539 1419 potestatem
561 1339 655 1401 habet
676 1360 759 1421 papa
773 1341 809 1400 in
832 1339 1049 1420 purgatorium

126 1421 323 1501 generaliter.
346 1422 436 1483 talem
459 1422 553 1483 habet
575 1422 701 1502 quilibet
722 1424 886 1504 episcopus
908 1429 940 1483 et
963 1441 1050 1484 cura·

126 1513 177 1565 tus
199 1505 229 1564 in
251 1523 308 1564 sua
330 1504 485 1566 dioeeoesi
508 1513 538 1566 et
560 1506 708 1586 parochia
729 1505 911 1586 specialiter.

208 1585 293 1647 Haec
315 1595 361 1647 est
382 1588 436 1649 illa
457 1587 664 1668 blasphemia,
692 1608 771 1667 quae
793 1606 842 1648 me
863 1587 947 1648 mille
969 1608 1051 1649 mor·

125 1667 205 1730 tibus
229 1669 353 1750 dignum
375 1671 461 1748 fecit,
489 1671 602 1732 iudicio
625 1671 740 1732 scilieet
762 1676 976 1750 quaestorum,
1009 1691 1051 1733 ne

125 1750 225 1811 dicam
249 1755 524 1832 quaestuariorum.
559 1753 672 1814 Verum
696 1762 860 1834 autequam
883 1772 943 1832 ego
965 1753 1050 1815 hanc

79 1902 87 1919 Ι
125 1835 354 1896 conclusionem
377 1836 548 1914 ostendam,
571 1837 726 1916 paululum
750 1835 1048 1917 praefabordspro·

123 1919 225 1997 posito
248 1937 327 1979 meo.

206 2000 354 2080 Primum,
385 2001 455 2062 dioc
484 2002 593 2062 iterum
621 2002 671 2062 hic
700 2020 750 2062 me
778 2000 951 2081 disputare,
982 2021 1047 2064 nou

125 2083 227 2162 quoad
250 2085 444 2162 sententiam,
466 2103 556 2164 quam
578 2083 707 2145 intendo
730 2085 795 2145 istis
817 2082 919 2145 verbis
946 2084 1049 2160 (hanc

124 2167 205 2227 anim
229 2173 407 2228 constanter
432 2185 553 2245 assero,
588 2167 661 2246 quia
688 2186 756 2227 eam
785 2172 873 2227 tenet
899 2167 1047 2231 universa

126 2248 288 2328 ecclesia),
311 2249 364 2309 sed
388 2250 488 2328 quoad
512 2249 615 2311 verba.

206 2331 325 2393 Deinde
346 2331 540 2393 adversarios
563 2351 650 2392 meos
665 2332 756 2392 etiam
780 2347 868 2411 rogo5
890 2337 924 2391 ut
944 2331 1048 2393 ferant

124 2411 262 2474 dolorem
285 2434 397 2493 meum,
419 2434 480 2494 quo
504 2417 642 2494 crucior,
659 2413 729 2474 dnm
751 2412 843 2474 audio
865 2432 903 2473 ea
924 2413 1048 2494 praedi·

124 2496 187 2556 cari
208 2499 239 2558 in
261 2497 394 2558 ecclesia
415 2497 542 2577 Christi,
577 2517 656 2578 quae
683 2515 836 2575 uunquam
871 2497 987 2575 scripta
1014 2503 1048 2558 at

124 2585 238 2639 statuta
259 2586 344 2656 sunt,
376 2581 499 2659 quando
522 2582 636 2642 sanetis
659 2579 732 2640 olim
754 2577 890 2659 patribus
912 2578 1045 2660 legimus

123 2661 221 2721 visum
234 2680 303 2722 esse
319 2663 620 2742 periculosissimum,
644 2661 759 2741 aliquid
781 2661 861 2722 ultra
873 2663 1044 2742 praescrip

123 2750 186 2803 tum
216 2743 351 2806 coeleste
374 2743 498 2824 doceri,
521 2753 553 2807 ot
572 2746 671 2824 inquit
690 2745 834 2804 Hilarius.
861 2742 902 2803 Et
923 2743 954 2805 S.
978 2744 1046 2824 Spi-

123 2825 210 2887 ridon
234 2825 326 2907 Cypri
350 2827 523 2908 Episcopus
553 2829 641 2889 huius
665 2827 845 2906 disciplinae
877 2832 938 2886 tam
974 2829 1043 2908 rigi·

125 2907 181 2968 dns
205 2907 386 2971 observator
400 2911 464 2990 fuit,
487 2920 520 2971 ut
531 2912 765 2989 interrumperet
775 2927 951 2969 sermonem
969 2911 1045 2987 eius,

124 2991 175 3070 qui
204 2999 320 3052 tantum
344 2992 454 3053 Graeci
489 2993 633 3055 vocabuli
663 2992 919 3071 aequivocatione
952 3012 1044 3052 usus:

123 3073 212 3135 Tolle
240 3074 341 3136 cubile
375 3082 457 3135 tuum
487 3084 519 3137 et
549 3076 648 3153 vade,
683 3075 804 3135 dixerat
831 3092 909 3155 pro:
952 3074 1044 3136 Tolle

123 3157 281 3238 grabatum
305 3177 359 3218 seu
375 3158 488 3219 lectum
524 3167 608 3219 tuum
632 3166 663 3219 et
683 3157 783 3235 vade,
811 3156 1043 3236 reprehendens

124 3260 192 3301 eum
215 3241 246 3300 in
268 3261 311 3319 re,
335 3261 413 3320 quae
435 3261 558 3302 sensum
582 3241 656 3302 nihil
679 3247 820 3301 mutarat.
862 3240 967 3319 Atque
990 3240 1042 3300 hu·

122 3323 170 3384 ius
193 3322 308 3385 doloris
330 3326 390 3384 mei
413 3327 533 3385 veniam
557 3331 631 3405 puto
644 3324 717 3384 mihi
738 3323 903 3383 iustissime
920 3322 960 3384 ab
982 3323 1043 3383 illis

124 3405 243 3482 deberi,
279 3407 403 3489 quando
427 3427 484 3469 nos
506 3408 585 3481 ferre
606 3410 742 3489 cogimur
762 3424 920 3485 nunquam
941 3407 1042 3486 rogati

123 3496 176 3548 aut
197 3491 304 3551 moniti
328 3509 431 3552 eorum
454 3492 731 3572 praesumptiones,
754 3489 862 3569 quibus
885 3488 1041 3550 delectan-

122 3576 171 3714 ἔω
207 3591 244 3632 ea
270 3573 464 3653 praedicare,
498 3575 529 3634 in
568 3573 676 3652 quibus
705 3592 762 3633 nos
791 3573 962 3633 cruciamur
983 3592 1041 3634 au·

142 3653 246 3715 iendo.

205 3737 275 3801 Non
295 3738 374 3800 haec
395 3738 465 3802 dico
487 3746 540 3801 ant
561 3757 638 3821 ago,
659 3737 742 3819 quod
764 3744 827 3800 tam
848 3737 1041 3821 impudenter
