2356 4192
166 268 231 335 510
459 271 538 325 narr.
557 270 635 324 Loth.
653 270 785 325 Defensio

168 437 224 499 sod
245 437 335 499 nobis
358 439 499 515 servivit,
530 440 610 500 sicut
630 438 704 500 dicit
724 439 783 503 isa.
803 439 862 504 43:
896 437 1020 499 Sarrire
1040 456 1088 498 me

167 521 266 583 fecisti
287 522 317 581 in
340 522 476 600 peccatis
497 523 566 585 tuis.

249 603 364 663 Verum
396 604 475 665 haec
505 605 677 685 propositio
706 603 776 665 ideo
815 603 948 665 offendit
980 603 1089 665 iratres

166 686 317 761 ruditatis,
335 686 419 765 quod
440 688 498 767 ipsi
520 688 671 768 poputum
681 687 801 748 soleant
814 687 973 759 seducere,
997 686 1088 747 etad

167 788 281 850 magua
302 769 411 832 merita
431 769 617 831 cumulanda
637 770 809 845 exhortari,
832 770 968 831 maxime
991 770 1088 850 operi·

167 852 225 915 bns
246 870 265 912 a
286 869 321 911 se
342 851 441 913 doctis
462 861 493 912 et
514 853 634 932 eiectis,
663 871 725 932 quo
746 852 871 930 iaciunt,
893 858 928 913 ut
947 853 1087 913 homines

168 942 350 998 moercant
371 953 528 1014 quaerere,
552 953 632 1014 quae
646 954 703 996 sua
720 944 790 996 sunt
804 936 835 996 ia
850 935 930 1013 Deo,
953 944 986 996 et
999 954 1087 1016 prop·

167 1026 214 1079 ter
230 1036 347 1077 merum
370 1018 567 1079 commodum
589 1019 657 1078 Deo
678 1020 808 1097 servire,
831 1036 901 1078 cum
923 1018 964 1079 ad
987 1036 1088 1078 exem-

168 1100 254 1183 plum
277 1100 405 1179 Christi,
427 1102 478 1181 qai
500 1108 625 1181 propter
646 1101 762 1162 nullum
784 1120 872 1162 suum
895 1101 1015 1162 luorum
1038 1108 1088 1161 aut

170 1185 321 1262 meritum,
344 1182 399 1243 sed
422 1191 549 1264 propter
569 1183 668 1245 solam
690 1184 879 1245 voluntatem
893 1184 951 1245 Dei
976 1183 1017 1245 ad
1038 1202 1088 1244 uo·

169 1273 264 1327 stram
287 1266 415 1326 salutem
439 1269 543 1327 omnia
565 1267 653 1342 iecit,
681 1275 711 1327 et
732 1285 790 1328 nos
811 1284 874 1327 non
896 1276 1027 1347 propter
1047 1266 1088 1326 ui·

169 1350 231 1410 lum
254 1350 449 1410 commodum
463 1349 630 1410 debeamus
641 1350 709 1411 Deo
720 1352 845 1427 servire,
865 1368 926 1410 nec
940 1351 1088 1431 cogitare,

168 1450 260 1577 poam
283 1450 396 1512 magna
417 1451 606 1513 mereamur,
639 1417 696 1493 sed
724 1451 814 1512 quam
837 1433 917 1493 bene
938 1434 1086 1494 voluntati

199 1515 227 1574 ei
249 1514 437 1595 placeamus.

190 1630 193 1635 ·
251 1596 339 1657 Hanc
371 1616 477 1658 sanam
511 1597 681 1659 doctrinam
714 1599 764 1658 isti
791 1598 890 1658 insani
919 1597 1029 1657 iratres
1058 1603 1090 1656 et

169 1679 460 1761 pseudoprophetes
479 1700 540 1742 non
562 1681 767 1761 intelligentes
799 1679 946 1740 mundum
970 1679 1087 1760 repient

169 1763 332 1841 erroribus,
354 1772 383 1822 et
404 1764 554 1824 infernum
578 1763 729 1824 damnatis
746 1763 917 1841 animabus,
938 1761 1013 1823 dum
1035 1762 1089 1822 ho·

170 1844 301 1906 minibus
324 1847 422 1926 magis
443 1847 600 1907 inculcant
614 1848 790 1907 meritorum
808 1845 974 1922 vocabulo,
997 1863 1088 1924 quam

169 1927 291 1990 divinas
311 1929 478 1990 voluntatis
501 1931 690 1991 memoriam.
737 1928 827 2005 Quod
849 1928 1004 2001 Qhristum
1027 1947 1088 1989 non

170 2009 227 2071 sibi
250 2013 397 2072 meruisse
418 2012 492 2091 dixi,
514 2014 565 2092 qui
578 2031 645 2085 nec,
666 2012 739 2092 quid
752 2013 860 2073 mereri
880 2012 930 2090 sit,
954 2029 1088 2095 unquam

170 2102 396 2175 cognoverunt,
430 2113 530 2175 neque
564 2112 755 2175 cognoscere
791 2102 929 2175 possunt.
981 2094 1088 2154 Mereri

170 2180 250 2237 enim
272 2196 335 2238 non
357 2186 404 2238 est
420 2180 524 2238 animo
538 2178 673 2239 merendi
696 2178 778 2239 bone
798 2176 899 2238 iecere
923 2178 986 2254 (ita
1008 2178 1087 2236 enim

169 2261 269 2322 solent
290 2262 338 2320 isti
361 2262 506 2321 mentium
529 2263 709 2341 deceptores
729 2261 875 2340 populum
890 2259 1002 2321 Christi
1024 2259 1084 2319 illu·

169 2343 271 2422 dere),
295 2343 348 2403 sed
371 2345 501 2424 simplici
523 2343 631 2422 corde,
672 2343 755 2404 nulio
785 2344 884 2404 meriti
912 2350 966 2403 aut
1002 2362 1088 2421 prae·

170 2427 221 2486 mii
243 2435 400 2507 respectu,
434 2427 502 2489 solo
538 2429 670 2507 gratuito
703 2427 815 2487 effectu
842 2428 938 2506 gratis
968 2425 1088 2486 divinae

169 2511 318 2573 voluntati
333 2509 555 2590 obtemperare,
578 2511 688 2570 caritas
701 2511 781 2570 enim
796 2527 857 2570 non
873 2510 994 2588 quaerit
1009 2526 1088 2587 quae

170 2613 226 2654 sua
248 2601 330 2664 sunt,
365 2595 472 2654 merita
500 2611 574 2653 vero
597 2601 628 2653 st
649 2593 786 2673 praemia
808 2611 865 2652 sua
887 2600 1002 2671 sponte
1024 2593 1088 2652 sine

169 2684 275 2737 nostro
298 2676 398 2737 studio
422 2682 590 2756 sequuntur
610 2675 650 2736 ad
672 2674 878 2737 obedientiam
891 2674 1015 2736 divinae
1038 2693 1088 2734 vo-

170 2758 306 2820 luntatis.

327 2990 543 3052 Articulus
564 2992 722 3072 quintus
745 2990 927 3052 decimus.

251 3161 405 3224 Bohsmos
429 3183 498 3225 esso
521 3164 662 3226 meliores
686 3163 874 3225 Christianos
896 3164 997 3225 nobis.

250 3244 339 3305 Hunc
360 3246 470 3307 Eccius
504 3247 631 3308 fotivum
659 3247 794 3307 haeresis
816 3246 1018 3328 derogantem
1041 3266 1087 3307 ss·

169 3344 220 3386 cro
244 3329 375 3388 concilio
398 3329 626 3390 Constantiensi
648 3330 730 3393 dicit.
783 3329 863 3390 Nihil
896 3330 991 3391 habet
1014 3348 1086 3410 pan·

167 3426 261 3469 nosus
293 3410 343 3470 hic
373 3419 403 3471 et
432 3414 613 3492 penuriosus
636 3412 837 3493 theologista,
876 3414 961 3491 quod
983 3415 1085 3489 iactet,

167 3509 258 3570 quam
282 3494 442 3553 concilium
456 3493 700 3575 Constantianos,
723 3495 805 3575 quod
828 3496 904 3556 alias
926 3497 1002 3557 satis
1026 3495 1085 3555 dixi

54 3587 59 3597 ’
166 3581 196 3633 st
218 3594 352 3653 errasse,
387 3584 417 3636 et
447 3578 542 3638 multa
564 3597 626 3639 non
648 3598 704 3658 pro
728 3579 888 3639 haereticis
921 3598 980 3640 nec
1002 3597 1082 3639 erro·

165 3657 231 3715 aeis
254 3661 409 3729 statuisse,
434 3678 512 3739 quse
535 3661 645 3723 Eccius
667 3662 823 3722 haeretica
842 3667 874 3721 et
895 3681 1027 3723 emoneo
1049 3661 1085 3721 de

161 3741 290 3832 proprio
314 3741 439 3810 cerebro
460 3762 518 3829 pro
539 3762 598 3807 sua
616 3746 786 3807 temeritato
807 3745 922 3807 statuit.
952 3746 1085 3827 Aposto-
