2356 4200
169 257 211 325 94
498 262 646 317 Sermones
665 263 775 316 Lutheri

169 430 252 511 quod
275 432 366 492 Petro
397 434 558 512 apparuit,
594 441 627 494 ut
656 430 812 494 unacum
847 433 907 494 illis
942 433 1094 495 indicaret

171 515 257 592 aliis,
291 515 383 594 igitur
410 516 470 575 illis
492 516 716 579 recedentibus,
753 518 840 579 iou:
864 517 961 576 Maria
988 524 1091 576 sutem

170 597 272 658 stabat
304 597 343 657 ad
379 600 489 658 ostium
524 600 598 660 foris
631 601 767 680 plorans.
817 600 897 661 Vide
931 601 962 658 in
996 607 1092 678 textu,

168 679 251 759 quod
272 680 399 760 longum
424 688 479 742 est.
515 682 627 743 lterum
652 693 753 743 autem
777 702 845 743 cum
867 684 977 760 Maria,
999 685 1092 762 igitur

168 763 251 823 aliae
274 764 416 824 mulieres
439 765 554 826 abeunt
576 768 721 826 nunciare
749 766 832 845 aliis,
864 767 936 845 quia
963 766 1093 844 quilibet

167 846 277 926 plenus
296 855 369 906 tunc
391 849 510 908 nunciis
534 852 623 910 novis
645 858 677 910 et
697 851 863 928 loquuntur
891 868 999 910 onmes
1027 867 1091 908 om-

167 929 266 989 nibus.
308 930 430 991 Matth.:
468 931 508 990 Elt
536 951 604 991 cum
632 934 722 993 iverit
755 935 900 995 nunciare
931 931 1090 1011 discipulis

167 1014 242 1073 eius.
286 1013 354 1074 Hoc
375 1014 502 1074 verbum
527 1017 623 1075 nostri
647 1015 770 1076 codices
793 1036 855 1076 non
879 1015 1004 1087 habent,
1035 1014 1090 1074 sed

166 1115 310 1177 graecus:
335 1096 375 1155 Et
397 1116 470 1157 ecce
487 1098 577 1157 lesus
600 1101 730 1158 occurrit
752 1099 821 1176 illis,
857 1099 962 1158 dicens
980 1099 1088 1158 Avete.

166 1178 213 1238 llli
241 1185 343 1238 autem
374 1189 572 1240 accesserunt
600 1189 631 1242 et
661 1189 824 1242 tenuerunt
851 1181 946 1261 pedes
970 1182 1035 1241 eius
1059 1188 1091 1241 et
1159 1255 1168 1267 q

167 1261 374 1322 adoraverunt
396 1283 475 1323 eum.
517 1264 605 1324 Tunc
626 1267 669 1325 ait
694 1264 755 1325 illis
776 1265 883 1325 lesus:
920 1264 1023 1323 Nolite
1056 1266 1090 1324 ti-

168 1364 261 1417 mere,
283 1348 426 1405 nunciate
449 1347 589 1406 fratribus
612 1350 698 1424 meis,
720 1356 754 1407 ut
770 1356 843 1407 eant
860 1349 891 1407 in
906 1344 1089 1424 Galilaesm,

165 1428 208 1489 ibi
231 1447 279 1487 me
300 1427 456 1490 videbunt.
484 1430 569 1489 Haec
592 1430 669 1490 dixit
689 1433 792 1510 potius
815 1431 854 1490 ad
876 1433 997 1510 signum
1019 1449 1088 1508 pro·

166 1510 288 1571 bandae
310 1513 541 1573 resurrectionis
565 1520 596 1572 et
618 1513 809 1574 memorandi
832 1513 917 1574 verbi
939 1514 994 1590 sui,
1017 1514 1089 1592 quia

167 1595 272 1672 utique
294 1597 376 1672 prius
399 1615 468 1655 eum
491 1595 643 1673 viderunt,
668 1615 758 1674 quam
782 1600 812 1655 in
837 1596 995 1672 Galilaea,
1032 1596 1087 1655 sed

166 1676 227 1737 hoc
248 1679 316 1755 ipso
340 1678 389 1738 die
411 1677 477 1738 vult
498 1678 610 1756 dicere,
632 1680 683 1739 lte
705 1687 736 1739 et
758 1680 850 1739 dicite
878 1681 938 1757 eis,
973 1686 1006 1738 ut
1026 1697 1088 1737 me-

168 1778 270 1820 mores
293 1761 361 1831 sint,
385 1761 468 1840 quod
490 1761 562 1839 dixi,
587 1781 635 1821 me
658 1780 714 1822 eos
732 1781 963 1841 praecessurum
982 1763 1012 1820 in
1027 1761 1086 1821 Ga·

166 1843 298 1920 lilaeam,
322 1844 371 1903 vel
393 1843 463 1904 ideo
487 1844 576 1922 dicit,
606 1846 677 1922 quia
697 1847 728 1903 in
750 1844 892 1905 Galilaea
919 1844 957 1904 ab
989 1846 1086 1906 omni-

165 1925 222 1986 bus
243 1927 429 2006 generaliter
450 1928 533 1987 visus
556 1935 612 2005 est,
634 1928 702 2007 plus
725 1947 814 2006 quam
838 1929 1012 2007 quingentis
1030 1927 1087 1987 fra-

166 2009 277 2087 tribus,
307 2017 340 2069 ut
368 2011 411 2069 ait
429 2011 603 2090 ‘apostolus
646 2011 686 2070 Et
708 2013 753 2070 sic
775 2012 916 2071 mulieres
939 2010 1087 2087 lecerunt,

166 2099 273 2153 euntes
296 2094 424 2152 ethaeo
445 2095 637 2171 nunciantes,
660 2093 789 2153 necdum
813 2093 1017 2154 crediderunt.
1048 2093 1088 2152 Et

169 2178 346 2255 supervenit
367 2176 405 2235 ad
427 2177 460 2237 id
482 2177 577 2236 Maria
599 2177 800 2257 Magdalena,
825 2179 889 2253 cui,
918 2184 951 2235 ut
970 2176 1087 2236 lohan-

167 2279 223 2319 nes
247 2259 329 2338 dicit,
353 2260 492 2319 similiter
512 2259 682 2339 praecedit:
716 2260 804 2320 Vade
832 2269 934 2320 autem
964 2259 1003 2318 ad
1031 2260 1088 2318 fra·

167 2349 229 2403 tres
260 2362 346 2402 meos
375 2350 406 2402 et
435 2342 484 2401 dic
506 2345 560 2421 eis,
589 2343 746 2404 adscendo
770 2351 828 2406 eto.
871 2343 965 2402 Venit
992 2342 1089 2401 Muris

167 2425 361 2505 Magdalena,
384 2428 574 2485 annuncians
597 2426 769 2506 discipulis,
799 2426 879 2501 Quia
900 2427 962 2485 vidi
984 2425 1087 2486 Domi-

167 2529 239 2568 num
263 2516 294 2568 et
316 2509 392 2568 haec
415 2508 492 2568 dixit
513 2509 594 2569 mihi.
638 2509 742 2584 Quare
771 2517 872 2570 autem
901 2528 1010 2588 passus
1041 2516 1089 2569 est

167 2611 202 2651 se
223 2593 308 2671 tangi
330 2612 349 2650 a
372 2591 546 2652 mulieribus
577 2599 608 2652 et
636 2612 697 2652 non
729 2613 748 2652 a
776 2593 885 2669 Maria,
921 2591 992 2652 alibi
1024 2581 1094 2653 dixi

167 2677 348 2755 mysterium
373 2675 561 2735 latissimum.
583 2675 631 2734 Ex
653 2677 700 2735 his
719 2675 859 2736 omnibus
876 2682 970 2755 patet,
994 2676 1087 2755 quod,

167 2759 245 2818 sicut
266 2758 385 2817 Marcus
408 2757 493 2836 dixit,
514 2761 612 2838 prima
633 2760 784 2838 apparitio
807 2759 889 2818 facta
910 2766 958 2818 est
972 2760 1087 2819 Mariae

166 2840 370 2920 Magdalenae
392 2849 423 2900 et
445 2861 517 2901 mox
539 2843 599 2900 illis
615 2840 799 2919 mulieribus,
822 2844 883 2901 imo
906 2842 985 2902 forte
996 2843 1087 2902 Petro

167 2924 257 2983 simul
280 2923 455 2984 mulieribus
478 2931 509 2984 et
530 2925 654 3001 Mariae,
685 2926 830 3003 quoniam
860 2943 922 2984 non
952 2933 1000 2986 est
1027 2926 1087 2986 hoc

166 3006 374 3086 impossibile,
403 3010 428 3067 si
461 3008 611 3068 voluisset
632 3007 742 3067 lacere.
786 3007 876 3067 Unde
911 3007 988 3068 dixit
1010 3008 1086 3068 Mar-

167 3108 235 3150 cus:
265 3090 400 3170 Surgens
416 3091 507 3150 Jesus
531 3109 620 3151 mane
641 3092 740 3169 prima
761 3090 918 3170 Sabbathi,
946 3092 1088 3171 apparuit

166 3174 265 3252 primo
289 3173 403 3233 Mariae
425 3174 638 3253 Magdalenae,
668 3173 707 3232 de
729 3192 789 3251 qua
811 3177 945 3234 eiecerat
966 3181 1084 3253 septem

164 3256 340 3322 daemonia.
384 3257 446 3316 Jlla
467 3264 568 3316 autem
600 3255 715 3316 vadens
738 3260 935 3318 annunciavit
956 3260 1003 3338 iis,
1036 3261 1086 3336 qui

165 3341 304 3412 fuerant,
337 3339 511 3420 lugentibus
534 3346 565 3399 et
596 3339 756 3418 flentibus,
779 3348 809 3400 et
839 3341 883 3399 illi
917 3341 1087 3420 audientes,

168 3424 249 3503 quod
271 3426 398 3497 viveret,
421 3430 451 3482 et
470 3425 554 3482 visus
577 3422 713 3482 essetab
736 3443 782 3501 ea,
805 3442 866 3484 non
883 3424 1087 3485 crediderunt.

166 3506 218 3569 Sic
234 3508 382 3568 habemus
402 3505 477 3566 dues
493 3507 713 3586 apparitiones,
737 3526 827 3566 unam
854 3527 944 3567 mane
962 3509 1087 3585 tactam,

167 3610 258 3650 uuam
295 3590 410 3649 Mariae
441 3589 660 3669 Magdalenae,
701 3589 827 3650 alteram
870 3591 938 3651 aliis
973 3591 1086 3651 Mariis.

167 3672 256 3747 Quod
278 3674 369 3733 Petro
393 3674 492 3738 etiam,
508 3674 691 3753 apparuerit,
719 3681 833 3733 certum
857 3680 920 3752 est,
948 3673 1002 3733 sed
1033 3673 1087 3732 du:

167 3755 259 3836 bium,
281 3754 319 3817 a'n
342 3758 372 3816 iu
396 3757 455 3837 via,
478 3757 528 3818 vel
549 3777 649 3819 mane.
694 3755 761 3816 Hoc
785 3755 860 3818 dicit
881 3758 962 3818 enim
979 3757 1087 3835 Lucas,
