2356 4200
349 286 377 340 F.
398 286 464 341 silv.
484 288 568 343 Prior.
587 287 621 347 od
642 290 670 361 ⁰.-
689 290 727 362 Μ.
743 289 822 345 Imth.
1005 287 1059 364 86
1080 297 1088 307 ‘

123 437 296 525 mtioantia
317 458 469 521 Christum
492 478 530 521 ea
549 460 728 538 rational),
764 479 825 543 qua
857 461 961 542 homo,
984 482 1046 527 non
1160 521 1166 531 .

119 539 268 616 habuisse
289 541 336 603 ius
358 543 510 621 terreniv)
535 544 732 625 principatus.
1051 592 1054 599 ,

208 623 249 686 Et
281 625 310 688 3.
339 645 395 707 per
424 624 628 707 Augustinum
657 633 688 687 et
715 627 880 708 scripturas
900 628 1049 710 probatur

124 707 233 768 iterum
255 706 404 792 futuraw)
428 708 577 789 evangelii
600 709 736 771 secunda
757 709 956 790 praedicatio,
979 731 1048 774 oum

124 790 233 851 maiori
277 792 438 872 opulorum
446 794 480 869 Χ)
504 793 717 870 conversione,
731 812 822 872 quarn
837 794 1049 875 apostolorum

125 810 324 954 temporiEus,
347 892 416 934 curn
438 875 468 934 in
492 894 613 936 omnem
633 882 743 936 terram
767 878 861 937 exivit
882 896 976 940 sonus
998 897 1048 940 εο-

125 975 210 1033 rum,
238 955 334 1036 adeo,
363 964 396 1021 ut
419 977 458 1017 ne
487 958 552 1020 iure
580 959 689 1038 modo,
723 961 943 1022 verumetiam
965 961 1047 1023 facto

125 1039 194 1120 ipso
211 1037 353 1101 Pontifex
371 1040 523 1102 Maximus
531 1039 568 1124 y)
591 1061 691 1102 rerum
715 1061 865 1106 summam
889 1044 926 1104 sit
946 1043 1050 1107 mode-

125 1127 256 1185 rotoma

208 1203 249 1265 Et
269 1207 299 1269 4.
323 1205 461 1281 Quamz)
485 1206 723 1269 iurisdictionem
745 1207 831 1290 Papa
858 1209 889 1286 in
911 1208 1050 1272 infideles

126 1306 272 1432 {xercere
293 1290 402 1369 possit,
422 1291 488 1350 sive
509 1299 627 1372 gentes,
649 1291 872 1370 siveJudaeos,
887 1293 936 1354 vel
958 1295 1049 1357 etiam

148 1371 309 1433 aeretioos.
991 1416 995 1425 -

163 1524 166 1529 ,
210 1452 327 1535 Gap.⁸)
351 1458 378 1518 6.
402 1454 491 1531 Quod
502 1455 533 1516 in
546 1454 756 1518 ecelesiastica
767 1451 1050 1520 hierarchiarum-

127 1556 184 1600 nus
203 1536 328 1599 Praesol
350 1539 389 1598 sit
410 1536 614 1616 hierarchas)
640 1555 777 1600 summus
799 1546 959 1621 perpetuo,
980 1560 1051 1604 con·

127 1625 174 1683 tra
195 1619 403 1682 adversarium
426 1629 630 1699 astruentem,
660 1620 743 1701 quod
770 1640 899 1685 romana
920 1624 1052 1687 sedata

127 1723 189 1768 non
212 1721 334 1785 semper
354 1703 444 1764 fucrit
465 1712 559 1786 capnt
579 1703 691 1765 abhinc
707 1704 738 1764 in
759 1713 861 1786 antea,
883 1708 935 1786 qui
959 1708 1050 1770 etiam

126 1785 248 1883 videtur
268 1792 388 1866 suasus,
411 1788 541 1866 quodb)
562 1787 732 1848 doctrinam
755 1787 827 1848 eius
843 1789 873 1850 iu
895 1796 1051 1870 posterum

128 1876 228 1951 possit
249 1876 394 1931 evertere.
1047 1902 1050 1910 ·

211 1951 253 2015 Et
271 1951 313 2012 ibi
336 1955 363 2016 1.
385 1971 425 2014 ex
446 1952 576 2014 Daniele
598 1958 628 2012 et
641 1952 717 2012 alias
732 1952 816 2013 motti
840 1953 938 2015 liciter
955 1960 1055 2016 osten·

131 2033 268 2119 uitare),
297 2034 379 2115 quod
412 2054 540 2116 regnum
573 2034 683 2096 Christi
705 2034 790 2096 nullo
812 1972 874 2098 gne
897 2036 1056 2117 clauditur,

129 2119 187 2179 nisi
209 2136 265 2199 per
287 2119 445 2179 transitum
468 2125 589 2179 eterra
611 2116 650 2178 ad
666 2119 797 2196 coelum,
820 2120 850 2180 in
870 2117 930 2180 fine
942 2120 1056 2182 mundi.

213 2200 252 2260 Et
279 2201 322 2261 ibi
350 2202 379 2264 2.
408 2200 491 2280 quod
520 2202 578 2261 ista
600 2202 788 2282 perpetuitas
809 2221 865 2282 per
884 2202 987 2275 literas
1009 2222 1055 2264 aa·

131 2302 200 2346 cras
233 2284 344 2344 veteris
379 2284 565 2345 Testamenti
588 2285 746 2362 astruitur,
779 2287 850 2346 item
880 2285 971 2346 etiam
1001 2305 1057 2367 per

131 2382 195 2446 eae,
219 2384 299 2446 quae
321 2372 390 2426 sunt
412 2369 494 2445 novi,
517 2374 547 2427 et
569 2369 596 2430 3.
620 2387 674 2446 per
698 2373 821 2448 sanotpa
844 2368 1007 2431 Doctores.

216 2450 292 2530 Gap.
314 2453 343 2512 7.
367 2448 457 2525 Quod
482 2450 511 2509 in
537 2450 747 2510 ecclesiastica
768 2450 938 2513 hierarchia
958 2470 1058 2512 roma·

132 2552 189 2594 nus
211 2531 336 2594 Praeeul
360 2533 399 2592 sit
427 2530 639 2616 hierarchad)
664 2539 752 2595 antor
780 2535 879 2596 omnis
897 2533 1058 2596 hierarchi-

132 2635 189 2679 cae
203 2614 420 2676 iurisdictionis
434 2622 539 2677 contra
554 2615 772 2695 adversarium,
795 2619 846 2696 qni
868 2622 953 2679 tenet
973 2618 1054 2678 iuris·

133 2697 299 2761 dictionem
321 2698 425 2777 Papae
446 2699 667 2778 universaliter,
690 2706 720 2760 et
742 2700 920 2762 diocoeaani
941 2702 972 2761 in
995 2699 1058 2760 dio-

133 2783 219 2842 coeei
242 2788 311 2842 esse
332 2800 422 2861 pares
445 2782 474 2841 in
499 2781 605 2842 ordine
627 2781 707 2862 ade)
728 2783 949 2863 Purgatorium.

191 3066 221 3123 v)
241 3061 313 3128 Quia
332 3059 518 3116 christonius
537 3063 645 3132 imperii
666 3064 767 3115 terreni
787 3063 840 3116 sibi
862 3063 916 3131 ipsi
940 3064 1062 3132 negavit,

134 3139 166 3188 nt
194 3149 245 3188 suo
277 3136 381 3189 vicario
407 3150 525 3188 romano
550 3136 688 3202 integrum
710 3133 893 3202 relinqueret,
915 3134 970 3187 hoo
991 3135 1061 3187 bene

135 3211 211 3260 nota.
241 3206 415 3266 w)itomani
435 3206 539 3259 iubilei.
576 3204 612 3273 x)
642 3203 873 3272 Subversi0n02).
912 3207 944 3272 y)
971 3205 1060 3257 Etiam

136 3278 308 3346 coelestium,
336 3277 481 3331 deturbato
501 3277 609 3331 Christo
635 3283 662 3330 et
684 3277 753 3330 Deo.
799 3275 828 3343 n)
854 3276 941 3344 Nota,
971 3277 1062 3342 Papae

135 3350 201 3404 licet
229 3365 291 3402 case
316 3348 483 3403 homicidam
513 3351 637 3402 omnium
668 3350 899 3402 cruentissimum.
944 3345 975 3414 a)
1003 3347 1061 3400 Nisi

136 3421 203 3474 dum
217 3421 343 3474 moritur.
372 3422 403 3480 bt
415 3420 576 3472 Doctrinam
588 3421 679 3488 Papae
697 3435 754 3473 uon
773 3423 883 3488 oportet
901 3420 996 3482 everti,
1014 3417 1063 3471 sed

135 3495 198 3560 ipsc
223 3491 304 3546 debet
324 3494 418 3545 omnia
437 3498 569 3545 evertere.
608 3491 637 3558 c)
658 3491 718 3545 Hoc
743 3507 855 3558 verum,
880 3488 1004 3567 sednon
1024 3492 1063 3542 sic

137 3579 255 3634 regnum
275 3564 374 3630 Papae.
415 3562 448 3626 d)
469 3561 500 3615 id
518 3569 577 3629 est,
596 3569 712 3616 venator
730 3565 862 3617 robustus
882 3564 953 3616 sicut
972 3561 1064 3615 Nimb-

136 3635 200 3691 rod.
236 3636 267 3694 et
289 3634 368 3687 Unde
387 3636 520 3703 pecuniae
539 3636 736 3700 extrahuntur,
762 3650 819 3688 non
840 3636 957 3688 animae.

194 3706 224 3772 t)
245 3706 276 3760 In
296 3706 337 3759 ed.
357 3709 457 3776 princ:
477 3709 577 3760 atione.
615 3707 647 3777 2)
668 3705 700 3760 In
722 3705 852 3760 adasa:
874 3706 1063 3760 conversione.

137 3780 169 3844 3)
188 3779 221 3831 ln
240 3775 282 3831 ed.
302 3780 386 3847 princ.
405 3777 450 3830 hic
469 3782 496 3831 et
511 3778 624 3848 reliquis
643 3779 725 3833 locis:
746 3776 914 3846 Capitulum.
