2356 4200
171 254 234 324 256
560 262 696 317 Praefatio

116 430 119 434 ’
172 436 242 490 sunt
255 430 320 490 uiri
340 428 444 490 idonei
465 438 558 511 atque
579 433 761 493 auctoritate
786 430 959 512 pollentem
986 431 1091 493 nullus

172 517 273 572 autem
306 531 346 572 ex
372 512 420 574 his
448 515 565 577 maiore
593 534 663 576 oum
690 514 789 575 fruetu
810 514 861 575 vel
881 514 1091 595 impudentius

170 594 256 655 illam
275 614 340 655 rem
361 597 459 676 gessit
481 598 720 676 quam-loannes
734 597 898 675 Tetaelius,
920 596 1091 659 monaehus

171 677 391 738 Dominioauus
414 686 445 740 et
465 679 643 762 theologiae
655 679 890 758 Baeealaureus,
913 681 975 761 qui,
997 698 1092 759 quum

171 761 234 820 iam
259 759 332 821 inde
361 761 399 822 ab
429 782 511 823 anno
543 767 623 830 1500
650 763 910 844 indulgentiarum
938 762 1092 824 nundinas

171 844 331 905 instituere
357 844 523 927 studuerit,
551 846 843 909 Subeommissarius
865 845 905 906 ad
925 844 1006 906 hane
1027 865 1092 906 rem

171 925 339 1009 gerendam
361 929 544 991 eonstitutus
565 938 614 1003 est
637 929 694 1004 (of.
709 928 876 1007 Loesnlreri
895 928 916 992 l.
939 927 1008 1010 11,
1030 929 1090 994 367

145 1010 204 1091 lq
225 1008 572 1076 Seekendorfii'Histor.
600 1010 834 1072 Lutheranismi.
866 1010 900 1073 L.
921 1010 944 1073 1.
965 1031 996 1092 p.
1018 1009 1092 1094 25).

117 1048 202 1161 ῒῇ
223 1095 370 1153 nonsatis
382 1094 516 1156 habebat
536 1094 743 1176 indulgentias
765 1095 833 1175 ipse
853 1095 961 1174 quavis
971 1095 1092 1155 ratione

159 1172 204 1236 'at
224 1194 316 1255 quam
336 1176 468 1257 plurimo
490 1177 640 1259 vendere,
662 1177 718 1238 sed
739 1179 831 1259 etiam
855 1178 922 1239 sina
941 1178 1028 1238 iussu
1049 1184 1093 1257 at

74 1321 84 1337 ,
172 1258 232 1338 q'ne
253 1260 435 1320 auctoritate
456 1272 557 1341 papae
578 1260 627 1322 vel
641 1261 920 1322 oommissariornm
932 1259 1091 1340 primario·

172 1361 239 1401 rum
260 1341 407 1420 libellum,
430 1344 481 1422 qui
506 1343 682 1407 inscribitur
703 1343 874 1407 summaria
895 1343 1091 1404 sacerdotum

171 1425 330 1485 instructio
345 1424 384 1485 ad
405 1425 627 1506 praedioandas
646 1425 865 1508 indulgentias,
887 1425 997 1504 edidit,
1029 1444 1091 1506 quo

172 1525 235 1568 non
264 1508 364 1568 solum
394 1510 530 1569 omnium
561 1510 702 1581 ordinum
732 1509 909 1572 sacerdotes
933 1508 973 1570 ad
993 1508 1092 1568 indui-

172 1591 293 1672 gentias
314 1590 537 1672 praedicandas
559 1613 597 1654 ae
616 1591 795 1657 vendendas
815 1593 1027 1672 maximopere
1041 1611 1093 1652 ex·

174 1672 316 1735 hortatus
338 1681 394 1752 est,
417 1674 585 1737 sedetiam
608 1677 673 1737 vias
695 1694 733 1737 aa
752 1676 889 1737 rationes
909 1692 963 1735 eos
979 1674 1093 1736 dooere

172 1755 302 1837 studuit,
336 1758 444 1836 quibus
475 1759 536 1821 hoo
567 1760 726 1841 negotium
748 1759 883 1819 maximo
905 1776 974 1818 oum
994 1757 1093 1818 fructu

172 1845 379 1920 agerentque
400 1859 546 1903 exercere
567 1848 705 1923 possent.
744 1839 895 1902 Lutherus
915 1841 1090 1920 initionon

172 1923 364 2004 impugnavit
392 1924 599 2006 indulgentius
626 1944 682 2008 per
709 1944 744 1986 se
771 1926 870 2010 ipsas,
893 1923 949 1984 sed
970 1943 1050 2004 quae
1071 1943 1091 1984 a

158 2004 309 2067 ''letzelio
330 2007 362 2067 in
388 2008 448 2070 isto
476 2007 582 2071 libello
610 2006 864 2070 commendantur
884 2005 1092 2088 indulgentias

169 2089 369 2170 praedicandi
391 2097 422 2150 et
444 2090 598 2152 vendendi
618 2093 771 2162 rationes,
800 2090 860 2151 hae
882 2091 1005 2151 eumin
1028 2108 1091 2150 eer-

170 2178 273 2234 tamen
302 2173 377 2233 illud
406 2174 559 2236 eeclesiae
581 2173 765 2235 christianae
787 2172 1018 2235 saluberrimum
1039 2172 1091 2233 de-

169 2263 375 2333 vocaverunt3
413 2255 547 2337 ideoque
577 2256 737 2319 Albertum
766 2256 1031 2338 arehiepiscopum
1059 2256 1091 2316 in

170 2339 302 2420 epistola
322 2345 414 2419 rogat
434 2347 527 2420 atque
549 2341 701 2420 obsecrat,
725 2347 758 2401 ut
778 2341 869 2400 istum
879 2337 1091 2400 Tetzeliunum

170 2420 308 2484 libellum
328 2423 451 2502 penitus
473 2424 597 2485 tolleret
612 2432 644 2485 et
656 2423 813 2485 veniarum
827 2419 1090 2504 praedicatoribus

171 2503 264 2566 aliam
286 2505 459 2587 imponeret
480 2507 611 2569 formam
630 2504 839 2588 praedicandi.
986 2544 992 2553 -

251 2587 384 2648 Primum
407 2588 667 2670 indulgentiarum
689 2589 835 2670 diploma,
856 2587 941 2669 quod
961 2607 1018 2669 pro
1038 2587 1091 2649 ba-

171 2669 258 2730 silica
286 2670 438 2732 Vaticana
464 2671 657 2734 aedificanda
684 2672 789 2733 datum
821 2673 911 2735 nobis
946 2671 1091 2751 innotuit,

169 2752 243 2815 Julii
263 2752 292 2813 11
311 2773 412 2835 papae
433 2757 516 2816 iussu
538 2775 621 2818 anno
653 2758 733 2820 1513
759 2754 883 2837 prodiit.
936 2754 1092 2817 Loesoher

171 2833 203 2896 id
223 2835 357 2979 {eddidit
377 2838 409 2898 in
430 2836 525 2900 libro:
547 2839 849 2900 Reformationsaota
873 2837 897 2919 1,
928 2839 989 2903 368
1023 2856 1092 2918 sqq.

171 2924 203 2980 et
246 2938 285 2982 oo
308 2925 370 2981 est:

254 3001 411 3065 Univerais
434 3012 466 3065 et
494 3004 621 3086 singulis
644 3011 823 3084 praesentes
844 3003 950 3066 literas
968 3004 1091 3084 inspee

171 3086 245 3149 turis
274 3093 395 3167 pateat,
424 3086 656 3169 quodpropter
678 3086 936 3151 contributiouem
959 3085 1092 3147 eleemo-

171 3170 342 3250 synariam,
373 3169 487 3230 laetam
514 3169 682 3232 seeundum
710 3170 841 3233 formam
863 3168 1028 3250 apostoliei
1048 3169 1092 3229 in·

121 3267 123 3272 ’
172 3251 249 3333 dulti
276 3253 497 3335 infrascripti,
528 3255 559 3314 in
583 3253 751 3316 subsidium
772 3252 919 3315 Fabrioae
940 3251 1093 3313 Basilioae

171 3335 393 3416 Apostolorum
423 3338 569 3418 principis
591 3338 622 3398 in
648 3337 791 3398 Romana
814 3335 889 3399 urbe
909 3353 1092 3397 eoncessum

171 3425 219 3481 est
239 3419 379 3498 llouesto
405 3419 541 3481 iohanni
562 3419 733 3500 Dyttinglr,
754 3420 914 3491 Dioeoesis
936 3417 1092 3501 Wlatisla

171 3501 295 3581 vienaia,
319 3522 380 3563 una
400 3522 470 3564 eum
492 3503 626 3583 eoniuge
648 3502 861 3584 suaAguetha
881 3501 1017 3582 gaudere
1039 3499 1090 3562 be-

172 3583 283 3661 neficio
306 3604 361 3646 seu
382 3586 543 3666 privilegio
566 3585 716 3647 bullarum
739 3592 771 3646 et
791 3585 946 3647 literarum
967 3590 1092 3665 aposto-

172 3666 298 3747 licarum
316 3667 506 3731 sanctissimi
521 3669 646 3730 Domini
666 3669 774 3748 nostri,
795 3667 921 3730 Domini
941 3667 1016 3730 Julii
1036 3665 1092 3729 Pa-

171 3748 288 3832 ppell,
300 3752 421 3829 noviter
433 3758 653 3832 emanaturum,
675 3770 758 3815 auno
771 3750 915 3817 videlieet
926 3750 1092 3817 millesimo
