2356 4200
333 269 384 338 np.
405 268 561 322 eraserat
582 270 614 323 n.
635 269 708 324 rar.
729 271 793 324 sax.
814 271 882 324 nuo.
989 255 1051 340 'ssa

125 441 266 521 contigit,
287 440 522 500 illustrissimam
546 439 759 500 celsitudinem
782 447 865 501 tuam
878 443 989 502 intueri
1000 444 1049 503 ooss

125 542 192 584 ram
215 530 269 583 aut
289 522 415 603 alloqui,
440 523 520 602 quod
545 543 603 603 ego
627 542 702 583 sane
723 542 785 582 non
808 525 839 582 in
861 526 987 584 minima
1003 525 1052 587 ,int

125 605 281 666 felicitatis
313 624 402 666 meae
430 613 518 685 parte
539 624 680 682 numero,
711 612 811 666 tamen
845 605 1050 679 inflammatus

125 690 265 749 omnium
285 689 527 769 praedicatione,
552 691 629 748 miro
653 707 807 749 consensa
829 708 898 749 cum
920 689 1049 751 eximinii

123 778 195 833 tuas
215 771 304 833 dotas
334 771 384 832 vel
406 791 525 832 summo
549 772 658 853 dignas
681 774 827 851 imperio,
860 778 923 832 tum
946 771 1050 833 mirili-

124 872 193 916 οη
218 854 371 935 quendam
394 857 527 914 animum
552 874 627 936 erga
647 855 745 916 bonas
768 856 870 916 literas
880 857 1049 936 provehen-¹
1146 866 1172 912 '.

120 937 185 998 dae
203 936 345 998 madibus
367 937 560 1015 vehentium,
593 944 685 1016 atque
713 939 744 997 in
773 957 823 999 me
854 957 977 1019 quoque
997 958 1049 1019 pe·

125 1020 280 1081 culiariter
301 1026 333 1080 ct
354 1021 468 1080 eximie
489 1039 698 1101 propensum,
727 1040 820 1080 ausus
848 1040 916 1081 sum
940 1021 1050 1092 Caesa-j

123 1121 194 1163 ram
214 1104 292 1163 nitas
315 1121 371 1182 per
392 1123 442 1162 me
463 1105 642 1184 recognitas
664 1111 718 1164 tuo
732 1103 835 1164 dicare
857 1106 984 1181 nomini,
1006 1104 1059 1181 nil,

125 1186 167 1245 hil
190 1185 272 1246 aliud
296 1205 412 1246 venans
435 1194 488 1247 aut
510 1194 637 1265 captans
658 1206 677 1246 a
699 1187 885 1247 sublimitate
907 1192 968 1266 tna,
991 1188 1050 1248 nisi

124 1274 160 1328 ut
177 1269 208 1328 ei
230 1268 458 1348 disciplinarum
470 1271 654 1347 optimarum
672 1268 773 1329 studia
793 1269 951 1330 redderem
967 1288 1049 1331 com-

125 1351 317 1412 mundatior-a
338 1351 504 1431 aliquoque
525 1359 618 1429 pacto
633 1357 771 1427 testarer,
793 1371 843 1412 me
865 1354 941 1422 tanti
966 1353 1051 1413 Prin-⁸

124 1435 202 1514 cipis
223 1435 365 1496 ultroneo
388 1435 486 1494 favori
508 1440 614 1494 mutuo
638 1435 771 1512 quodam
794 1454 900 1496 amore
922 1454 1050 1516 respon·
1125 1466 1129 1471 ·

125 1516 208 1576 dere.

208 1599 320 1678 Porro,
349 1618 410 1679 quo
439 1600 538 1659 minus
566 1600 711 1660 volumen
741 1601 780 1660 ad
812 1607 843 1662 te
868 1602 1002 1662 miserim
1032 1618 1050 1662 e

125 1683 263 1760 Basileia,
285 1703 356 1744 nam
378 1681 442 1742 illic
465 1701 543 1764 opus
566 1702 713 1743 excusum
736 1691 792 1760 est,
815 1685 846 1743 in
870 1703 964 1745 eausa
985 1684 1049 1763 fuit,
1139 1679 1142 1684 ⁸

126 1765 209 1844 quod
231 1767 380 1825 numitor
402 1772 485 1825 esset
504 1767 630 1846 ingens,
653 1766 685 1826 id
707 1768 788 1827 enim
811 1770 957 1847 temporis
979 1786 1049 1850 age-

124 1848 181 1909 bas
203 1848 466 1928 Vuittenbergae,
504 1867 566 1909 non
603 1849 732 1909 dabatur
761 1857 861 1910 certus
888 1851 1049 1931 quispiam,

124 1933 173 1991 sai
196 1937 261 1993 tuto
285 1931 435 1992 committi
457 1938 573 2010 posset.
608 1934 680 1992 Mox
703 1951 776 1993 vero
806 1934 904 1992 visum
933 1939 981 1993 est
1002 1952 1049 1994 su-

124 2032 361 2093 pervacaneum,
383 2015 503 2074 mittere
525 2014 645 2092 librum,
668 2017 719 2094 qui
739 2034 888 2094 nusquam
913 2017 1048 2096 gentium

125 2116 190 2159 non
220 2102 302 2157 esset
337 2096 509 2177 evulgatus.
538 2097 639 2175 Libuit
675 2106 778 2158 tamen
806 2100 926 2158 interim
956 2099 1050 2160 hasce

126 2178 230 2240 literas
256 2179 341 2240 velut
369 2180 591 2258 exploratrices
615 2181 750 2257 mittere,
787 2200 913 2259 quarum
935 2178 1050 2243 indicio

130 2281 337 2344 cognoscam,
369 2272 497 2344 gratans
519 2263 608 2323 fuerit
630 2269 736 2325 nostra
758 2263 921 2340 sedulitas,
943 2284 983 2327 an
1006 2283 1052 2326 se·

129 2364 193 2407 eus.
217 2345 249 2406 si
270 2362 379 2425 pamm
391 2344 521 2406 feliciter
541 2345 783 2424 cessitaudacia,
807 2347 928 2407 dabitur
947 2366 1051 2427 opera,

90 2460 96 2473 ·
129 2435 178 2505 ut,
207 2427 291 2508 quod
312 2428 362 2487 hio
384 2427 550 2487 admissum
575 2435 621 2487 est
642 2447 761 2506 errore,
791 2430 867 2490 alias
895 2432 1052 2491 sarciatur.

129 2511 239 2590 llaque
260 2509 388 2587 dubito,
410 2511 482 2589 quin
505 2511 667 2591 singularis
689 2512 743 2572 illa
765 2518 818 2572 tua
840 2520 871 2572 et
892 2512 966 2572 nulli
989 2524 1079 2584 nortN

130 2594 309 2674 praedicata
335 2593 510 2653 clementia
538 2594 659 2673 culpam
690 2613 758 2655 eam
780 2594 870 2654 facile
897 2594 1052 2657 condona-

130 2683 199 2738 tura
219 2678 267 2754 sit,
289 2677 393 2737 animo
413 2674 520 2737 sedulo
544 2683 627 2738 certe
638 2697 866 2757 propensoque,
889 2679 946 2755 cui,
968 2679 994 2738 si
1008 2679 1053 2738 in·

131 2905 225 2966 satur,
246 2904 277 2955 ut
294 2916 346 2954 nee
363 2901 547 2955 temeritatem
565 2901 595 2952 in
614 2897 826 2967 pronunciando
846 2914 899 2950 nee
916 2901 1054 2966 praevari-

132 2973 269 3041 cationem
298 2973 326 3023 in
356 2970 556 3041 patrocinando
576 2968 740 3023 calumniari
758 2970 867 3037 possis,
893 2984 949 3038 qua
976 2976 1053 3037 parte

132 3044 278 3097 miraberis
297 3041 434 3096 Eresmici
452 3042 506 3095 stili
526 3040 687 3110 popularem
707 3041 871 3094 libertatem.
899 3041 987 3093 Porro
1005 3040 1053 3093 Lu·

131 3115 258 3168 theriaca
285 3128 369 3167 causa
393 3127 523 3181 quorsum
543 3116 579 3165 sit
603 3127 737 3180 evasura,
767 3115 861 3165 forsan
887 3113 992 3180 patebit
1017 3122 1053 3165 ex
1116 3123 1121 3139 ¹

132 3191 233 3240 aventu
252 3186 435 3238 scholasticae
453 3184 663 3252 disputationis,
692 3198 775 3252 quam
795 3183 903 3252 Lipsiae
921 3184 1054 3236 nasama

132 3261 251 3326 septima
281 3260 385 3310 mensis
412 3257 487 3309 lunii
516 3256 560 3308 die
590 3258 651 3310 iore
669 3255 831 3307 iamdudum
860 3257 933 3325 inter
960 3260 1054 3322 partes
1109 3258 1110 3261 ’

134 3330 270 3385 convenit.
291 3328 422 3397 Quisquis
441 3343 509 3397 argo
535 3328 592 3380 rari
610 3325 752 3380 conflictus
771 3332 911 3394 spectator
930 3340 991 3380 ease
1009 3342 1055 3379 eu-

133 3403 186 3472 pis,
204 3402 248 3455 sac
265 3399 368 3469 hospes
386 3403 557 3468 intempore
575 3397 657 3451 adsis.
679 3398 754 3453 Bene
772 3397 843 3452 vale.

203 3464 356 3539 Exemplar
372 3471 454 3524 huius
475 3472 551 3535 libri,
577 3471 653 3523 cuius
682 3470 822 3539 margines
842 3468 915 3521 tituli
933 3472 1053 3537 paginas

134 3545 221 3612 signis
240 3543 548 3612 typographicisoruati
567 3546 640 3608 sunt,
659 3543 738 3595 nobis
749 3539 958 3610 benignitateD.
970 3538 1054 3594 Adol-

134 3615 184 3684 phi
206 3615 241 3670 da
269 3615 401 3679 scaeua,
420 3615 588 3683 professoris
610 3613 811 3682 Erlangsnris,
833 3628 869 3666 ax
887 3612 1055 3666 bibliotheca

134 3682 313 3742 samana
327 3712 330 3722 ·
345 3686 574 3752 Norimbsrransi
603 3684 641 3737 sd
666 3690 773 3740 textum
809 3685 891 3738 huius
920 3682 1071 3773 epistolae

133 3757 306 3815 reddendum
322 3762 435 3830 praesto
454 3760 521 3813 erat.
