2356 4200
124 270 169 336 90
381 275 543 345 -lipltema
561 277 765 346 &morionis
813 300 818 311 =

208 444 249 504 iet
269 442 361 508 ibi'l.
392 445 430 505 de
461 442 618 525 duplieih)
648 446 814 505 anteritate
835 445 960 505 Patrem
981 463 1052 505 eon·

125 527 201 606 eilii,
234 527 395 604 videlieet,
431 536 463 588 ut
492 537 562 589 eunt
583 528 704 607 singuli,
727 547 807 606 qaae
828 527 867 588 ab
889 529 1051 589 autoritate

124 609 228 690 Papae
251 611 444 692 diqtinguitnr
465 611 641 690 dupliciter,
672 611 816 671 videlieet
838 619 871 670 ut
890 628 988 671 eausa
1008 630 1051 671 se·

125 693 225 753 cunda
248 714 266 752 a
287 693 402 775 prirua,
431 701 462 753 et
483 701 514 753 ut
537 693 673 773 partialis
695 715 714 753 a
742 688 847 772 totali,
872 701 903 754 et
929 701 963 753 nt
983 699 1051 753 aunt

125 776 308 855 collegium,
338 797 418 857 quae
447 784 493 836 est
515 776 621 837 eadem
652 796 720 836 euin
754 779 917 837 autoritate
939 777 1051 857 Papae,

124 878 187 920 non
201 864 339 940 numae,
362 860 415 920 sed
438 860 590 939 analogia.
628 860 667 919 Et
690 861 767 920 haee
784 863 815 920 iu
836 852 986 920 Pontifioe
1005 866 1050 920 est

124 942 279 1002 ordinaria
314 950 344 1003 et
373 944 483 1024 plena,
518 945 549 1002 in
580 943 712 1003 eoneilio
742 953 788 1002 est
823 945 991 1003 commissa
1022 949 1050 1002 et

60 1060 77 1100 .·
125 1033 272 1104 qnantum
294 1026 398 1106 planet
421 1026 617 1101 Pontifieii),
650 1025 691 1085 ibi
715 1028 806 1087 etiarn
830 1025 868 1086 de
890 1019 1050 1087 autoritate

123 1108 246 1168 Petrum
275 1111 305 1168 in
337 1109 459 1189 synodo
483 1109 674 1189 provinciali.
717 1142 721 1147 ,
995 1134 1019 1157 .-

207 1192 247 1251 Et
270 1195 297 1253 2.
328 1192 411 1273 quod
445 1198 632 1272 potestatum
667 1193 770 1272 Papae
800 1211 837 1251 aa
870 1192 993 1252 Petrum
1022 1192 1048 1251 iu

56 1312 58 1316 -
125 1275 268 1351 eoueilio,
301 1294 340 1334 eo
372 1276 483 1353 modo,-
511 1294 572 1354 quo
604 1275 765 1335 distinetae
795 1283 881 1353 sunt,
914 1275 1050 1356 superior

125 1362 174 1417 est
192 1357 390 1438 pontificalis.
915 1400 921 1407 »
953 1384 957 1396 ¹
1022 1394 1025 1399 ·

207 1441 248 1499 Et
270 1440 311 1501 ibi
335 1444 363 1504 3.
386 1440 482 1501 multe
504 1440 635 1500 adversa
655 1440 841 1500 solvuntur..
1037 1440 1040 1445 ’

129 1540 133 1547 “
207 1523 247 1582 Et
274 1526 303 1585 4.
339 1523 422 1603 quod
450 1542 594 1583 romanus
618 1523 762 1582 vAntiates
795 1523 878 1584 nullo
913 1522 1046 1600 modoini

124 1605 237 1685 ligetur
260 1607 462 1667 ooneiliorum
485 1606 656 1666 senonibus
678 1606 727 1665 vel
750 1606 903 1682 decretis,
925 1615 1048 1668 ut-eon

124 1689 263 1749 eilioruni
289 1696 375 1767 sunt,
397 1689 480 1769 quod
504 1689 573 1749 ideo
597 1689 722 1768 dieitur,
745 1692 817 1768 qnia
840 1691 865 1749 si
886 1690 1048 1751 eonsilium

125 1777 239 1832 statuat
260 1772 387 1851 aliquid,
410 1771 492 1852 quod
514 1774 605 1832 etiarn
618 1773 656 1831 sit
669 1772 911 1849 deiureilivine,
932 1775 1045 1854 aeripto

124 1854 173 1914 vel
194 1856 303 1929 insito,
326 1853 415 1935 putei,
437 1855 520 1935 quod
543 1855 672 1934 Spiritus
693 1858 859 1915 sanetus—e
881 1857 959 1916 Filio
979 1874 1044 1937 pro·

124 1936 228 2014 eadat,
248 1946 300 1998 ant
323 1938 390 1999 telis
414 1945 591 2017 eontraotps
613 1940 654 1997 sit
674 1938 1044 2020 usurarius,·ligaturqni

125 2020 193 2079 dem
217 2021 376 2096 Pontifex,
411 2022 549 2082 sednon
581 2041 618 2080 ea
649 2023 786 2096 ratione,
821 2023 894 2100 quia
926 2022 1046 2083 sonalii

124 2104 177 2182 eit,
200 2103 257 2163 sed
276 2106 350 2183 quia
372 2105 446 2180 Dei,
468 2104 538 2163 dist.
563 2105 599 2164 V.
623 2123 653 2184 q.
677 2106 695 2164 i.
717 2114 789 2163 sunt
808 2105 944 2183 quidam.

207 2187 247 2245 Et
268 2192 296 2251 5.
321 2187 405 2266 quod
426 2187 526 2266 Papa,
555 2188 612 2246 etsi
636 2193 753 2246 mutare
775 2206 836 2248 non
856 2190 956 2268 possit
977 2206 1044 2249 eon·

126 2268 264 2328 ciliorum
286 2276 416 2346 statuta,
450 2278 482 2329 ut
504 2279 574 2330 sunt
596 2269 760 2348 aliqnando
791 2271 882 2330 etiarn
907 2272 984 2349 Dei,
1016 2268 1044 2329 id

124 2359 178 2420 est,
203 2351 241 2411 de
262 2353 327 2412 inre
350 2351 464 2431 divino,
486 2361 519 2412 ut
542 2353 655 2412 dietum
678 2361 725 2412 est
745 2354 856 2429 statim,
881 2360 984 2414 tamen
1002 2373 1044 2428 aa,

124 2435 455 2512 quaesunt-eoneilii,
485 2443 518 2494 ut
546 2437 725 2512 eonsilium,
760 2438 825 2496 sive
852 2455 934 2514 quaa
964 2455 1044 2516 epea

124 2523 191 2576 tant
212 2517 250 2577 ad
273 2519 319 2577 ius
349 2519 531 2598 positivum,
565 2538 662 2598 aeque
689 2525 792 2598 potest
820 2519 943 2599 tollere,
972 2521 1045 2580 sieut

125 2605 155 2658 et
176 2619 249 2676 sua,
277 2601 307 2660 id
331 2609 393 2679 ast,
427 2599 501 2678 exl)
527 2601 701 2663 rationabili
725 2621 833 2679 eausa,
867 2622 923 2663 suo
946 2611 1044 2663 tanen

124 2681 249 2742 arbitrio
271 2683 440 2763 pensanda.

207 2766 248 2863 pt
271 2770 300 2831 e.
323 2767 406 2846 qued
429 2767 533 2826 Patres
557 2767 678 2827 eoneilii
702 2765 763 2826 non
785 2774 915 2847 pessunt
937 2767 1045 2848 simpli·

123 2849 200 2916 niter
216 2850 355 2981 wem
377 2849 416 2909 de
437 2849 596 2926 omnibus,
626 2856 656 2909 et
678 2850 718 2908 ibi
740 2851 923 2929 reprobatur
945 2853 1044 2931 opinio

122 2931 229 3011 inique
264 2933 420 3009 JMarsilii
435 2932 598 3009 dePadua,
621 2938 652 2991 et
663 2934 758 2993 inulte
771 2935 925 2993 oonuana
945 2933 1045 2998 dissel·

124 3020 243 3078 ventur.
313 3038 315 3040 ’
982 3037 986 3045 ·

175 3172 179 3179 s
208 3098 247 3157 iit
268 3103 297 3161 7.
321 3097 403 3177 quod
417 3085 559 3158 Pontifex
581 3096 779 3176 indubitatus,
802 3098 914 3159 nedum
939 3120 958 3160 a
979 3119 1046 3160 eon·

125 3180 212 3257 oilie,
246 3182 300 3241 sed
330 3200 431 3260 neque
459 3201 477 3240 a
499 3186 565 3240 toto
590 3181 703 3241 mundo
727 3189 829 3261 potest
851 3183 916 3241 iure
938 3182 1047 3262 deponi

122 3425 126 3431 ·
179 3410 213 3478 h]
234 3412 308 3463 Nota
321 3411 512 3464 distinctiones
522 3410 719 3464 subtilissimas
731 3409 942 3479 Archimagistri
959 3414 1049 3478 palatii

124 3485 314 3535 saeratissimi.
366 3484 391 3551 i)
431 3483 564 3535 Placitum
597 3483 688 3549 Papae
709 3488 759 3536 est
786 3483 885 3551 regula
917 3489 1049 3538 omnium.

43 3589 54 3613 .
124 3554 160 3616 i)
183 3554 265 3606 Vides
285 3570 368 3623 ergo,
395 3556 487 3622 Papae
507 3554 574 3606 nihil
595 3568 737 3605 esserum
757 3555 876 3606 coneilio
894 3572 1051 3623 commuue,

125 3640 194 3693 ergo
223 3641 274 3678 nec
303 3643 365 3677 curn
396 3626 513 3678 eeclesia
534 3625 597 3685 Dei,
625 3624 699 3693 quod
722 3641 817 3677 verum
843 3633 892 3678 est.
931 3628 957 3682 li
981 3630 1052 3684 nota

124 3697 304 3780 limitationes
324 3700 463 3766 egregias.
510 3701 554 3762 m)
578 3697 613 3749 Et
635 3703 723 3749 totum
749 3697 896 3779 concilium
918 3700 1052 3755 Constan-

126 3776 222 3822 trenee.
