2356 4200
309 320 313 329 ,
389 258 479 330 Super
498 259 584 349 Breve
595 258 797 349 ,praecedepa
843 320 881 351 ’,Ζ
948 319 962 326 ,
991 256 1053 337 359

209 428 326 494 Ultimo
363 434 395 495 et
426 430 565 513 omnium
596 430 826 509 suavissimum,
861 429 962 507 Breve
993 432 1054 505 boc

125 512 231 593 datum
262 516 310 597 pst
338 504 445 577 xtllt
470 513 619 594 Augusti,
654 532 713 593 ego
747 517 849 575 autem
884 508 998 599 citatus
1017 508 1054 577 ‘et

125 596 267 673 monitus
286 596 336 679 fui!
350 594 412 656 Vll.
434 595 584 676 Augusti,
603 603 634 656 et
654 597 699 654 sic
719 595 799 657 iutra
820 594 926 665 dutum
945 594 1053 660 Brevis

126 683 159 743 et
180 679 361 753 citationem
385 685 581 738 cucurrerunt
604 680 651 741 16.
674 675 749 742 dies.
787 677 945 751 Calculum
960 682 1052 763 porte,

124 762 240 841 lector,
270 768 300 821 et
331 760 471 822 iuvenies
495 758 661 821 Dominum
682 759 902 843 Hieronymum
926 756 1053 859 Episcb·

125 864 199 926 pum
224 843 439 919 Asculensem,
461 843 511 903 vel
534 852 605 903 ante
627 843 701 902 mihi
724 844 911 903 insinuatam
934 847 1051 907 altatio-

125 931 209 1009 nem,
231 931 285 988 aut
307 927 389 987 intra
410 926 563 996 decimum
584 932 703 986 sextum
727 925 808 986 diem
829 931 901 1006 post
918 928 1052 988 insinua-

126 1016 190 1085 tam
221 1010 413 1091 processisse
436 1015 549 1069 'contra
576 1027 640 1087 me,
658 1007 843 1086 iudicasse,
878 1009 1052 1089 damnasse,

128 1090 313 1163 declarasse.
357 1091 388 1153 Si
417 1110 498 1151 nnnc
528 1109 691 1170 quaeram,
722 1091 773 1151 ubi
797 1096 869 1151 tunc
891 1092 1052 1173 sexaginta

125 1168 171 1236 illi
193 1174 258 1249 diei
280 1175 355 1234 mihi
377 1173 441 1234 dati
461 1175 653 1234 incitatione
674 1192 754 1252 mea,
777 1174 1052 1254 quiincepernnta

126 1256 190 1322 Vll.
201 1255 343 1338 Augusti,
366 1256 551 1341 finiebantur
571 1264 673 1316 autem
693 1257 813 1317 circiter
825 1256 884 1319 Vll.
899 1256 1051 1320 Octobris.

126 1340 184 1402 nst
204 1341 265 1401 ist'e
286 1359 355 1400 mos
378 1349 408 1400 et
439 1339 525 1399 stilus
546 1339 707 1400 Romanae
735 1340 851 1418 curiae,
881 1345 915 1400 ut
942 1340 1050 1401 eadem

127 1421 179 1487 die
198 1423 313 1499 ‚citent,
341 1420 503 1499 moneant,
531 1429 694 1500 accusent,
721 1421 872 1496 indicent,
895 1421 1051 1502 damnent,

126 1493 305 1583 dcclaient,
333 1504 513 1584 pracsertim
542 1512 628 1565 tanto
652 1506 753 1584 spatio
775 1504 934 1576 absentem
957 1507 1050 1586 stig

126 1586 312 1649 uocantem?
354 1585 434 1661 Quid
470 1586 718 1666 respondebunt,
751 1587 810 1646 nisi
838 1605 908 1647 sese
938 1587 1050 1649 oblitos

124 1670 244 1814 t'triss'p‘a
244 1668 432 1747 ellebori1),
455 1669 578 1748 quando
601 1670 661 1730 hoc
684 1667 878 1729 mendacium
899 1668 1051 1732 adornare

168 1764 204 1815 r'c
245 1759 288 1814 nt.
880 1762 883 1769 '
969 1773 972 1778 ·

126 1773 182 1911 pa,
208 1834 246 1897 In
262 1833 334 1913 dne,
356 1834 397 1894 mi
420 1833 528 1912 lector,
551 1835 657 1914 accipe
678 1832 771 1895 fidele
793 1850 896 1894 meum
918 1836 1050 1896 monito·

124 1918 215 1997 rium,
241 1915 437 1997 utcunque²)
467 1919 595 1978 cesserit
622 1917 699 1977 meis
727 1916 990 1998 propositionibus
1019 1924 1051 1978 et

125 2000 397 2085 quantumcunque
411 1998 618 2080 indulgentias
631 1999 830 2077 elevaverint,
849 2018 889 2059 ue
905 1998 937 2058 in
948 2018 1049 2060 meam

126 2082 286 2145 'stultitiam
310 2082 476 2162 aliqnando
500 2081 602 2160 cedas,
624 2099 745 2142 moneo.
782 2081 851 2161 bigo
875 2083 956 2140 enit'n
970 2100 1051 2142 rere

125 2165 201 2226 mihi
215 2164 324 2225 donari
339 2166 448 2225 merita
462 2165 574 2226 Christi
585 2183 642 2244 per
656 2163 862 2244 indulgentias
882 2156 1048 2242 aliquando

126 2247 301 2324 credebam,
324 2253 417 2325 atque
435 2244 496 2317 hae
517 2248 610 2317 stulta
632 2247 780 2326 opinione
800 2245 974 2325 procedens
996 2246 1049 2308 do·

126 2332 196 2409 cui,
225 2336 256 2391 et
283 2330 395 2389 iactavi
423 2330 454 2389 in
481 2329 645 2410 populum,
674 2326 923 2407 quandoquidem
946 2331 1050 2389 tantae

125 2433 176 2475 rea
199 2418 304 2473 essent
322 2411 548 2492 indulgentiae,
579 2431 642 2472 non
675 2412 769 2471 licere
792 2430 844 2471 aas
868 2411 1050 2490 relinquere,

125 2496 205 2558 siles
227 2502 260 2555 et
280 2499 475 2573 contemptas
495 2495 619 2574 habere,
641 2514 703 2554 non
727 2494 891 2554 advertens
914 2496 1049 2555 omnium

125 2577 296 2641 nardorum
335 2575 550 2658 bardissimus,
584 2577 667 2657 quod
707 2596 745 2637 eo
787 2595 931 2637 sermone
969 2596 1050 2656 pene

124 2667 326 2742 praecaptum
365 2658 487 2720 salubre
522 2666 575 2720 aut
602 2667 687 2720 certe
715 2659 877 2720 consilium
910 2677 1050 2719 necessa-

125 2745 205 2805 rium
227 2742 377 2820 lacerem,
405 2763 445 2803 ex
472 2743 734 2822 permissionibus,
756 2741 905 2815 licentiis,
928 2741 1050 2803 relaxa

124 2825 273 2887 tionibus.
315 2824 384 2885 Huc
405 2826 486 2886 enim
508 2845 558 2886 me
580 2825 713 2905 perpulit
735 2842 844 2885 sensus
865 2841 962 2900 meus,
986 2825 1049 2903 opi-

124 2909 254 2970 niouurn
277 2912 309 2967 et
329 2907 604 2989 Exuavagantium
632 2908 714 2968 male
741 2906 849 2967 lucidis
876 2905 978 2967 verbis
1001 2906 1051 2967 de·

122 2998 247 3072 ceptua
289 2989 410 3059 llrravi¹
440 2991 527 3051 testis
548 2991 656 3066 lector,
678 3007 808 3067 revoco,
835 2989 922 3058 testis
944 2988 1050 3051 lector.

186 3073 377 3153 ‚Postquam
407 3079 511 3134 autem
540 3072 674 3151 receptis
704 3072 802 3132 oculis
830 3070 983 3146 viderem,
1012 3068 1050 3132 ab

125 3155 270 3218 omnibus
292 3155 478 3218 Ductoribus
505 3174 567 3215 una
593 3155 748 3214 sententia
776 3152 869 3229 tradi,
890 3153 1050 3234 indulgen·
1105 3151 1106 3155 ’

125 3241 185 3301 du
209 3238 318 3300 melius
341 3240 442 3301 omitti
469 3257 559 3319 quam
588 3236 712 3315 redimi,
741 3242 772 3295 et
800 3235 953 3296 feliciores
982 3255 1052 3298 esse

125 3316 203 3400 ens„
225 3321 277 3401 qui
298 3339 354 3400 per
376 3341 410 3383 se
426 3322 632 3399 satisfaciunt,
655 3337 746 3400 quam
769 3317 1050 3398 quiiudulgentias

130 3501 340 3535 W—

183 3601 266 3672 1),1n
291 3601 334 3656 ed.
357 3601 418 3655 len.
446 3606 474 3653 et
497 3599 539 3654 ed.
566 3599 651 3652 Basil.
678 3615 702 3651 a.
725 3595 795 3651 1520
818 3595 888 3650 haec
911 3595 1053 3663 leguntur:

126 3674 279 3813 ppsstppugt
296 3673 420 3728 elleboro
439 3670 601 3740 purgandos
621 3671 715 3722 fuisse.
760 3666 792 3736 2)
822 3667 852 3718 ln
873 3665 914 3720 ed.
936 3668 1065 3736 origin.:.
