2356 4200
444 279 549 338 Contra
567 282 645 338 Obel.
664 282 745 337 Eccii.
985 274 1049 346 409

127 451 158 514 Ρ.
194 451 231 516 Π.
265 472 296 533 p.
326 455 396 528 65).
434 448 515 513 'Hae
544 454 773 534 propositiones
803 459 913 532 postea
942 457 1051 513 auctae

127 543 218 616 atque
255 537 338 616 typis
374 536 537 616 evulgatae
576 544 647 597 sunt
677 535 912 616 Wittenbergae
951 536 1051 596 forma

125 621 324 698 quartanaria
354 618 409 679 sub
441 619 501 680 boc
522 620 626 681 titulo:
671 620 728 698 „D.
751 618 895 678 Andreae
923 617 1049 679 Garolo-

125 701 258 781 stadini,
294 702 430 762 doctoris
454 709 485 762 et
507 703 731 781 archidiaconi,
764 701 921 763 CCCLXX
945 701 1049 782 apolo-

124 787 244 866 geticae
276 785 494 846 conclusiones
522 806 578 866 pro
613 786 707 846 sacris
737 785 834 845 literis
861 791 893 844 51
916 783 1050 845 Witten·

124 866 324 948 bergensibus
354 869 397 927 ita
426 868 543 944 editae,
576 876 610 929 ut
631 875 662 929 et
683 862 849 929 lectoribus
870 867 1048 948 profuturae

124 952 192 1011 sint.
218 956 265 1023 (v.
285 950 450 1010 Loesoberi
464 952 542 1012 Acta
561 952 695 1012 Reform.
717 951 752 1011 T.
776 951 813 1012 II.
835 970 865 1030 p.
888 954 928 1013 77
951 948 1049 1032 eqo).

126 1033 198 1093 Pars
223 1053 326 1093 earum
352 1033 486 1116 (cclx)
510 1035 660 1114 tripartita
680 1034 792 1114 legitur
812 1035 844 1094 in
867 1033 1051 1094 collectione

124 1117 305 1196 scriptorum
344 1116 466 1176 Lutheri
500 1118 679 1192 Basiliensi,
721 1136 800 1195 quae
845 1135 927 1176 anno
972 1118 1050 1180 1520

126 1218 233 1259 mense
256 1199 339 1258 lulio
367 1199 449 1279 apud
470 1200 570 1260 Adam
592 1201 671 1260 Petri
701 1200 823 1280 prodiit.
856 1199 975 1260 Titulus
1003 1219 1051 1259 ea-

126 1301 193 1341 rum
227 1288 288 1341 est:
333 1281 449 1343 Contra
470 1283 508 1343 D.
537 1283 581 1344 Io.
611 1283 736 1343 Eccium
773 1281 1050 1364 Ingolstadiensem

128 1363 305 1444 Sophistam
328 1364 555 1445 Apologeticae
576 1366 809 1446 Propositiones
838 1366 876 1428 D.
904 1364 1051 1426 Andreae

124 1447 330 1524 Bodenstein,
361 1447 580 1510 ArchidIaooni
608 1447 904 1529 Vuittenbergensis,
929 1453 961 1508 et
982 1447 1050 1509 sub-

125 1529 324 1610 scriptahaec
336 1530 494 1609 leguntur:
516 1529 1052 1611 ExVuittenbergecursIm,Vll.die

128 1613 242 1673 mensis
265 1613 338 1672 Julii
370 1631 451 1674 anno
474 1615 599 1675 Domini
629 1615 669 1675 M.
692 1614 728 1674 D.
751 1615 858 1674 XVIII.
904 1614 1054 1674 Lutherus

129 1702 233 1758 autem
261 1696 328 1775 ipse
358 1697 446 1757 initio
469 1697 673 1758 contumelias
695 1696 751 1758 sibi
773 1696 874 1757 illatas
902 1699 1055 1777 patienter

128 1778 215 1838 serre
237 1797 340 1856 neque
368 1781 596 1840 controversias
628 1781 704 1840 inire
732 1798 801 1839 cum
822 1780 917 1840 Eccio
938 1781 969 1839 in
992 1780 1054 1839 ani-

131 1880 214 1920 mum
228 1861 356 1938 Induxit,
374 1861 431 1922 sed
444 1862 482 1923 ab
494 1863 600 1923 amicis
617 1869 790 1924 commotus
811 1869 866 1940 est,
889 1869 922 1921 ut
936 1863 1053 1942 Impug-

130 1945 217 2003 nanti
226 1944 438 2023 responderet,
450 1944 481 2006 id
499 1945 581 2024 quod
590 1946 661 2005 15511
673 1946 703 2005 in
716 1944 930 2006 Asteriseis
945 1944 1052 2005 adver-

130 2046 184 2086 sus
207 2025 291 2086 Eccii
316 2026 471 2088 obeliscos
494 2029 686 2108 compositis,
708 2027 812 2088 scribit
832 2029 912 2088 enim
936 2028 966 2087 in
991 2029 1051 2107 epi-

127 2109 209 2170 stola
239 2109 277 2167 ad
309 2109 379 2171 Iob.
410 2110 546 2190 Sylvium
568 2110 722 2191 Egranum
754 2110 782 2172 d.
811 2112 861 2174 24.
891 2130 929 2171 m.
952 2109 1051 2170 Martii

127 2213 154 2251 a.
180 2192 260 2255 1518
283 2192 365 2269 data,
389 2212 480 2271 quam
503 2212 595 2273 supra
618 2193 824 2272 laudavimus,
847 2195 905 2253 ita:
938 2192 1051 2270 „Volui

126 2274 208 2334 banc
242 2273 335 2334 offam
370 2274 503 2337 Cerbero
540 2277 664 2356 dignam
694 2275 859 2337 absorbere
891 2275 1051 2356 patientia,

126 2356 182 2417 sed
205 2357 295 2416 amici
319 2367 503 2438 coegerunt,
526 2359 569 2418 illi
593 2367 626 2419 ut
646 2359 877 2438 responderem,
900 2358 953 2418 sed
976 2359 1051 2438 pri-

125 2445 218 2499 vata
238 2458 346 2498 manu
361 2440 465 2515 (Lutb.
484 2462 555 2521 epp.
571 2441 619 2502 ed.
632 2442 767 2503 Aurifab.
783 2461 813 2522 p.
832 2445 882 2521 57,
895 2442 933 2501 de
946 2441 1051 2501 Wette

125 2523 147 2584 1.
171 2542 200 2602 p.
228 2524 337 2600 lotr‘,
364 2542 427 2603 quo
448 2544 540 2584 sensu
564 2526 655 2584 etiam
681 2524 901 2605 Christopboro
924 2524 1051 2585 Scheur·

126 2605 180 2683 lio,
198 2605 249 2683 qui
260 2607 380 2666 animos
393 2606 477 2666 Eccii
492 2614 585 2686 atque
597 2607 910 2688 Wittenbergensium
927 2607 1051 2687 placare

126 2687 279 2761 studebat,
303 2688 332 2748 d.
353 2693 401 2753 15.
420 2710 459 2748 nr.
477 2690 560 2749 Iunii
576 2692 654 2754 1518
669 2689 787 2750 scribit:
810 2690 923 2770 „blihi,
947 2689 1050 2766 credo,

126 2790 194 2831 cum
218 2771 406 2850 privatim
436 2771 571 2832 dederim
599 2774 763 2833 asteriscos
797 2791 899 2849 meos,
932 2791 994 2832 non
1017 2771 1052 2832 fit

127 2855 155 2914 ei
177 2853 385 2933 respondendi
408 2857 587 2934 necessitas,
610 2856 635 2915 si
660 2855 740 2915 desit
762 2855 872 2916 libido:
902 2857 947 2915 sin
966 2855 1052 2916 malit

126 2936 274 3014 reddere,
319 2955 378 3016 ego
420 2945 581 3017 utrumque
624 2943 790 3016 exspecto,
835 2939 907 2998 11551
940 2956 1050 3018 pacem

125 3018 315 3099 praeeligam
342 3019 447 3100 (Lutb.
470 3041 539 3101 epp.
563 3020 611 3081 ed.
635 3020 674 3080 de
688 3020 820 3081 Wettel
833 3041 863 3100 p.
878 3022 988 3094 126)“.
1010 3020 1049 3080 Hi

125 3103 217 3181 igitur
239 3103 441 3180 asterisci,
465 3104 608 3163 cumiam
631 3103 843 3164 menselunio
865 3123 893 3163 a.
918 3104 997 3167 1518
1020 3111 1051 3163 51

127 3185 210 3264 prius
233 3184 354 3262 quidem
387 3204 478 3264 quam
499 3186 718 3247 ResolutIones
748 3186 989 3265 disputationum
1011 3186 1050 3246 de

125 3266 384 3345 Indulgentiarum
398 3269 509 3330 virtute
532 3276 637 3330 essent
658 3269 833 3348 conscripti,
854 3268 884 3327 id
906 3268 988 3346 quod
1011 3287 1050 3327 ex

125 3349 289 3411 Asteriseis
310 3351 403 3430 ipsis,
433 3354 483 3431 qui
510 3353 598 3414 alteri
621 3353 755 3432 appositi
777 3359 847 3411 sunt
867 3351 953 3411 Ecoii
978 3350 1049 3412 obe-

127 3431 219 3508 lisco,
257 3452 384 3493 cernere
416 3435 504 3512 licet,
541 3441 633 3515 atque
661 3435 711 3494 die
732 3435 760 3495 X
784 3435 897 3494 mensis
917 3432 1050 3514 Augusti

127 3533 153 3576 a.
180 3517 259 3578 1518
280 3515 361 3574 haud
382 3516 473 3579 dubie
487 3519 609 3598 Lipsiae
622 3518 704 3598 apud
712 3516 912 3581 Melchiorem
927 3516 1049 3578 Lotthe-

126 3618 203 3676 rum,
226 3597 307 3677 apud
330 3617 420 3676 quem
449 3601 539 3660 etiam
562 3601 780 3661 ResolutIones
804 3600 1048 3679 disputationum

126 3679 165 3740 de
186 3680 422 3760 idulgentiarum
447 3684 558 3744 virtute
588 3691 652 3743 turn
688 3683 933 3761 excudebantur,
968 3684 1048 3763 typis

127 3768 231 3824 essent
261 3763 410 3844 coniecti,
441 3773 544 3827 tamen
566 3785 659 3846 quum
679 3766 859 3848 privatim
882 3765 946 3827 dati
965 3765 1049 3826 ideo·

128 3864 188 3926 que
210 3847 317 3908 amicis
340 3852 458 3909 tantum
480 3849 570 3912 initio
590 3850 677 3913 missi
698 3855 815 3936 essent,
835 3848 945 3935 paullo
958 3849 1061 3913 serius
