2356 4200
188 296 256 373 286
483 302 644 373 Disputatio
665 303 699 358 ιι
718 304 829 360 Luthcri

193 474 283 535 simul
305 473 414 553 euml)
445 472 586 562 subiiciat
620 474 812 560 humiliatum
839 474 870 534 in
897 473 1040 578 omnibns
1071 493 1120 538 sa·

194 558 311 620 cardoti
330 576 405 621 sun
412 557 538 622 danto
605 584 638 619 :2
919 595 921 599 ι
999 589 1031 612 ι

277 641 314 716 8)
351 640 510 706 canones
536 642 683 722 poeniten
686 641 775 706 tiales
810 598 937 715 solum
935 603 1123 720 viventibus

193 730 263 786 sunt
283 720 434 820 impositi,
458 722 613 803 nihilque
620 725 712 786 morit
713 725 774 785 uris
796 702 968 786 secundiani
988 724 1116 786 eosdem

80 861 86 868 ,
192 808 313 869 debet
305 807 432 886 imponi.

276 893 312 965 9)
338 889 414 951 lnde
441 889 521 950 bene
541 888 638 951 nobis
665 886 739 952 lacit
727 890 860 971 tSpirit
860 911 896 951 ns
928 898 1051 951 sanctus
1080 892 1113 951 in

192 993 291 1070 papa,
314 970 529 1053 excipiendo
520 992 552 1033 ιιι
575 974 636 1034 suis
659 972 789 1054 decretis
812 993 935 1062 semper
955 974 1118 1048 articulum

194 1054 353 1119 martiaet
372 1054 577 1119 necessitatis
1096 1095 1098 1099 ,

277 1142 333 1214 lo)
357 1137 485 1199 indocte
455 1143 539 1201 tet
561 1138 641 1200 male
663 1136 779 1199 iaciunt
799 1135 1022 1205 sacerdotes”
988 1160 1049 1237 a,
1056 1139 1126 1233 qui

193 1222 285 1298 morit
285 1223 347 1282 uris
369 1222 576 1303 poenitentias
598 1222 764 1283 canonicas
786 1223 817 1322 in
838 1228 950 1341 purgat
951 1224 1048 1285 οιιιιιιι
1069 1243 1117 1285 re-

193 1310 325 1369 servant.

275 1386 333 1470 ιι)
360 1387 486 1449 Zizania
514 1387 569 1448 illa
599 1387 638 1449 de
665 1387 812 1451 mutanda
823 1407 944 1470 poena
965 1389 1118 1452 ca'nonica

191 1472 223 1531 in
245 1490 379 1552 poenam
396 1471 565 1554 purgatorii
589 1468 730 1532 videntur
748 1458 832 1536 certe
850 1470 1071 1536 dormientibus
1080 1468 1115 1555 ²]

192 1556 299 1635 episco
323 1574 349 1616 rs
372 1551 533 1616 seminata.

276 1555 332 1716 ιι)
363 1636 445 1713 Olim
479 1655 601 1718 poenae
627 1636 807 1705 canonicae
840 1641 902 1703 non
935 1644 1023 1725 post,
1059 1638 1116 1702 sed

178 1726 265 1780 ante
234 1718 518 1781 tabsoluiionem
547 1719 808 1817 imponebantur,
842 1727 986 1803 tanquam
1015 1727 1131 1795 tenta,

194 1809 298 1869 menta
319 1822 410 1866 verae
432 1803 638 1865 contritionis.-

277 1879 350 1966 13)
358 1884 497 1949 Morituri
519 1906 574 1967 per
594 1891 723 1949 mortem
747 1886 850 1949 omnia
873 1862 1006 1966 solvunt,
1029 1888 1115 1949 etle-

193 1969 284 2050 gibus
318 1988 472 2031 canonnm
507 1970 619 2031 mortni
652 1971 713 2032 iam
752 1974 837 2053 sunt,
812 1969 1058 2032 thabentes
1050 1989 1117 2033 rure

194 2072 297 2115 earnm
318 2043 553 2118 relaxationem

279 2135 350 2214 14)
360 2135 477 2222 Imperi
475 2141 543 2197 ecta
565 2137 680 2197 sanitas
702 2155 757 2197 seu
780 2136 890 2205 caritas
913 2137 1050 2199 morituri
1063 2156 1115 2198 ne·

195 2221 330 2280 cessario
364 2238 467 2280 secum
504 2218 563 2279 fert
551 2226 737 2300 tmagnum
770 2220 929 2297 timorem,
968 2225 1116 2301 tantoque

193 2304 351 2385 maiorem,
394 2310 488 2364 uanto
511 2304 612 2365 minor
632 2303 750 2365 fuerit
742 2322 819 2383 ipsa

199 2383 202 2390 ’
278 2389 334 2461 15)
367 2321 426 2452 dio
453 2386 597 2448 timaret
618 2387 727 2449 horror
748 2387 822 2448 satis
845 2392 893 2447 est
913 2405 947 2446 se
969 2385 1116 2465 s010,ut

193 2468 255 2528 alia
282 2475 422 2550 taceam,
455 2470 557 2530 facere
574 2469 722 2566 ,poenam
754 2469 942 2554 purgatorii,
974 2488 1041 2532 cum
1075 2470 1116 2532 sit

193 2553 351 2634 proximus
373 2552 597 2633 desperationis
619 2552 747 2615 horrori.

278 2637 334 2714 16)
358 2634 509 2707 Videntur
524 2633 670 2716 infernus,
682 2635 901 2731 purgatorium,
923 2636 1045 2699 coelum
1058 2635 1111 2698 dii·

192 2717 288 2862 geppe,
311 2720 390 2780 sicut
413 2719 605 2799 desperatio,
627 2734 725 2800 prope
748 2718 939 2799 desperatis,
962 2719 1110 2781 securitas

214 2822 223 2861 1
247 2809 346 2870 erunt.

277 2888 334 2961 17)
358 2885 573 2947 Necessarium
600 2884 721 2946 videtur
754 2850 950 2946 animabus
942 2905 972 2946 ιιι
1002 2905 1112 2968 purga-

193 2969 272 3030 torio
295 2969 375 3029 sicut
394 2969 490 3029 minui
510 2968 680 3048 horrorem,
702 2969 746 3030 ita
764 2967 869 3049 augeri
891 2968 1059 3032 caritatem.

111 3122 116 3128 ,
279 3047 336 3148 18)
360 3051 426 3113 Nec
447 3051 609 3132 probatum
633 3016 755 3114 videtur
776 3051 845 3111 ullis
869 3057 922 3111 aut
942 3051 1112 3135 rationibus

192 3140 246 3195 aut
274 3137 444 3231 scripturis,
479 3133 562 3230 quod
592 3137 653 3223 sint
680 3142 768 3198 extra
795 3140 908 3195 statum
935 3135 1035 3196 meriti
1058 3133 1113 3195 sen

193 3209 354 3298 augendae
377 3218 523 3278 caritatis.

277 3305 334 3378 19)
358 3300 424 3362 Nec
445 3302 506 3362 hoc
526 3301 690 3382 probatum
713 3319 784 3362 esse
805 3299 889 3362 videt
877 3306 934 3378 tur,
958 3300 1078 3381 quod
1054 3307 1115 3361 sint

193 3383 232 3444 de
256 3402 310 3444 sna
329 3384 428 3446 beatit
428 3383 521 3444 udins
544 3390 647 3446 certae
669 3391 847 3465 etsecurae,
871 3385 980 3445 saltem
994 3402 1113 3464 omnes,

192 3467 265 3530 licat
287 3487 345 3528 nos
367 3469 528 3531 certissimi
551 3469 702 3545 simus³).

274 3552 335 3629 20)
359 3550 454 3632 Igitur
486 3571 570 3632 papa
605 3571 661 3633 per
693 3551 907 3613 remissionem
942 3549 1113 3632 plenariam

248 3741 277 3805 l)
308 3739 391 3810 Apud
417 3759 441 3793 v.
471 3741 497 3795 d
527 3741 627 3796 llardt:
657 3757 727 3796 eam
781 3741 813 3807 2)
841 3739 910 3794 lbid.
942 3740 1113 3795 dormientis

171 3812 221 3878 3)
240 3811 323 3867 loia:
343 3827 449 3868 sumus
