2356 4200
331 255 366 310 us
384 254 484 310 artua
501 255 745 335 amnigenam.
933 240 996 320 193

75 427 147 488 dnm
164 426 317 488 intentant
336 426 381 488 illi
402 428 487 488 omni
515 432 671 507 exparte
694 431 842 505 mortem,
875 422 997 499 etiamsi

76 512 237 572 sclusam
258 528 327 570 eum
349 516 472 588 terrere,
492 530 556 572 non
579 510 739 589 occidere,
768 510 819 570 hic
840 511 899 590 ipsi
922 510 997 571 certi

75 600 147 654 sunt
168 612 236 653 eum
260 595 426 673 victurum,
450 595 518 673 ipse
541 612 614 655 vero
636 593 711 654 nihil
734 594 793 653 nisi
813 594 996 674 praesentis-²

76 678 183 738 simam
206 683 335 738 mortem
355 675 455 754 videt,
486 682 579 757 atque
607 694 645 737 eo
677 677 747 756 ipso
775 677 837 736 iam
860 677 999 737 moritur·²

76 759 176 820 solum
198 758 231 819 id
252 759 309 821 sibi
332 759 482 838 reliquum
504 770 566 839 est,
592 758 676 838 quod
698 758 835 819 nondum
859 761 898 819 sit
919 770 998 819 mor-

76 849 165 921 tuus,
199 844 358 922 possitque
380 843 529 903 redimis
551 850 667 920 morte,
701 841 756 902 sed
789 844 888 902 nescit
906 841 999 920 unde,-

76 926 161 986 videt
182 926 263 985 enim
286 925 356 988 illos
379 944 488 1006 posse,
509 925 562 986 sed
586 925 688 1003 nolle,
722 926 821 1006 igitur
836 925 900 986 fere
922 923 999 985 nihil
1041 972 1043 977 ,

76 1006 178 1068 differt
199 1027 218 1068 a
239 1016 370 1070 mortuo.
418 1009 466 1069 Ita
495 1008 617 1075 videtur
651 1009 683 1068 in
715 1026 832 1089 pavore
853 1014 999 1068 aeternae

77 1092 184 1152 mortis
206 1089 285 1169 lieri,
321 1090 405 1171 quod
426 1110 488 1152 non
513 1091 614 1169 alind,
648 1108 738 1170 quam
760 1099 916 1152 aeternam
940 1091 996 1151 eibi
1043 1094 1048 1103 ’

77 1175 214 1234 sentiunt
234 1175 393 1237 imminere
416 1175 561 1234 omniex
583 1181 681 1254 parte.
724 1173 775 1235 erc
797 1174 879 1234 canit
900 1173 1001 1233 eccle·J

78 1259 124 1317 sia
145 1275 201 1336 pro
224 1257 283 1317 eie:
319 1258 347 1318 A
369 1264 459 1338 porta
480 1257 568 1317 inseri
597 1276 671 1327 erue
698 1258 818 1318 animas
841 1274 944 1317 eornm
966 1256 1001 1316 'e't

78 1339 174 1400 libera
205 1359 257 1400 eas
284 1339 325 1411 de
356 1359 410 1401 ore
432 1340 567 1418 leonis,
589 1358 628 1400 ne
659 1339 827 1401 'absorbeat
859 1344 916 1400 eas'
941 1346 1000 1399 tau

78 1430 159 1484 torus
172 1427 231 1485 etc.
255 1422 360 1485 Solum
382 1423 413 1482 id
437 1423 586 1501 reliquum
609 1423 756 1484 scientiae
771 1421 896 1499 habent,
917 1421 1002 1501 quod·

77 1506 161 1566 Deus
183 1507 283 1586 possit
304 1525 359 1567 eos
382 1505 549 1583 redimere,
582 1505 637 1566 sed
671 1504 755 1566 nolle
785 1505 846 1566 illis
868 1505 1000 1567 videno:

80 1588 225 1649 Damnati
246 1608 320 1650 vero
343 1590 445 1649 statim
460 1589 531 1649 huie
544 1589 626 1650 malo
641 1587 757 1649 addunt
768 1588 1001 1668 blasphemiam,-

78 1671 123 1732 illi
146 1690 220 1732 vero
246 1673 345 1734 solam
368 1671 524 1751 querelam
547 1678 578 1732 et
590 1672 743 1752 gemitum
755 1671 1000 1750 inenarrabilem,

81 1755 243 1815 sustentati
265 1775 284 1815 a
306 1756 420 1834 spiritu.
463 1754 521 1813 Hic
542 1756 623 1814 enim
646 1754 740 1815 fertur
765 1755 887 1835 spiritus
910 1772 1002 1834 super

79 1856 186 1918 aquas,
209 1837 261 1898 ubi
283 1846 355 1897 sunt
376 1837 522 1898 tenebrae
544 1854 636 1917 super
659 1837 769 1897 faeiem
791 1836 905 1917 abyssi.
939 1835 1003 1898 eeu

80 1920 120 1981 de
141 1921 201 1982 hoe
222 1939 315 2000 supra
337 1919 438 1984 latius.
934 1936 937 1943 ¹
980 1934 989 1989 f

162 2003 323 2081 Secundo,
358 2004 454 2063 multa
475 2002 617 2083 leguntur
637 2001 798 2082 exempla,
829 2000 860 2060 in
891 1999 1004 2080 quibus·

80 2086 224 2162 habetur,
260 2086 424 2146 nonnullas
453 2087 571 2146 animas
593 2085 673 2144 hanc
694 2085 741 2144 sni
763 2089 859 2144 status
881 2083 1000 2143 incerti·

80 2168 216 2230 tudinem
239 2169 397 2229 confessas
424 2169 526 2230 fuisse.
583 2167 800 2247 Adparuernnt
826 2166 906 2226 edim
936 2172 1001 2225 tan·

79 2268 170 2332 qnam
194 2259 302 2312 euntes
324 2254 427 2313 vocati
448 2252 487 2311 ad
509 2251 665 2327 iudicium,
686 2258 721 2310 ut
741 2248 821 2310 des.
837 2248 1001 2310 Vincentio

80 2342 139 2395 etc.
184 2335 312 2395 Rursum
334 2335 479 2416 leguntur
497 2335 601 2411 multa,
622 2335 653 2393 in
667 2333 776 2413 quibus
788 2331 1005 2392 certitudinem-

79 2436 166 2477 susm
200 2426 270 2478 snnt
292 2418 462 2478 confessae.
506 2417 554 2476 Ad
578 2435 656 2496 quae
678 2416 757 2478 dico.
800 2416 919 2493 Primo,
952 2430 1002 2474 me

79 2501 195 2561 dixisse
231 2520 293 2561 non
326 2520 433 2562 omnes
462 2519 531 2560 esse
567 2507 676 2561 certas.
730 2499 890 2574 Secunde,
924 2497 1003 2557 forte

81 2584 189 2643 melius
211 2584 377 2643 secundnm
399 2583 573 2663 praedicta,
602 2601 655 2642 eas
683 2602 744 2643 non
773 2583 867 2642 fnisse
889 2589 998 2657 certas,

80 2666 134 2728 sed
158 2685 232 2746 prae
255 2668 348 2727 nimio
362 2667 467 2727 auxilii
483 2665 643 2741 desiderio,
664 2671 810 2745 tanquam
832 2671 935 2724 certae
958 2681 1003 2722 es3

80 2757 158 2825 sent,
181 2748 317 2809 velocius
340 2751 435 2810 iuvari
458 2750 649 2829 postulasse,
678 2750 722 2809 ita
754 2756 786 2808 ut
812 2748 914 2827 potins
936 2745 1002 2825 opi·

80 2840 191 2893 nentur
222 2839 254 2891 et
288 2832 394 2893 timide
426 2839 623 2912 praesumant
659 2850 728 2891 sese
761 2839 876 2907 certas,
909 2846 1001 2908 quarn

80 2916 187 2975 sciant.
231 2914 316 2975 Sient
345 2923 376 2976 et
402 2917 432 2975 in
458 2913 620 2994 evangelio
646 2913 684 2973 de
707 2913 909 2975 daemonibus
932 2911 1003 2971 dici-

80 3006 137 3072 tnr,
161 2997 245 3076 quod
267 2999 406 3059 sciebant
429 2999 527 3077 ipsum
551 3015 620 3056 esse
636 2996 799 3070 Christum,
821 2996 851 3056 id
873 3002 930 3072 est,
953 3008 1003 3054 ve·

80 3083 240 3142 hementer
264 3081 483 3161 opinabantur,
514 3087 546 3140 ut
567 3081 610 3138 ait
631 3081 746 3158 glossa.
790 3080 838 3141 lta
866 3080 947 3139 enim
969 3075 1004 3136 fit

81 3163 259 3225 naturaliter
286 3165 316 3223 in
349 3165 433 3225 omni
457 3162 598 3243 angustia
629 3168 660 3222 et
687 3182 819 3243 pavore,
855 3169 887 3221 nt
913 3161 1003 3220 vehe-

82 3255 200 3307 menter
221 3248 382 3327 opinemur
401 3266 460 3307 nos
485 3265 553 3306 esse
576 3244 675 3305 adhuc
701 3244 905 3326 reparabiles,
934 3252 1008 3303 cum

81 3339 183 3391 temen
206 3332 303 3410 magis
326 3332 366 3390 sit
387 3331 428 3390 ibi
449 3328 561 3409 cupido
583 3328 796 3410 reparationis,
819 3346 909 3406 quarn
933 3342 1005 3406 epea

82 3419 134 3474 aut
156 3413 304 3490 scientie,
334 3414 412 3472 sieut
442 3414 473 3472 in
502 3411 703 3472 daemonibus
725 3411 793 3491 plns
815 3411 871 3470 luit
892 3407 1004 3488 cupido

82 3495 209 3575 sciendi,
231 3515 322 3576 quam
340 3496 477 3556 scientia.
527 3494 663 3555 Scientia
689 3497 769 3555 enim
802 3493 907 3568 salutis
941 3506 1010 3552 non

81 3586 189 3660 pavet,
212 3598 313 3657 neque
335 3578 482 3658 trepidat,
516 3576 570 3637 sed
593 3577 737 3654 conlidit,
760 3578 925 3655 omniaque
945 3575 1006 3636 for-

83 3664 200 3725 tissime
222 3662 342 3724 tolerat.
710 3721 713 3726 .

163 3744 222 3806 Hic
243 3744 365 3805 dicitur:
400 3740 481 3818 Quid
512 3761 586 3824 ergo
615 3741 654 3802 de
682 3741 796 3804 indicio
817 3740 1005 3824 particulari,

109 3862 508 3914 tuusnopp.usmarus.
531 3861 696 3910 r.p.v01.n.
807 3867 846 3928 γὸ
1027 3838 1029 3843 ’
