<?xml version="1.0" encoding="UTF-8"?>
<!DOCTYPE html PUBLIC "-//W3C//DTD XHTML 1.0 Transitional//EN"
    "http://www.w3.org/TR/xhtml1/DTD/xhtml1-transitional.dtd">
<html xmlns="http://www.w3.org/1999/xhtml" xml:lang="en" lang="en">
 <head>
  <title>
</title>
<meta http-equiv="Content-Type" content="text/html;charset=utf-8" />
  <meta name='ocr-system' content='tesseract 3.04.00' />
  <meta name='ocr-capabilities' content='ocr_page ocr_carea ocr_par ocr_line ocrx_word'/>
</head>
<body>
  <div class='ocr_page' id='page_1' title='image "./dmartinilutheri01luthgoog_0947.png"; bbox 0 0 2356 4200; ppageno 0'>
   <div class='ocr_carea' id='block_1_1' title="bbox 181 263 814 331">
    <p class='ocr_par' dir='ltr' id='par_1_1' title="bbox 181 263 814 331">
     <span class='ocr_line' id='line_1_1' title="bbox 181 263 814 331; baseline -0.002 -12"><span class='ocrx_word' id='word_1_1' title='bbox 181 263 245 331; x_wconf 64' lang='lat'><strong>484</strong></span> <span class='ocrx_word' id='word_1_2' title='bbox 484 264 565 320; x_wconf 68' lang='lat' dir='ltr'><strong>Hert.</strong></span> <span class='ocrx_word' id='word_1_3' title='bbox 582 263 661 319; x_wconf 77' lang='lat' dir='ltr'><strong>Lntls.</strong></span> <span class='ocrx_word' id='word_1_4' title='bbox 680 263 814 319; x_wconf 79' lang='lat' dir='ltr'><strong>Defensio</strong></span> 
     </span>
    </p>
   </div>
   <div class='ocr_carea' id='block_1_2' title="bbox 108 430 1116 3587">
    <p class='ocr_par' dir='ltr' id='par_1_2' title="bbox 108 430 1110 764">
     <span class='ocr_line' id='line_1_2' title="bbox 140 430 1110 514; baseline -0.002 -16"><span class='ocrx_word' id='word_1_5' title='bbox 140 452 143 459; x_wconf 82' lang='lat'>&#39;</span> <span class='ocrx_word' id='word_1_6' title='bbox 182 436 288 513; x_wconf 74' lang='lat' dir='ltr'><strong>Qusre</strong></span> <span class='ocrx_word' id='word_1_7' title='bbox 308 439 412 497; x_wconf 84' lang='lat' dir='ltr'><strong>textus</strong></span> <span class='ocrx_word' id='word_1_8' title='bbox 435 440 482 496; x_wconf 90' lang='lat' dir='ltr'><strong>est</strong></span> <span class='ocrx_word' id='word_1_9' title='bbox 502 434 716 514; x_wconf 76' lang='lat' dir='ltr'><strong>quaerendus,</strong></span> <span class='ocrx_word' id='word_1_10' title='bbox 744 436 797 514; x_wconf 86' lang='lat' dir='ltr'><strong>qui</strong></span> <span class='ocrx_word' id='word_1_11' title='bbox 820 453 885 496; x_wconf 92' lang='lat' dir='ltr'><strong>non</strong></span> <span class='ocrx_word' id='word_1_12' title='bbox 906 434 949 495; x_wconf 86' lang='lat' dir='ltr'><strong>de</strong></span> <span class='ocrx_word' id='word_1_13' title='bbox 968 434 1031 497; x_wconf 86' lang='lat' dir='ltr'><strong>tide</strong></span> <span class='ocrx_word' id='word_1_14' title='bbox 1050 430 1110 496; x_wconf 72' lang='lat' dir='ltr'><strong>&#39;sut</strong></span> 
     </span>
     <span class='ocr_line' id='line_1_3' title="bbox 181 516 1110 600; baseline -0.002 -18"><span class='ocrx_word' id='word_1_15' title='bbox 181 518 385 582; x_wconf 71' lang='lat' dir='ltr'>conversione</span> <span class='ocrx_word' id='word_1_16' title='bbox 406 517 633 599; x_wconf 82' lang='lat' dir='ltr'><strong>Proelstorum,</strong></span> <span class='ocrx_word' id='word_1_17' title='bbox 663 516 718 579; x_wconf 92' lang='lat' dir='ltr'><strong>sed</strong></span> <span class='ocrx_word' id='word_1_18' title='bbox 740 517 780 578; x_wconf 92' lang='lat' dir='ltr'><strong>de</strong></span> <span class='ocrx_word' id='word_1_19' title='bbox 801 516 871 579; x_wconf 87' lang='lat' dir='ltr'><strong>solu</strong></span> <span class='ocrx_word' id='word_1_20' title='bbox 891 523 1051 600; x_wconf 70' lang='lat' dir='ltr'>potestate</span> <span class='ocrx_word' id='word_1_21' title='bbox 1070 519 1110 581; x_wconf 93' lang='lat' dir='ltr'><strong>lo·</strong></span> 
     </span>
     <span class='ocr_line' id='line_1_4' title="bbox 108 600 1109 682; baseline 0.001 -19"><span class='ocrx_word' id='word_1_22' title='bbox 108 624 110 629; x_wconf 94' lang='lat'>·</span> <span class='ocrx_word' id='word_1_23' title='bbox 182 609 310 682; x_wconf 77' lang='lat' dir='ltr'><strong>quatur,</strong></span> <span class='ocrx_word' id='word_1_24' title='bbox 337 619 417 681; x_wconf 83' lang='lat' dir='ltr'><strong>quse</strong></span> <span class='ocrx_word' id='word_1_25' title='bbox 446 602 512 662; x_wconf 91' lang='lat' dir='ltr'><strong>sius</strong></span> <span class='ocrx_word' id='word_1_26' title='bbox 538 600 600 662; x_wconf 88' lang='lat' dir='ltr'><strong>flde</strong></span> <span class='ocrx_word' id='word_1_27' title='bbox 630 620 701 662; x_wconf 89' lang='lat' dir='ltr'><strong>esse</strong></span> <span class='ocrx_word' id='word_1_28' title='bbox 722 600 836 681; x_wconf 80' lang='lat' dir='ltr'>possit,</span> <span class='ocrx_word' id='word_1_29' title='bbox 866 600 968 682; x_wconf 80' lang='lat' dir='ltr'><strong>quelis</strong></span> <span class='ocrx_word' id='word_1_30' title='bbox 990 609 1040 664; x_wconf 91' lang='lat' dir='ltr'><strong>est</strong></span> <span class='ocrx_word' id='word_1_31' title='bbox 1059 601 1109 663; x_wconf 86' lang='lat' dir='ltr'><strong>ills</strong></span> 
     </span>
     <span class='ocr_line' id='line_1_5' title="bbox 181 683 860 764; baseline -0.006 -16"><span class='ocrx_word' id='word_1_32' title='bbox 181 685 291 751; x_wconf 83' lang='lat' dir='ltr'><strong>Rome.</strong></span> <span class='ocrx_word' id='word_1_33' title='bbox 313 687 367 748; x_wconf 84' lang='lat'><strong>13:</strong></span> <span class='ocrx_word' id='word_1_34' title='bbox 387 683 495 746; x_wconf 88' lang='lat' dir='ltr'><strong>Omnis</strong></span> <span class='ocrx_word' id='word_1_35' title='bbox 517 690 656 764; x_wconf 86' lang='lat' dir='ltr'><strong>potestus</strong></span> <span class='ocrx_word' id='word_1_36' title='bbox 673 703 693 744; x_wconf 84' lang='lat' dir='ltr'><strong>s</strong></span> <span class='ocrx_word' id='word_1_37' title='bbox 712 683 779 745; x_wconf 90' lang='lat' dir='ltr'><strong>Deo</strong></span> <span class='ocrx_word' id='word_1_38' title='bbox 802 690 860 744; x_wconf 86' lang='lat' dir='ltr'><strong>eto.</strong></span> 
     </span>
    </p>

    <p class='ocr_par' dir='ltr' id='par_1_3' title="bbox 180 765 1110 1826">
     <span class='ocr_line' id='line_1_6' title="bbox 265 765 1108 846; baseline 0.001 -17"><span class='ocrx_word' id='word_1_39' title='bbox 265 766 410 829; x_wconf 79' lang='lat' dir='ltr'><strong>Similiter</strong></span> <span class='ocrx_word' id='word_1_40' title='bbox 431 766 568 828; x_wconf 79' lang='lat' dir='ltr'><strong>dicemus</strong></span> <span class='ocrx_word' id='word_1_41' title='bbox 589 767 629 828; x_wconf 92' lang='lat' dir='ltr'><strong>de</strong></span> <span class='ocrx_word' id='word_1_42' title='bbox 650 765 774 844; x_wconf 86' lang='lat' dir='ltr'><strong>tributo,</strong></span> <span class='ocrx_word' id='word_1_43' title='bbox 797 765 973 846; x_wconf 83' lang='lat' dir='ltr'><strong>quodPetri</strong></span> <span class='ocrx_word' id='word_1_44' title='bbox 991 785 1108 830; x_wconf 76' lang='lat' dir='ltr'><strong>suooes</strong></span> 
     </span>
     <span class='ocr_line' id='line_1_7' title="bbox 182 849 1106 930; baseline 0.002 -18"><span class='ocrx_word' id='word_1_45' title='bbox 182 869 234 914; x_wconf 88' lang='lat' dir='ltr'><strong>sor</strong></span> <span class='ocrx_word' id='word_1_46' title='bbox 254 851 385 929; x_wconf 89' lang='lat' dir='ltr'><strong>nonsit,</strong></span> <span class='ocrx_word' id='word_1_47' title='bbox 408 851 468 911; x_wconf 90' lang='lat' dir='ltr'><strong>nisi</strong></span> <span class='ocrx_word' id='word_1_48' title='bbox 489 851 540 930; x_wconf 92' lang='lat' dir='ltr'><strong>qui</strong></span> <span class='ocrx_word' id='word_1_49' title='bbox 561 850 731 930; x_wconf 78' lang='lat' dir='ltr'><strong>aequaliter</strong></span> <span class='ocrx_word' id='word_1_50' title='bbox 752 849 874 911; x_wconf 79' lang='lat' dir='ltr'><strong>Christo</strong></span> <span class='ocrx_word' id='word_1_51' title='bbox 902 856 936 911; x_wconf 87' lang='lat' dir='ltr'><strong>et</strong></span> <span class='ocrx_word' id='word_1_52' title='bbox 956 849 1051 914; x_wconf 88' lang='lat' dir='ltr'><strong>Petro</strong></span> <span class='ocrx_word' id='word_1_53' title='bbox 1074 853 1106 925; x_wconf 80' lang='lat'><strong>⁸)</strong></span> 
     </span>
     <span class='ocr_line' id='line_1_8' title="bbox 183 931 1107 1015; baseline -0.001 -19"><span class='ocrx_word' id='word_1_54' title='bbox 183 934 311 997; x_wconf 84' lang='lat' dir='ltr'><strong>solverit</strong></span> <span class='ocrx_word' id='word_1_55' title='bbox 330 935 509 1013; x_wconf 79' lang='lat' dir='ltr'><strong>imperatori</strong></span> <span class='ocrx_word' id='word_1_56' title='bbox 531 941 563 994; x_wconf 91' lang='lat' dir='ltr'><strong>et</strong></span> <span class='ocrx_word' id='word_1_57' title='bbox 576 932 765 1015; x_wconf 72' lang='lat' dir='ltr'><strong>principibus</strong></span> <span class='ocrx_word' id='word_1_58' title='bbox 778 931 884 994; x_wconf 90' lang='lat' dir='ltr'><strong>mundi</strong></span> <span class='ocrx_word' id='word_1_59' title='bbox 905 933 1031 1000; x_wconf 80' lang='lat' dir='ltr'><strong>tributu.</strong></span> <span class='ocrx_word' id='word_1_60' title='bbox 1052 932 1107 997; x_wconf 87' lang='lat' dir='ltr'><strong>Ubi</strong></span> 
     </span>
     <span class='ocr_line' id='line_1_9' title="bbox 182 1015 1109 1161; baseline 0 -83"><span class='ocrx_word' id='word_1_61' title='bbox 182 1036 257 1099; x_wconf 85' lang='lat' dir='ltr'><strong>ergo</strong></span> <span class='ocrx_word' id='word_1_62' title='bbox 281 1023 408 1078; x_wconf 89' lang='lat' dir='ltr'><strong>meusnt</strong></span> <span class='ocrx_word' id='word_1_63' title='bbox 428 1016 627 1077; x_wconf 79' lang='lat' dir='ltr'><strong>ecelesiarum</strong></span> <span class='ocrx_word' id='word_1_64' title='bbox 642 1015 826 1098; x_wconf 81' lang='lat' dir='ltr'><strong>privilegiu?</strong></span> <span class='ocrx_word' id='word_1_65' title='bbox 848 1015 998 1097; x_wconf 79' lang='lat' dir='ltr'><strong>Videsne,</strong></span> <span class='ocrx_word' id='word_1_66' title='bbox 1021 1035 1109 1161; x_wconf 67' lang='lat' dir='ltr'><strong>pusu-</strong></span> 
     </span>
     <span class='ocr_line' id='line_1_10' title="bbox 180 1098 1109 1180; baseline 0 -18"><span class='ocrx_word' id='word_1_67' title='bbox 180 1107 245 1163; x_wconf 88' lang='lat' dir='ltr'><strong>tum</strong></span> <span class='ocrx_word' id='word_1_68' title='bbox 272 1101 387 1180; x_wconf 81' lang='lat' dir='ltr'><strong>impiae</strong></span> <span class='ocrx_word' id='word_1_69' title='bbox 415 1099 501 1160; x_wconf 83' lang='lat' dir='ltr'><strong>Eooii</strong></span> <span class='ocrx_word' id='word_1_70' title='bbox 528 1099 653 1180; x_wconf 79' lang='lat' dir='ltr'><strong>glossae</strong></span> <span class='ocrx_word' id='word_1_71' title='bbox 682 1101 823 1180; x_wconf 84' lang='lat' dir='ltr'><strong>operiunt</strong></span> <span class='ocrx_word' id='word_1_72' title='bbox 850 1098 992 1160; x_wconf 76' lang='lat' dir='ltr'><strong>foramen</strong></span> <span class='ocrx_word' id='word_1_73' title='bbox 1038 1101 1109 1162; x_wconf 81' lang='lat' dir='ltr'><strong>uisis</strong></span> 
     </span>
     <span class='ocr_line' id='line_1_11' title="bbox 181 1180 1109 1264; baseline 0 -20"><span class='ocrx_word' id='word_1_74' title='bbox 181 1181 426 1264; x_wconf 75' lang='lat' dir='ltr'><strong>principatibus?</strong></span> <span class='ocrx_word' id='word_1_75' title='bbox 455 1181 533 1242; x_wconf 85' lang='lat' dir='ltr'><strong>Num</strong></span> <span class='ocrx_word' id='word_1_76' title='bbox 556 1184 581 1242; x_wconf 90' lang='lat' dir='ltr'><strong>si</strong></span> <span class='ocrx_word' id='word_1_77' title='bbox 602 1180 706 1244; x_wconf 86' lang='lat' dir='ltr'><strong>tributi</strong></span> <span class='ocrx_word' id='word_1_78' title='bbox 728 1181 899 1261; x_wconf 84' lang='lat' dir='ltr'><strong>sequslitus</strong></span> <span class='ocrx_word' id='word_1_79' title='bbox 921 1181 1037 1263; x_wconf 83' lang='lat' dir='ltr'><strong>probet</strong></span> <span class='ocrx_word' id='word_1_80' title='bbox 1056 1183 1109 1264; x_wconf 88' lang='lat' dir='ltr'><strong>pri-</strong></span> 
     </span>
     <span class='ocr_line' id='line_1_12' title="bbox 182 1264 1108 1346; baseline 0 -19"><span class='ocrx_word' id='word_1_81' title='bbox 182 1273 297 1327; x_wconf 73' lang='lat' dir='ltr'><strong>matum</strong></span> <span class='ocrx_word' id='word_1_82' title='bbox 319 1266 350 1327; x_wconf 93' lang='lat' dir='ltr'><strong>in</strong></span> <span class='ocrx_word' id='word_1_83' title='bbox 371 1265 480 1344; x_wconf 87' lang='lat' dir='ltr'><strong>Petro,</strong></span> <span class='ocrx_word' id='word_1_84' title='bbox 509 1264 602 1327; x_wconf 86' lang='lat' dir='ltr'><strong>debet</strong></span> <span class='ocrx_word' id='word_1_85' title='bbox 629 1267 722 1326; x_wconf 84' lang='lat' dir='ltr'><strong>etiem</strong></span> <span class='ocrx_word' id='word_1_86' title='bbox 751 1265 884 1326; x_wconf 89' lang='lat' dir='ltr'><strong>eundem</strong></span> <span class='ocrx_word' id='word_1_87' title='bbox 917 1265 1055 1346; x_wconf 85' lang='lat' dir='ltr'><strong>probsre</strong></span> <span class='ocrx_word' id='word_1_88' title='bbox 1081 1267 1108 1327; x_wconf 88' lang='lat' dir='ltr'><strong>in</strong></span> 
     </span>
     <span class='ocr_line' id='line_1_13' title="bbox 182 1347 1109 1428; baseline 0.001 -18"><span class='ocrx_word' id='word_1_89' title='bbox 182 1365 238 1411; x_wconf 86' lang='lat' dir='ltr'><strong>suo</strong></span> <span class='ocrx_word' id='word_1_90' title='bbox 261 1366 458 1427; x_wconf 77' lang='lat' dir='ltr'><strong>successore,</strong></span> <span class='ocrx_word' id='word_1_91' title='bbox 492 1366 532 1408; x_wconf 92' lang='lat' dir='ltr'><strong>ne</strong></span> <span class='ocrx_word' id='word_1_92' title='bbox 564 1349 603 1409; x_wconf 87' lang='lat' dir='ltr'><strong>sit</strong></span> <span class='ocrx_word' id='word_1_93' title='bbox 622 1348 745 1410; x_wconf 81' lang='lat' dir='ltr'><strong>Christo</strong></span> <span class='ocrx_word' id='word_1_94' title='bbox 766 1347 939 1428; x_wconf 79' lang='lat' dir='ltr'><strong>inaequalis</strong></span> <span class='ocrx_word' id='word_1_95' title='bbox 967 1355 1004 1410; x_wconf 90' lang='lat' dir='ltr'><strong>et</strong></span> <span class='ocrx_word' id='word_1_96' title='bbox 1023 1347 1109 1411; x_wconf 83' lang='lat' dir='ltr'><strong>Petro</strong></span> 
     </span>
     <span class='ocr_line' id='line_1_14' title="bbox 182 1429 1110 1510; baseline 0.001 -18"><span class='ocrx_word' id='word_1_97' title='bbox 182 1431 347 1493; x_wconf 90' lang='lat' dir='ltr'><strong>dissimilis.</strong></span> <span class='ocrx_word' id='word_1_98' title='bbox 377 1429 446 1506; x_wconf 82' lang='lat' dir='ltr'><strong>Qus</strong></span> <span class='ocrx_word' id='word_1_99' title='bbox 467 1431 620 1510; x_wconf 84' lang='lat' dir='ltr'><strong>sepientis</strong></span> <span class='ocrx_word' id='word_1_100' title='bbox 640 1431 724 1492; x_wconf 82' lang='lat' dir='ltr'><strong>Eeeii</strong></span> <span class='ocrx_word' id='word_1_101' title='bbox 754 1429 827 1510; x_wconf 90' lang='lat' dir='ltr'><strong>quid</strong></span> <span class='ocrx_word' id='word_1_102' title='bbox 854 1430 938 1491; x_wconf 85' lang='lat' dir='ltr'><strong>eliud</strong></span> <span class='ocrx_word' id='word_1_103' title='bbox 955 1431 1110 1510; x_wconf 80' lang='lat' dir='ltr'><strong>disoimus,</strong></span> 
     </span>
     <span class='ocr_line' id='line_1_15' title="bbox 183 1512 1110 1595; baseline 0.002 -19"><span class='ocrx_word' id='word_1_104' title='bbox 183 1532 274 1595; x_wconf 83' lang='lat' dir='ltr'><strong>quem</strong></span> <span class='ocrx_word' id='word_1_105' title='bbox 297 1533 406 1575; x_wconf 92' lang='lat' dir='ltr'><strong>omnes</strong></span> <span class='ocrx_word' id='word_1_106' title='bbox 426 1512 589 1594; x_wconf 75' lang='lat' dir='ltr'><strong>pontifices</strong></span> <span class='ocrx_word' id='word_1_107' title='bbox 611 1514 706 1575; x_wconf 78' lang='lat' dir='ltr'><strong>luisse</strong></span> <span class='ocrx_word' id='word_1_108' title='bbox 727 1515 839 1594; x_wconf 90' lang='lat' dir='ltr'><strong>impios</strong></span> <span class='ocrx_word' id='word_1_109' title='bbox 872 1521 904 1575; x_wconf 88' lang='lat' dir='ltr'><strong>et</strong></span> <span class='ocrx_word' id='word_1_110' title='bbox 925 1514 1110 1593; x_wconf 72' lang='lat' dir='ltr'><strong>haereticos,</strong></span> 
     </span>
     <span class='ocr_line' id='line_1_16' title="bbox 181 1596 1110 1678; baseline 0 -19"><span class='ocrx_word' id='word_1_111' title='bbox 181 1599 233 1678; x_wconf 82' lang='lat' dir='ltr'><strong>qui</strong></span> <span class='ocrx_word' id='word_1_112' title='bbox 262 1604 434 1658; x_wconf 76' lang='lat' dir='ltr'><strong>statuerunt</strong></span> <span class='ocrx_word' id='word_1_113' title='bbox 462 1596 501 1657; x_wconf 91' lang='lat' dir='ltr'><strong>de</strong></span> <span class='ocrx_word' id='word_1_114' title='bbox 528 1597 619 1658; x_wconf 87' lang='lat' dir='ltr'><strong>rebus</strong></span> <span class='ocrx_word' id='word_1_115' title='bbox 651 1596 803 1658; x_wconf 83' lang='lat' dir='ltr'><strong>eoelesise</strong></span> <span class='ocrx_word' id='word_1_116' title='bbox 835 1616 900 1658; x_wconf 92' lang='lat' dir='ltr'><strong>non</strong></span> <span class='ocrx_word' id='word_1_117' title='bbox 928 1597 1110 1678; x_wconf 67' lang='lat' dir='ltr'><strong>slieneudis,</strong></span> 
     </span>
     <span class='ocr_line' id='line_1_17' title="bbox 181 1679 1110 1761; baseline 0.002 -19"><span class='ocrx_word' id='word_1_118' title='bbox 181 1697 276 1742; x_wconf 79' lang='lat' dir='ltr'><strong>sensu</strong></span> <span class='ocrx_word' id='word_1_119' title='bbox 291 1725 299 1755; x_wconf 94' lang='lat'><strong>,</strong></span> <span class='ocrx_word' id='word_1_120' title='bbox 316 1679 463 1757; x_wconf 74' lang='lat' dir='ltr'><strong>tributo,</strong></span> <span class='ocrx_word' id='word_1_121' title='bbox 485 1680 630 1761; x_wconf 81' lang='lat' dir='ltr'><strong>veetiguli</strong></span> <span class='ocrx_word' id='word_1_122' title='bbox 660 1679 773 1744; x_wconf 85' lang='lat' dir='ltr'><strong>liberis.</strong></span> <span class='ocrx_word' id='word_1_123' title='bbox 808 1679 955 1760; x_wconf 87' lang='lat' dir='ltr'><strong>Denique</strong></span> <span class='ocrx_word' id='word_1_124' title='bbox 976 1681 1110 1744; x_wconf 79' lang='lat' dir='ltr'><strong>funditus</strong></span> 
     </span>
     <span class='ocr_line' id='line_1_18' title="bbox 181 1760 1019 1826; baseline 0.004 -3"><span class='ocrx_word' id='word_1_125' title='bbox 181 1761 261 1824; x_wconf 87' lang='lat' dir='ltr'><strong>hseo</strong></span> <span class='ocrx_word' id='word_1_126' title='bbox 280 1760 418 1824; x_wconf 80' lang='lat' dir='ltr'><strong>Eooisns</strong></span> <span class='ocrx_word' id='word_1_127' title='bbox 439 1764 592 1824; x_wconf 86' lang='lat' dir='ltr'><strong>sententis</strong></span> <span class='ocrx_word' id='word_1_128' title='bbox 615 1763 732 1824; x_wconf 84' lang='lat' dir='ltr'><strong>subruit</strong></span> <span class='ocrx_word' id='word_1_129' title='bbox 752 1764 799 1823; x_wconf 92' lang='lat' dir='ltr'><strong>ius</strong></span> <span class='ocrx_word' id='word_1_130' title='bbox 821 1765 1019 1826; x_wconf 78' lang='lat' dir='ltr'><strong>canonicum.</strong></span> 
     </span>
    </p>

    <p class='ocr_par' dir='ltr' id='par_1_4' title="bbox 180 1843 1110 2674">
     <span class='ocr_line' id='line_1_19' title="bbox 262 1843 1110 1926; baseline 0.004 -20"><span class='ocrx_word' id='word_1_131' title='bbox 262 1843 328 1906; x_wconf 84' lang='lat' dir='ltr'><strong>Aut</strong></span> <span class='ocrx_word' id='word_1_132' title='bbox 362 1844 556 1907; x_wconf 78' lang='lat' dir='ltr'><strong>confitebitur</strong></span> <span class='ocrx_word' id='word_1_133' title='bbox 575 1846 735 1907; x_wconf 77' lang='lat' dir='ltr'><strong>Romanos</strong></span> <span class='ocrx_word' id='word_1_134' title='bbox 761 1844 925 1926; x_wconf 79' lang='lat' dir='ltr'><strong>pontifices</strong></span> <span class='ocrx_word' id='word_1_135' title='bbox 946 1846 1042 1909; x_wconf 88' lang='lat' dir='ltr'><strong>Petro</strong></span> <span class='ocrx_word' id='word_1_136' title='bbox 1069 1848 1110 1908; x_wconf 94' lang='lat' dir='ltr'><strong>in·</strong></span> 
     </span>
     <span class='ocr_line' id='line_1_20' title="bbox 181 1928 1109 2011; baseline 0.003 -21"><span class='ocrx_word' id='word_1_137' title='bbox 181 1929 338 2008; x_wconf 76' lang='lat' dir='ltr'><strong>aequales,</strong></span> <span class='ocrx_word' id='word_1_138' title='bbox 361 1935 392 1989; x_wconf 91' lang='lat' dir='ltr'><strong>et</strong></span> <span class='ocrx_word' id='word_1_139' title='bbox 412 1929 541 2011; x_wconf 87' lang='lat' dir='ltr'><strong>perhoo</strong></span> <span class='ocrx_word' id='word_1_140' title='bbox 561 1947 625 1990; x_wconf 91' lang='lat' dir='ltr'><strong>non</strong></span> <span class='ocrx_word' id='word_1_141' title='bbox 634 1929 725 2009; x_wconf 88' lang='lat' dir='ltr'><strong>Petri,</strong></span> <span class='ocrx_word' id='word_1_142' title='bbox 747 1947 806 1989; x_wconf 87' lang='lat' dir='ltr'><strong>ueo</strong></span> <span class='ocrx_word' id='word_1_143' title='bbox 820 1928 944 2010; x_wconf 80' lang='lat' dir='ltr'><strong>Christi,</strong></span> <span class='ocrx_word' id='word_1_144' title='bbox 966 1929 1109 1992; x_wconf 83' lang='lat' dir='ltr'><strong>sedulio</strong></span> 
     </span>
     <span class='ocr_line' id='line_1_21' title="bbox 180 2010 1109 2094; baseline 0.001 -22"><span class='ocrx_word' id='word_1_145' title='bbox 180 2030 247 2072; x_wconf 85' lang='lat' dir='ltr'><strong>rum</strong></span> <span class='ocrx_word' id='word_1_146' title='bbox 266 2012 371 2092; x_wconf 90' lang='lat' dir='ltr'><strong>potius</strong></span> <span class='ocrx_word' id='word_1_147' title='bbox 393 2010 605 2092; x_wconf 73' lang='lat' dir='ltr'><strong>apostolorum</strong></span> <span class='ocrx_word' id='word_1_148' title='bbox 633 2031 704 2073; x_wconf 88' lang='lat' dir='ltr'><strong>esse</strong></span> <span class='ocrx_word' id='word_1_149' title='bbox 725 2031 938 2092; x_wconf 76' lang='lat' dir='ltr'><strong>successores,</strong></span> <span class='ocrx_word' id='word_1_150' title='bbox 966 2014 1021 2094; x_wconf 91' lang='lat' dir='ltr'><strong>qui</strong></span> <span class='ocrx_word' id='word_1_151' title='bbox 1049 2031 1109 2075; x_wconf 89' lang='lat' dir='ltr'><strong>non</strong></span> 
     </span>
     <span class='ocr_line' id='line_1_22' title="bbox 181 2093 1108 2177; baseline 0.002 -23"><span class='ocrx_word' id='word_1_152' title='bbox 181 2093 349 2157; x_wconf 88' lang='lat' dir='ltr'><strong>solverunt.</strong></span> <span class='ocrx_word' id='word_1_153' title='bbox 376 2095 423 2156; x_wconf 84' lang='lat' dir='ltr'><strong>lts</strong></span> <span class='ocrx_word' id='word_1_154' title='bbox 450 2094 500 2172; x_wconf 86' lang='lat' dir='ltr'><strong>fit,</strong></span> <span class='ocrx_word' id='word_1_155' title='bbox 535 2101 568 2155; x_wconf 93' lang='lat' dir='ltr'><strong>ut</strong></span> <span class='ocrx_word' id='word_1_156' title='bbox 595 2093 845 2175; x_wconf 86' lang='lat' dir='ltr'><strong>quondoquidem</strong></span> <span class='ocrx_word' id='word_1_157' title='bbox 874 2094 980 2156; x_wconf 81' lang='lat' dir='ltr'><strong>tribub</strong></span> <span class='ocrx_word' id='word_1_158' title='bbox 1005 2097 1108 2177; x_wconf 88' lang='lat' dir='ltr'><strong>pensio</strong></span> 
     </span>
     <span class='ocr_line' id='line_1_23' title="bbox 180 2176 1109 2258; baseline 0.005 -22"><span class='ocrx_word' id='word_1_159' title='bbox 180 2176 308 2239; x_wconf 89' lang='lat' dir='ltr'><strong>honoris</strong></span> <span class='ocrx_word' id='word_1_160' title='bbox 335 2184 365 2237; x_wconf 92' lang='lat' dir='ltr'><strong>et</strong></span> <span class='ocrx_word' id='word_1_161' title='bbox 393 2178 549 2258; x_wconf 85' lang='lat' dir='ltr'><strong>dignitstis</strong></span> <span class='ocrx_word' id='word_1_162' title='bbox 576 2178 669 2240; x_wconf 76' lang='lat' dir='ltr'><strong>luisse</strong></span> <span class='ocrx_word' id='word_1_163' title='bbox 695 2180 728 2238; x_wconf 88' lang='lat' dir='ltr'><strong>in</strong></span> <span class='ocrx_word' id='word_1_164' title='bbox 750 2178 872 2240; x_wconf 82' lang='lat' dir='ltr'><strong>Christo</strong></span> <span class='ocrx_word' id='word_1_165' title='bbox 894 2184 928 2239; x_wconf 91' lang='lat' dir='ltr'><strong>st</strong></span> <span class='ocrx_word' id='word_1_166' title='bbox 947 2177 1044 2241; x_wconf 87' lang='lat' dir='ltr'><strong>Petro</strong></span> <span class='ocrx_word' id='word_1_167' title='bbox 1065 2198 1109 2240; x_wconf 84' lang='lat' dir='ltr'><strong>ss·</strong></span> 
     </span>
     <span class='ocr_line' id='line_1_24' title="bbox 181 2261 1109 2341; baseline 0.002 -21"><span class='ocrx_word' id='word_1_168' title='bbox 181 2265 300 2338; x_wconf 88' lang='lat' dir='ltr'><strong>seritur,</strong></span> <span class='ocrx_word' id='word_1_169' title='bbox 323 2262 477 2321; x_wconf 75' lang='lat' dir='ltr'><strong>successio</strong></span> <span class='ocrx_word' id='word_1_170' title='bbox 501 2261 583 2321; x_wconf 88' lang='lat' dir='ltr'><strong>Petri</strong></span> <span class='ocrx_word' id='word_1_171' title='bbox 604 2268 687 2321; x_wconf 88' lang='lat' dir='ltr'><strong>sture</strong></span> <span class='ocrx_word' id='word_1_172' title='bbox 708 2280 771 2324; x_wconf 91' lang='lat' dir='ltr'><strong>non</strong></span> <span class='ocrx_word' id='word_1_173' title='bbox 793 2263 901 2341; x_wconf 88' lang='lat' dir='ltr'><strong>possit,</strong></span> <span class='ocrx_word' id='word_1_174' title='bbox 925 2262 987 2322; x_wconf 87' lang='lat' dir='ltr'><strong>nisi</strong></span> <span class='ocrx_word' id='word_1_175' title='bbox 1009 2262 1109 2323; x_wconf 85' lang='lat' dir='ltr'><strong>oleriei</strong></span> 
     </span>
     <span class='ocr_line' id='line_1_25' title="bbox 185 2342 1110 2424; baseline 0.002 -22"><span class='ocrx_word' id='word_1_176' title='bbox 185 2361 293 2403; x_wconf 90' lang='lat' dir='ltr'><strong>omnes</strong></span> <span class='ocrx_word' id='word_1_177' title='bbox 310 2342 509 2404; x_wconf 75' lang='lat' dir='ltr'><strong>sublimantur</strong></span> <span class='ocrx_word' id='word_1_178' title='bbox 520 2344 725 2423; x_wconf 79' lang='lat' dir='ltr'><strong>potestatibus</strong></span> <span class='ocrx_word' id='word_1_179' title='bbox 732 2344 964 2424; x_wconf 79' lang='lat' dir='ltr'><strong>temporalibus,</strong></span> <span class='ocrx_word' id='word_1_180' title='bbox 976 2346 1110 2406; x_wconf 72' lang='lat' dir='ltr'><strong>menime</strong></span> 
     </span>
     <span class='ocr_line' id='line_1_26' title="bbox 180 2424 1108 2507; baseline 0 -19"><span class='ocrx_word' id='word_1_181' title='bbox 180 2424 338 2488; x_wconf 82' lang='lat' dir='ltr'><strong>Romanus</strong></span> <span class='ocrx_word' id='word_1_182' title='bbox 360 2427 522 2506; x_wconf 81' lang='lat' dir='ltr'><strong>pontifex,</strong></span> <span class='ocrx_word' id='word_1_183' title='bbox 545 2445 635 2506; x_wconf 91' lang='lat' dir='ltr'><strong>quem</strong></span> <span class='ocrx_word' id='word_1_184' title='bbox 657 2447 732 2507; x_wconf 79' lang='lat' dir='ltr'><strong>prae</strong></span> <span class='ocrx_word' id='word_1_185' title='bbox 759 2429 868 2488; x_wconf 85' lang='lat' dir='ltr'><strong>esteris</strong></span> <span class='ocrx_word' id='word_1_186' title='bbox 890 2429 1041 2490; x_wconf 81' lang='lat' dir='ltr'><strong>convenit</strong></span> <span class='ocrx_word' id='word_1_187' title='bbox 1062 2446 1108 2488; x_wconf 83' lang='lat' dir='ltr'><strong>se·</strong></span> 
     </span>
     <span class='ocr_line' id='line_1_27' title="bbox 181 2507 1109 2590; baseline 0.002 -20"><span class='ocrx_word' id='word_1_188' title='bbox 181 2509 264 2589; x_wconf 82' lang='lat' dir='ltr'><strong>quoli</strong></span> <span class='ocrx_word' id='word_1_189' title='bbox 285 2507 404 2571; x_wconf 82' lang='lat' dir='ltr'><strong>honore</strong></span> <span class='ocrx_word' id='word_1_190' title='bbox 426 2509 617 2589; x_wconf 87' lang='lat' dir='ltr'><strong>etdignitste</strong></span> <span class='ocrx_word' id='word_1_191' title='bbox 639 2510 806 2571; x_wconf 86' lang='lat' dir='ltr'><strong>eumPetro</strong></span> <span class='ocrx_word' id='word_1_192' title='bbox 828 2511 956 2590; x_wconf 87' lang='lat' dir='ltr'><strong>fulgere,</strong></span> <span class='ocrx_word' id='word_1_193' title='bbox 978 2510 1042 2573; x_wconf 84' lang='lat' dir='ltr'><strong>hoo</strong></span> <span class='ocrx_word' id='word_1_194' title='bbox 1054 2519 1109 2589; x_wconf 87' lang='lat' dir='ltr'><strong>est,</strong></span> 
     </span>
     <span class='ocr_line' id='line_1_28' title="bbox 183 2592 1109 2674; baseline 0 -20"><span class='ocrx_word' id='word_1_195' title='bbox 183 2593 317 2654; x_wconf 90' lang='lat' dir='ltr'><strong>omnium</strong></span> <span class='ocrx_word' id='word_1_196' title='bbox 329 2593 468 2653; x_wconf 84' lang='lat' dir='ltr'><strong>maxime</strong></span> <span class='ocrx_word' id='word_1_197' title='bbox 480 2592 607 2653; x_wconf 87' lang='lat' dir='ltr'><strong>subesse</strong></span> <span class='ocrx_word' id='word_1_198' title='bbox 620 2593 650 2653; x_wconf 93' lang='lat' dir='ltr'><strong>in</strong></span> <span class='ocrx_word' id='word_1_199' title='bbox 665 2594 884 2674; x_wconf 82' lang='lat' dir='ltr'><strong>temporalibus</strong></span> <span class='ocrx_word' id='word_1_200' title='bbox 895 2593 1109 2674; x_wconf 89' lang='lat' dir='ltr'><strong>pensionibus.</strong></span> 
     </span>
    </p>

    <p class='ocr_par' dir='ltr' id='par_1_5' title="bbox 179 2674 1115 3501">
     <span class='ocr_line' id='line_1_29' title="bbox 265 2674 1109 2757; baseline 0.001 -20"><span class='ocrx_word' id='word_1_201' title='bbox 265 2674 436 2737; x_wconf 80' lang='lat' dir='ltr'><strong>OEooium</strong></span> <span class='ocrx_word' id='word_1_202' title='bbox 459 2683 591 2737; x_wconf 90' lang='lat' dir='ltr'><strong>tutorem</strong></span> <span class='ocrx_word' id='word_1_203' title='bbox 602 2677 762 2737; x_wconf 84' lang='lat' dir='ltr'><strong>Romanae</strong></span> <span class='ocrx_word' id='word_1_204' title='bbox 779 2677 940 2755; x_wconf 81' lang='lat' dir='ltr'><strong>ecclesius,</strong></span> <span class='ocrx_word' id='word_1_205' title='bbox 964 2695 1029 2757; x_wconf 92' lang='lat' dir='ltr'><strong>quo</strong></span> <span class='ocrx_word' id='word_1_206' title='bbox 1051 2676 1109 2738; x_wconf 69' lang='lat' dir='ltr'><strong>ele</strong></span> 
     </span>
     <span class='ocr_line' id='line_1_30' title="bbox 184 2760 1110 2839; baseline 0.001 -20"><span class='ocrx_word' id='word_1_207' title='bbox 184 2777 270 2820; x_wconf 89' lang='lat' dir='ltr'><strong>more</strong></span> <span class='ocrx_word' id='word_1_208' title='bbox 292 2778 342 2819; x_wconf 90' lang='lat' dir='ltr'><strong>me</strong></span> <span class='ocrx_word' id='word_1_209' title='bbox 364 2767 609 2839; x_wconf 81' lang='lat' dir='ltr'><strong>persequeretur,</strong></span> <span class='ocrx_word' id='word_1_210' title='bbox 632 2761 658 2819; x_wconf 90' lang='lat' dir='ltr'><strong>si</strong></span> <span class='ocrx_word' id='word_1_211' title='bbox 679 2760 741 2820; x_wconf 88' lang='lat' dir='ltr'><strong>hoo</strong></span> <span class='ocrx_word' id='word_1_212' title='bbox 757 2760 851 2822; x_wconf 88' lang='lat' dir='ltr'><strong>oshos</strong></span> <span class='ocrx_word' id='word_1_213' title='bbox 866 2760 1021 2821; x_wconf 81' lang='lat' dir='ltr'><strong>malorum</strong></span> <span class='ocrx_word' id='word_1_214' title='bbox 1042 2760 1110 2820; x_wconf 77' lang='lat' dir='ltr'><strong>fuis</strong></span> 
     </span>
     <span class='ocr_line' id='line_1_31' title="bbox 181 2841 1110 2922; baseline 0.002 -20"><span class='ocrx_word' id='word_1_215' title='bbox 181 2860 247 2902; x_wconf 90' lang='lat' dir='ltr'><strong>sem</strong></span> <span class='ocrx_word' id='word_1_216' title='bbox 274 2841 400 2902; x_wconf 81' lang='lat' dir='ltr'><strong>adortus</strong></span> <span class='ocrx_word' id='word_1_217' title='bbox 423 2851 531 2904; x_wconf 85' lang='lat' dir='ltr'><strong>eontra</strong></span> <span class='ocrx_word' id='word_1_218' title='bbox 554 2842 716 2922; x_wconf 80' lang='lat' dir='ltr'><strong>privilegis</strong></span> <span class='ocrx_word' id='word_1_219' title='bbox 735 2844 894 2904; x_wconf 80' lang='lat' dir='ltr'><strong>Romsnee</strong></span> <span class='ocrx_word' id='word_1_220' title='bbox 928 2841 1110 2904; x_wconf 78' lang='lat' dir='ltr'><strong>ecclesius?</strong></span> 
     </span>
     <span class='ocr_line' id='line_1_32' title="bbox 180 2921 1111 3005; baseline 0.005 -23"><span class='ocrx_word' id='word_1_221' title='bbox 180 2921 297 2982; x_wconf 82' lang='lat' dir='ltr'><strong>Adeste</strong></span> <span class='ocrx_word' id='word_1_222' title='bbox 324 2943 411 3004; x_wconf 83' lang='lat' dir='ltr'><strong>ergo,</strong></span> <span class='ocrx_word' id='word_1_223' title='bbox 437 2926 592 3005; x_wconf 80' lang='lat' dir='ltr'><strong>prinsipes</strong></span> <span class='ocrx_word' id='word_1_224' title='bbox 614 2932 728 3001; x_wconf 86' lang='lat' dir='ltr'><strong>terroe,</strong></span> <span class='ocrx_word' id='word_1_225' title='bbox 759 2926 877 2985; x_wconf 91' lang='lat' dir='ltr'><strong>utimini</strong></span> <span class='ocrx_word' id='word_1_226' title='bbox 898 2926 964 2986; x_wconf 89' lang='lat' dir='ltr'><strong>iure</strong></span> <span class='ocrx_word' id='word_1_227' title='bbox 996 2930 1111 3001; x_wconf 69' lang='lat' dir='ltr'><strong>vestrm</strong></span> 
     </span>
     <span class='ocr_line' id='line_1_33' title="bbox 181 3005 1111 3088; baseline 0.005 -25"><span class='ocrx_word' id='word_1_228' title='bbox 181 3005 376 3086; x_wconf 77' lang='lat' dir='ltr'><strong>evangelium</strong></span> <span class='ocrx_word' id='word_1_229' title='bbox 397 3008 500 3086; x_wconf 90' lang='lat' dir='ltr'><strong>vobis,</strong></span> <span class='ocrx_word' id='word_1_230' title='bbox 528 3015 636 3068; x_wconf 85' lang='lat' dir='ltr'><strong>sutore</strong></span> <span class='ocrx_word' id='word_1_231' title='bbox 656 3007 768 3085; x_wconf 84' lang='lat' dir='ltr'><strong>Eeoio,</strong></span> <span class='ocrx_word' id='word_1_232' title='bbox 790 3008 911 3087; x_wconf 86' lang='lat' dir='ltr'><strong>tribuit,</strong></span> <span class='ocrx_word' id='word_1_233' title='bbox 933 3015 966 3068; x_wconf 93' lang='lat' dir='ltr'><strong>ut</strong></span> <span class='ocrx_word' id='word_1_234' title='bbox 988 3007 1111 3088; x_wconf 87' lang='lat' dir='ltr'><strong>pontifl-</strong></span> 
     </span>
     <span class='ocr_line' id='line_1_34' title="bbox 183 3088 1112 3171; baseline 0.005 -24"><span class='ocrx_word' id='word_1_235' title='bbox 183 3104 235 3147; x_wconf 87' lang='lat' dir='ltr'><strong>oes</strong></span> <span class='ocrx_word' id='word_1_236' title='bbox 256 3088 338 3148; x_wconf 91' lang='lat' dir='ltr'><strong>Petri</strong></span> <span class='ocrx_word' id='word_1_237' title='bbox 360 3108 556 3151; x_wconf 78' lang='lat' dir='ltr'><strong>successores</strong></span> <span class='ocrx_word' id='word_1_238' title='bbox 579 3094 731 3152; x_wconf 85' lang='lat' dir='ltr'><strong>essenon</strong></span> <span class='ocrx_word' id='word_1_239' title='bbox 753 3092 893 3171; x_wconf 85' lang='lat' dir='ltr'><strong>possint,</strong></span> <span class='ocrx_word' id='word_1_240' title='bbox 928 3092 991 3151; x_wconf 89' lang='lat' dir='ltr'><strong>nisi</strong></span> <span class='ocrx_word' id='word_1_241' title='bbox 1023 3091 1112 3154; x_wconf 83' lang='lat' dir='ltr'><strong>vobis</strong></span> 
     </span>
     <span class='ocr_line' id='line_1_35' title="bbox 180 3168 1113 3254; baseline 0.006 -25"><span class='ocrx_word' id='word_1_242' title='bbox 180 3168 356 3254; x_wconf 75' lang='lat' dir='ltr'><strong>penduntl)</strong></span> <span class='ocrx_word' id='word_1_243' title='bbox 381 3171 506 3251; x_wconf 83' lang='lat' dir='ltr'><strong>tribute,</strong></span> <span class='ocrx_word' id='word_1_244' title='bbox 537 3175 602 3235; x_wconf 92' lang='lat' dir='ltr'><strong>imo</strong></span> <span class='ocrx_word' id='word_1_245' title='bbox 624 3174 740 3235; x_wconf 81' lang='lat' dir='ltr'><strong>auxilio</strong></span> <span class='ocrx_word' id='word_1_246' title='bbox 762 3170 865 3235; x_wconf 87' lang='lat' dir='ltr'><strong>vestro</strong></span> <span class='ocrx_word' id='word_1_247' title='bbox 888 3176 1113 3254; x_wconf 87' lang='lat' dir='ltr'><strong>ooopersmini,</strong></span> 
     </span>
     <span class='ocr_line' id='line_1_36' title="bbox 180 3254 1115 3336; baseline 0.006 -23"><span class='ocrx_word' id='word_1_248' title='bbox 180 3260 292 3333; x_wconf 80' lang='lat' dir='ltr'><strong>augete</strong></span> <span class='ocrx_word' id='word_1_249' title='bbox 324 3254 502 3335; x_wconf 79' lang='lat' dir='ltr'><strong>dignitatem</strong></span> <span class='ocrx_word' id='word_1_250' title='bbox 531 3263 563 3317; x_wconf 87' lang='lat' dir='ltr'><strong>et</strong></span> <span class='ocrx_word' id='word_1_251' title='bbox 584 3257 733 3318; x_wconf 90' lang='lat' dir='ltr'><strong>honorem</strong></span> <span class='ocrx_word' id='word_1_252' title='bbox 757 3257 896 3334; x_wconf 90' lang='lat' dir='ltr'><strong>illorum,</strong></span> <span class='ocrx_word' id='word_1_253' title='bbox 926 3255 958 3316; x_wconf 94' lang='lat' dir='ltr'><strong>id</strong></span> <span class='ocrx_word' id='word_1_254' title='bbox 988 3265 1058 3336; x_wconf 90' lang='lat' dir='ltr'><strong>est,</strong></span> <span class='ocrx_word' id='word_1_255' title='bbox 1082 3263 1115 3318; x_wconf 88' lang='lat' dir='ltr'><strong>ut</strong></span> 
     </span>
     <span class='ocr_line' id='line_1_37' title="bbox 179 3336 1115 3419; baseline 0.004 -22"><span class='ocrx_word' id='word_1_256' title='bbox 179 3336 249 3416; x_wconf 89' lang='lat' dir='ltr'><strong>plus</strong></span> <span class='ocrx_word' id='word_1_257' title='bbox 278 3356 369 3416; x_wconf 86' lang='lat' dir='ltr'><strong>quem</strong></span> <span class='ocrx_word' id='word_1_258' title='bbox 406 3341 500 3400; x_wconf 84' lang='lat' dir='ltr'><strong>eeteri</strong></span> <span class='ocrx_word' id='word_1_259' title='bbox 527 3338 647 3401; x_wconf 82' lang='lat' dir='ltr'><strong>Christo</strong></span> <span class='ocrx_word' id='word_1_260' title='bbox 674 3349 705 3401; x_wconf 91' lang='lat' dir='ltr'><strong>et</strong></span> <span class='ocrx_word' id='word_1_261' title='bbox 733 3341 825 3401; x_wconf 88' lang='lat' dir='ltr'><strong>Petro</strong></span> <span class='ocrx_word' id='word_1_262' title='bbox 863 3340 1014 3419; x_wconf 85' lang='lat' dir='ltr'><strong>sequules</strong></span> <span class='ocrx_word' id='word_1_263' title='bbox 1042 3342 1115 3419; x_wconf 85' lang='lat' dir='ltr'><strong>sint,</strong></span> 
     </span>
     <span class='ocr_line' id='line_1_38' title="bbox 179 3419 730 3501; baseline 0.009 -22"><span class='ocrx_word' id='word_1_264' title='bbox 179 3419 248 3499; x_wconf 87' lang='lat' dir='ltr'><strong>plus</strong></span> <span class='ocrx_word' id='word_1_265' title='bbox 269 3420 408 3501; x_wconf 86' lang='lat' dir='ltr'><strong>pendunt</strong></span> <span class='ocrx_word' id='word_1_266' title='bbox 430 3419 462 3499; x_wconf 87' lang='lat'><strong>¹)</strong></span> <span class='ocrx_word' id='word_1_267' title='bbox 488 3422 629 3484; x_wconf 93' lang='lat' dir='ltr'><strong>omnibus</strong></span> <span class='ocrx_word' id='word_1_268' title='bbox 651 3424 730 3485; x_wconf 80' lang='lat' dir='ltr'><strong>eliis.</strong></span> 
     </span>
    </p>

    <p class='ocr_par' dir='ltr' id='par_1_6' title="bbox 262 3502 1116 3587">
     <span class='ocr_line' id='line_1_39' title="bbox 262 3502 1116 3587; baseline 0.008 -23"><span class='ocrx_word' id='word_1_269' title='bbox 262 3502 324 3564; x_wconf 84' lang='lat' dir='ltr'><strong>Sed</strong></span> <span class='ocrx_word' id='word_1_270' title='bbox 344 3503 405 3564; x_wconf 88' lang='lat' dir='ltr'><strong>huo</strong></span> <span class='ocrx_word' id='word_1_271' title='bbox 425 3507 520 3566; x_wconf 79' lang='lat' dir='ltr'><strong>soteri</strong></span> <span class='ocrx_word' id='word_1_272' title='bbox 541 3505 649 3587; x_wconf 88' lang='lat' dir='ltr'><strong>debet,</strong></span> <span class='ocrx_word' id='word_1_273' title='bbox 671 3508 723 3586; x_wconf 89' lang='lat' dir='ltr'><strong>qui</strong></span> <span class='ocrx_word' id='word_1_274' title='bbox 743 3507 867 3586; x_wconf 88' lang='lat' dir='ltr'><strong>spiritus</strong></span> <span class='ocrx_word' id='word_1_275' title='bbox 889 3508 992 3568; x_wconf 82' lang='lat' dir='ltr'><strong>sensti</strong></span> <span class='ocrx_word' id='word_1_276' title='bbox 1017 3507 1116 3570; x_wconf 80' lang='lat' dir='ltr'><strong>verbs</strong></span> 
     </span>
    </p>
   </div>
   <div class='ocr_carea' id='block_1_3' title="bbox 231 3694 646 3839">
    <p class='ocr_par' dir='ltr' id='par_1_7' title="bbox 231 3694 646 3839">
     <span class='ocr_line' id='line_1_40' title="bbox 232 3694 440 3762; baseline 0.014 -14"><span class='ocrx_word' id='word_1_277' title='bbox 232 3694 261 3762; x_wconf 68' lang='lat' dir='ltr'><strong>‘j</strong></span> <span class='ocrx_word' id='word_1_278' title='bbox 280 3697 374 3751; x_wconf 85' lang='lat' dir='ltr'><strong>lietth.</strong></span> <span class='ocrx_word' id='word_1_279' title='bbox 396 3696 440 3753; x_wconf 78' lang='lat'><strong>17.</strong></span> 
     </span>
     <span class='ocr_line' id='line_1_41' title="bbox 231 3766 646 3839; baseline 0.002 -16"><span class='ocrx_word' id='word_1_280' title='bbox 231 3766 264 3836; x_wconf 85' lang='lat'><strong>1)</strong></span> <span class='ocrx_word' id='word_1_281' title='bbox 283 3769 317 3823; x_wconf 90' lang='lat' dir='ltr'><strong>Iu</strong></span> <span class='ocrx_word' id='word_1_282' title='bbox 336 3768 380 3825; x_wconf 76' lang='lat' dir='ltr'><strong>sd.</strong></span> <span class='ocrx_word' id='word_1_283' title='bbox 398 3768 477 3823; x_wconf 73' lang='lat' dir='ltr'><strong>ism:</strong></span> <span class='ocrx_word' id='word_1_284' title='bbox 496 3769 646 3839; x_wconf 86' lang='lat' dir='ltr'><strong>pendssut.</strong></span> 
     </span>
    </p>
   </div>
   <div class='ocr_carea' id='block_1_4' title="bbox 584 3876 596 3919">
    <p class='ocr_par' dir='ltr' id='par_1_8' title="bbox 584 3876 596 3919">
     <span class='ocr_line' id='line_1_42' title="bbox 584 3876 596 3919; baseline 0 0"><span class='ocrx_word' id='word_1_285' title='bbox 584 3876 596 3919; x_wconf 84' lang='lat' dir='ltr'><strong>l</strong></span> 
     </span>
    </p>
   </div>
   <div class='ocr_carea' id='block_1_5' title="bbox 0 0 1185 4200">
    <p class='ocr_par' dir='ltr' id='par_1_9' title="bbox 0 0 1185 4200">
     <span class='ocr_line' id='line_1_43' title="bbox 0 0 1185 4200; baseline 0 0"><span class='ocrx_word' id='word_1_286' title='bbox 0 0 1185 4200; x_wconf 95' lang='lat' dir='ltr'><strong> </strong></span> 
     </span>
    </p>
   </div>
  </div>
 </body>
</html>
