2356 4200
118 254 167 331 ᾖ
377 256 534 329 Responsio
552 253 587 319 D.
604 253 685 309 Mart.
707 252 820 319 Lntheri

127 429 318 506 mittiue),
352 428 424 507 quia
453 432 516 488 tam
537 443 620 507 papa
648 445 740 506 quam
761 425 926 487 concilium
948 429 1053 506 potest

128 531 247 593 errare,
275 517 310 572 nt
337 510 434 573 habas
455 509 707 571 Panormitanum
729 509 854 590 egregie
874 509 956 571 haec
976 513 1052 575 aas·

126 601 244 663 tantem
276 594 328 656 lib.
352 599 379 656 1.
411 592 450 654 de
482 594 593 655 consti.
636 611 697 653 oa:
729 589 925 672 significasti.
974 590 1049 657 loeo

127 676 328 742 fundamenta
346 682 412 755 tua,
445 675 497 736 ubi
518 674 682 737 distinxisti
704 674 868 737 ecclesiam
895 675 928 735 in
949 693 1050 743 essen·

126 759 248 837 tialem,
281 759 593 841 repraesentativum,
621 757 798 834 virtualem,
838 763 872 817 ut
904 758 989 819 iacet
1020 757 1050 819 in

128 843 241 922 verbis,
261 861 356 923 nego,
379 851 410 903 et
430 859 487 922 pro
509 840 606 901 nihilo
628 840 740 901 habeo.
777 839 844 900 Tua
866 841 950 903 enim
972 845 1050 914 sunt,

125 925 158 997 id
180 932 237 1000 ast,
258 925 326 987 siue
349 925 499 1004 scriptura
521 930 552 983 et
572 925 737 984 autoritate
759 923 823 983 ulla
842 923 977 1002 prolata.

207 1007 277 1088 Ego
318 1007 481 1068 ecclesiam
522 1006 692 1067 virtualiter
725 1025 788 1066 non
823 1006 888 1065 scio
925 1006 986 1067 nisi
1019 1007 1049 1069 in

128 1089 262 1169 Christo,
284 1089 549 1170 repraesentativa
570 1107 633 1149 non
656 1089 714 1149 nisi
736 1090 767 1148 in
790 1088 934 1151 concilio.
968 1088 1049 1156 Alie

125 1175 211 1254 quin,
230 1173 258 1235 si
279 1171 423 1253 quicquid
436 1172 510 1233 lacit
522 1171 655 1233 ecelesia
669 1171 817 1250 virtualis,
835 1170 940 1250 idest,
960 1190 1049 1252 papa,

126 1256 239 1317 factum
263 1255 414 1337 ecclesiae
437 1254 560 1329 dicitur,
594 1254 743 1331 obsecro,
776 1260 893 1332 quanta
912 1262 1050 1322 inonstm

127 1341 159 1403 in
190 1338 324 1416 ccclesia
353 1357 409 1418 pro
432 1337 512 1398 bene
542 1337 630 1397 fantis
651 1336 905 1403 numerabimus?
939 1337 1049 1404 bionna

128 1415 343 1485 luliissseoundi
366 1419 536 1481 horrendas
559 1419 724 1484 Christiani
746 1421 905 1500 sanguinis
929 1419 1049 1489 affude-

127 1502 207 1565 nes?
244 1503 356 1565 Nonne
378 1503 537 1564 Bonefacii
567 1504 670 1563 notavi
697 1501 890 1582 tyrannides,
922 1503 956 1571 in
985 1509 1048 1569 toto

128 1585 203 1647 orbe
217 1584 450 1655 abominabiles,
475 1591 506 1646 st
520 1604 576 1664 per
591 1604 700 1647 omnes
716 1585 877 1649 chronicas
890 1585 1048 1666 pulsatae?

127 1669 174 1729 De
196 1687 256 1751 quo
278 1675 381 1729 exstat
400 1667 612 1748 proverbium:
633 1668 762 1728 Intravit
782 1676 816 1728 ut
836 1667 965 1748 vulpes,
985 1687 1049 1750 reg·

127 1752 213 1815 navit
238 1757 272 1812 ut
292 1751 362 1828 leo,
390 1756 528 1811 mortuus
551 1757 599 1810 est
621 1759 655 1810 ut
676 1752 770 1812 canis.
803 1751 874 1813 Non
898 1770 936 1815 eo
959 1750 1047 1815 nobis

127 1833 252 1893 taudem
274 1833 471 1914 persuadeas,
493 1841 528 1892 ut
548 1832 604 1894 sub
619 1834 744 1893 nornine
768 1835 1048 1912 repraesentativus

127 1923 160 1979 et
179 1917 317 1984 virtualis
339 1917 492 1976 ecclesiae
505 1917 609 1979 omnia
630 1916 682 1975 illa
700 1917 760 1976 iam
776 1916 827 1977 diu
843 1916 1049 1985 intolerabilia

126 2005 271 2088 portenta
291 2000 322 2058 in
348 1999 479 2059 ecclesia
500 2016 556 2079 pro
579 1998 666 2059 factis
681 2000 884 2061 sanctissimis
898 1999 1048 2067 ecelesiae

128 2082 276 2145 colamus.
319 2081 367 2141 Ne
388 2101 492 2141 verum
525 2081 638 2160 lanias,
672 2081 754 2160 quod
784 2083 880 2142 noshi
903 2081 1048 2151 Germani

128 2163 167 2224 de
189 2170 242 2227 tuo
266 2163 392 2244 dialogo
421 2165 573 2239 sentiunt,
606 2164 741 2243 scilicet,
776 2171 807 2225 te
836 2166 898 2226 hoo
924 2165 1047 2246 dialogo

127 2266 190 2311 non
219 2253 282 2315 tam
307 2247 508 2321 Martinuml)
539 2246 704 2325 revellere,
732 2267 824 2325 quarn
852 2247 993 2328 pontifici
1020 2253 1049 2309 et

127 2328 260 2410 collegio
298 2328 497 2391 cardinalium
535 2329 652 2389 adulari
682 2329 827 2392 voluisse.
883 2330 915 2391 Si
947 2337 1047 2395 autem

127 2431 208 2493 papa
242 2420 289 2473 est
317 2411 454 2473 virtualis
489 2411 637 2491 ecclesia,
666 2411 837 2474 cardinales
871 2432 1047 2494 repraesen-

126 2496 241 2573 tativa,
285 2495 428 2557 collectio
472 2493 608 2556 fidelium
652 2494 845 2574 essentialis,
881 2497 955 2575 quid
997 2515 1047 2561 vn·

128 2577 212 2638 cabis
244 2577 407 2638 concilium
431 2578 577 2657 generale
611 2578 781 2640 ecclesiae?
812 2578 881 2640 Non
920 2585 968 2640 eat
994 2580 1047 2645 vir·

127 2660 238 2721 tualis?
260 2680 322 2722 non
345 2660 630 2741 repraesentativa?
660 2679 722 2721 non
746 2661 941 2723 essentialis?
970 2659 1047 2738 Quid

127 2743 214 2804 tum?
247 2743 379 2804 fortasse
406 2743 621 2822 accidentalis,
655 2744 820 2804 nominalis
854 2751 885 2806 et
916 2745 1046 2810 verbalis

7 2885 10 2888 Α
125 2824 267 2888 ecclesia.

207 2907 356 2989 Septimo,
378 2927 490 2971 novam
506 2907 586 2969 hauc
599 2908 738 2969 Thomae
758 2909 801 2969 tui
813 2909 1045 2991 intelligentiam

126 2991 242 3070 reiicio,
261 3010 321 3070 qua
341 2991 417 3051 illud
441 2990 565 3050 verbum
589 2990 716 3052 Christi:
745 2990 960 3072 Quodcunque
991 2993 1046 3057 sol·

126 3075 206 3136 veris
229 3081 284 3134 eto,
310 3074 355 3134 sio
375 3072 608 3153 intelligendum
630 3077 789 3155 proponis,
811 3080 845 3136 ut
859 3074 968 3139 Petrus
992 3075 1046 3137 sol·

126 3175 199 3219 vere
230 3157 330 3239 possit
359 3158 451 3217 etiam
483 3156 589 3217 aDeo
611 3157 744 3218 inflictas
765 3173 894 3237 poenas.
939 3159 1045 3225 lterum

126 3258 258 3321 quaero,
281 3258 342 3318 qua
364 3241 545 3317 autoritate,
574 3259 634 3319 qua
662 3240 811 3301 industria
837 3240 919 3302 hanc
941 3241 1045 3309 iutelli-

125 3323 260 3404 gentiam
285 3341 324 3382 ex
346 3323 413 3384 istis
430 3322 531 3384 verbis
544 3323 667 3385 trahes?
690 3323 751 3383 Cur
773 3342 836 3384 non
850 3324 885 3385 B.
913 3324 1045 3387 Thomas

126 3410 194 3466 tuus
216 3413 317 3467 tecum
339 3405 484 3484 relinquit
498 3425 567 3466 eum
587 3425 720 3479 sensum,
744 3424 834 3485 quem
847 3404 1044 3471 ecclesiastini

125 3494 244 3571 patres,
276 3490 455 3568 praesertim
478 3487 717 3569 Chrysostomus
746 3488 785 3549 ad
818 3489 977 3571 Ebraeos,
1007 3499 1044 3553 te·

126 3578 267 3649 nuerunt,
288 3578 322 3631 ut
342 3571 379 3632 iis
391 3571 422 3646 ²)
439 3570 539 3632 verbis
555 3573 630 3633 nihil
652 3571 735 3634 aliud
749 3571 887 3639 Christus
907 3574 1043 3650 voluerit.

197 3758 227 3828 1)
248 3760 279 3813 ln
298 3760 361 3814 edit.
380 3760 456 3814 lem:
475 3760 634 3823 Luthsrum.
671 3760 703 3833 2)
726 3759 807 3819 lbra:
826 3761 879 3824 bis.
