2356 4200
313 358 315 363 ,
382 253 418 359 ιι
436 306 469 360 n.
491 288 563 359 sris.
582 282 667 361 mear.
687 304 753 359 sax.
985 296 1048 368 tot

211 474 322 537 lterum
345 485 436 559 atque
458 479 566 539 iterum
588 495 676 559 rogo,
699 483 733 538 ut
745 476 924 547 Domiuatio
945 479 1049 537 vestra
1084 478 1089 507 ¹

128 558 349 622 illustrissima·
367 581 429 622 non
462 562 618 642 permittat
639 580 672 621 sa
700 560 799 640 decipi
827 578 846 619 a
868 558 1048 620 dicentibusr

128 641 211 703 Nihil
240 643 311 703 mali
340 646 499 705 continent
520 645 633 704 Fratris
663 644 783 704 Martini
804 642 927 704 Lutberi
956 641 1047 720 dicta,

128 745 188 788 uec
214 733 311 806 ponat
339 728 489 791 maculam
517 727 549 786 iu
577 727 705 806 gloriam
732 726 880 788 Maiorum
915 743 1049 803 suorum,

128 812 169 871 et'
182 828 285 889 susm,
319 818 447 891 propter
465 814 559 871 uuum
582 809 791 890 Faterculum,
813 816 847 870 ut
867 809 959 870 toties
980 827 1048 888 pro·

129 893 220 954 misit.
242 891 310 973 Ego
324 894 437 974 loquor
457 913 564 974 puram
586 895 756 972 veritatem,
780 900 810 954 et
831 890 961 953 servabo
974 892 1048 952 lesu

129 975 242 1037 Christi
262 978 422 1057 regulam:
445 977 632 1038 A·iructibus
645 995 750 1038 eorum
764 974 960 1057 cognoscetis
983 981 1048 1037 eos.

128 1058 215 1120 Haec
236 1079 335 1139 pauca
358 1080 449 1120 manu
471 1060 605 1141 propria.

211 1141 247 1202 s.
270 1143 307 1202 V.
330 1149 362 1204 et
380 1143 532 1204 illustriss,
554 1143 591 1205 D.

295 1225 335 1286 ad
356 1226 505 1306 obsequia

390 1309 536 1389 Thomas,
559 1307 589 1370 S.
612 1308 689 1369 sixti
711 1306 891 1386 Cardiualis,
913 1305 1047 1387 Legatus

552 1392 753 1472 Apostolicaa
776 1390 872 1452 Sedis.

128 1581 427 1678 Illustrissimi
470 1582 691 1705 Principis
734 1593 790 1684 D..
820 1579 1049 1694 Fridcrici

129 1784 224 1844 Ducis
246 1784 411 1862 Saxoniae,
432 1787 564 1847 Romani
583 1786 709 1866 Imperii
725 1785 888 1859 Electoris,
909 1784 1047 1864 Respon-

128 1869 175 1927 sio
198 1867 237 1927 ad
262 1867 364 1929 literas
387 1869 424 1929 D.
437 1868 585 1948 Thomas,
608 1868 701 1930 Tituli
723 1868 753 1930 S.
775 1867 853 1928 Sixti
867 1865 1048 1946 Gordiualis,

473 1950 703 2031 praecedentes.

211 2115 479 2178 Revereudissimc
515 2117 546 2177 in
575 2117 696 2179 Christo
716 2118 823 2193 Pater,
854 2113 1048 2194 singulariter

128 2197 219 2273 uobis
251 2197 448 2260 dilectissime
470 2201 603 2262 Domine
633 2207 665 2262 et
685 2201 793 2276 amice,
815 2198 944 2259 Vestrae
966 2196 1048 2258 Gari-

126 2281 199 2343 tatis
220 2281 324 2341 literas
347 2281 396 2343 dia
418 2281 517 2345 XXV.
541 2283 650 2345 Octob.
679 2285 839 2364 Augustae
859 2280 964 2358 datas,
997 2278 1047 2340 dia
1083 2301 1085 2304 ’

125 2362 211 2426 XIX.
232 2363 384 2426 Novamb.
406 2385 461 2445 per
484 2366 675 2427 tabellarium
688 2386 750 2428 non
773 2364 969 2446 peculiarem,
992 2362 1047 2424 sed

124 2446 281 2509 fortuitum
303 2446 456 2526 redditas,
477 2451 668 2529 accepimus,
691 2449 730 2510 ad
752 2451 789 2512 D.
808 2449 969 2509 ldartiuuru
990 2445 1047 2506 Lu·

125 2529 246 2590 theram
267 2529 524 2610 Augustiuiauum
552 2533 764 2613 pertinentes,
796 2550 870 2611 quas
892 2527 1047 2589 undecuu·

125 2631 186 2693 que
208 2631 276 2673 curu
299 2620 365 2674 toto
389 2633 493 2674 earum
521 2623 702 2696 argumento
731 2616 924 2697 percepimus
953 2619 1047 2692 atque

125 2694 344 2759 intelleximus.
984 2756 989 2765 ,

69 2819 87 2847 χ
208 2776 360 2854 Quoniam
395 2798 468 2860 ergo
498 2779 596 2842 dictus
614 2781 761 2842 Martinus
799 2797 903 2840 coram
931 2777 1047 2858 pietate

124 2867 228 2922 vestra
260 2861 342 2942 apud
363 2862 533 2943 Augustam
556 2861 740 2944 comparuit,
774 2863 853 2923 sicut
880 2880 948 2921 cum
972 2858 1045 2920 cari-

125 2946 188 3003 tate
214 2951 318 3005 vestra
345 2944 514 3025 colloquuti
535 2946 692 3027 Augustae
724 2944 961 3026 pollicebamur,
991 2957 1045 3004 no·

123 3032 205 3087 strae
239 3027 441 3089 satisfecimus
462 3030 669 3108 promissioni.
696 3029 857 3090 Praeterea
885 3035 1045 3106 persuass-

122 3127 226 3170 ramus
247 3110 347 3188 nobis,
369 3118 501 3171 vestram
523 3113 678 3192 pietatem,
700 3111 804 3173 audito
827 3109 975 3186 Martino,
999 3127 1045 3170 sc-

123 3192 400 3254 cundum·vestraa
418 3194 621 3256 Reverentise
641 3195 879 3275 promissionem
902 3191 1044 3272 multipli-

124 3293 193 3336 cem
223 3294 293 3334 cum
322 3282 450 3356 paterne
479 3284 510 3338 et
536 3277 688 3339 benevole
717 3275 909 3338 dimissuram
933 3274 1044 3353 luisse,

123 3375 225 3438 neque
247 3361 385 3438 quamvis
412 3359 549 3422 noudum
577 3379 614 3421 co
639 3362 702 3422 uita
722 3379 815 3421 causa
841 3365 872 3420 et
893 3356 1044 3419 sufficieu-

123 3446 171 3501 ter
192 3440 340 3521 discussa,
361 3449 396 3503 ut
415 3443 562 3505 Martinus
583 3380 685 3522 roiam,
707 3449 883 3504 coacturum
905 3441 1044 3502 adrevo-

116 3522 277 3584 ‘cabonem
302 3532 334 3584 et
353 3525 551 3605 palinodiam.
598 3526 675 3588 Sunt
701 3527 783 3597 enirn
804 3524 925 3605 plurimi
947 3521 1067 3601 erudi-¹

123 3611 225 3668 torum
247 3608 278 3667 iu
301 3609 414 3670 nostris
435 3610 653 3690 principatibus
675 3616 707 3671 at
727 3609 836 3686 tanis,
864 3612 897 3667 et
918 3605 990 3667 alibi
1011 3607 1044 3666 in

125 3689 380 3752 Universitstibus
402 3691 594 3773 studiorum,
617 3712 637 3754 a
658 3690 766 3773 quibus
787 3691 936 3752 hactenus
958 3696 990 3749 et
1009 3689 1041 3750 iu

124 3771 306 3835 hodiernum
328 3792 426 3855 usque
447 3774 528 3838 diem
546 3773 724 3838 constanter
744 3782 776 3838 et
795 3771 1044 3855 irrefragabiliter
