2356 4200
188 268 251 333 444
432 263 746 336 Aptuccensium
762 263 873 319 maes

188 440 283 516 tione,
305 439 509 519 suspensione
524 443 563 498 01
590 435 744 498 interdicti
766 438 944 516 sententiis,
966 440 1108 518 censuris,

187 523 297 603 poenis
315 527 346 582 et
368 521 504 601 mulctis,
533 525 626 599 atque
646 519 714 581 aliis
736 519 971 600 quibuscunque
998 521 1111 585 danun-

188 605 372 667 ciaticnihus
395 610 427 665 et
447 601 705 668 declarationibus
720 599 773 684 (ut
793 603 1020 682 praetendunt)
1041 604 1107 667 bac·

187 689 264 750 resis
288 694 319 749 et
340 688 517 768 apostasiae
537 705 593 766 per
614 704 669 747 ecs
684 684 733 746 vel
755 684 884 747 alterum
907 707 1017 754 comm
1039 707 1108 768 quo·

188 771 360 833 modolibet
381 770 562 846 attentatis,
591 768 680 829 factis
702 774 734 828 01
754 767 885 846 molitis,
914 771 1108 851 attentandis,

187 853 334 915 faciendis
357 859 388 913 et
408 851 592 930 moliendis,
626 852 825 931 ipsorumque
852 852 995 914 nullitate
1030 856 1108 932 (suis

187 936 309 999 honore
336 943 367 996 et
386 936 560 997 reverentia
582 953 704 1014 semper
738 931 850 1017 salvis)
886 941 1036 1015 tauquam
1056 939 1108 999 ini·

187 1020 255 1098 quis
284 1026 315 1081 et
341 1019 477 1097 iniustis,
506 1037 588 1078 mere
611 1017 779 1097 tyrannicis
808 1025 840 1078 et
862 1019 1033 1098 violentis,
1054 1039 1109 1083 uec

189 1121 252 1163 uon
274 1122 293 1162 0
314 1102 453 1181 quolibet
473 1101 574 1161 futuro
596 1101 784 1181 gravamine,
806 1101 888 1179 quod
913 1103 989 1163 mihi
1012 1122 1051 1163 ex
1072 1123 1108 1165 00

118 1226 121 1235 2
187 1186 292 1246 venire
312 1185 441 1265 poterit,
463 1190 524 1245 tam
547 1203 604 1263 pro
625 1202 690 1261 me,
721 1201 811 1262 quam
834 1203 890 1264 pro
915 1185 1060 1247 omnibus
1080 1193 1109 1248 et

186 1267 313 1348 siugulis
336 1268 408 1327 mihi
424 1265 662 1329 adhaerentibus
684 1272 716 1327 ct
732 1265 902 1329 adhaerere
925 1269 1107 1346 volentibus,

185 1350 226 1411 ad
248 1351 379 1412 futurum
401 1349 564 1411 concilium
588 1349 734 1429 legitime,
758 1369 795 1410 ac
815 1351 846 1411 in
869 1350 942 1412 loco
965 1358 1049 1430 tuto,
1070 1354 1106 1415 ad

186 1452 275 1513 quem
299 1452 380 1514 ego,
408 1432 457 1492 vel
479 1439 661 1513 procurator
681 1452 736 1512 per
764 1452 813 1494 me
835 1433 1047 1514 deputandus,
1077 1434 1118 1498 li-'

186 1515 260 1577 bere
281 1516 366 1578 adire
386 1522 515 1596 potero,
543 1516 595 1577 vel
616 1516 746 1596 poterit,
775 1522 806 1577 et
826 1516 867 1577 ad
886 1517 974 1587 illum
998 1518 1048 1580 val
1070 1521 1106 1581 ad

185 1599 266 1676 illos,
288 1599 327 1660 ad
349 1617 441 1678 quem
464 1619 518 1661 seu
531 1618 609 1678 quos
631 1598 671 1660 de
688 1600 762 1678 iure,
784 1600 957 1681 privilegio,
981 1621 1106 1665 cousus

189 1682 304 1760 tudine,
327 1682 377 1742 vel
398 1682 476 1743 alias
498 1683 572 1744 mihi
594 1701 766 1762 provocare
793 1689 824 1744 et
844 1683 1005 1764 appellare
1027 1686 1106 1761 licet,

184 1784 322 1846 provoco
346 1771 377 1826 et
396 1765 521 1848 appello
544 1767 576 1826 in
597 1765 1030 1847 iisscriptis,.apostolcsqus
1050 1772 1105 1850 pri·

184 1867 245 1926 mo,
268 1847 416 1928 secundo,
437 1850 538 1927 tertio,
559 1849 718 1926 instanter,
739 1849 917 1924 instantius,
940 1857 974 1911 01
994 1852 1105 1914 instau-

182 1931 299 1992 tissime
321 1931 394 1993 mihi
416 1930 481 1992 dari
504 1937 601 2013 pcto,
634 1932 661 1992 si
682 1932 750 2011 quis
771 1932 829 2010 sit,
863 1933 914 2011 qui
936 1933 1012 1994 mihi
1034 1935 1105 1996 dare

181 2013 239 2077 hos
261 2015 445 2076 volucritat
466 2014 609 2095 potuerit,
631 2019 662 2075 et
682 2015 861 2094 praesertim
884 2035 905 2076 a
925 2016 1026 2095 vobis,
1046 2018 1103 2080 Do·

182 2098 265 2158 mino
287 2097 426 2175 Notario,
451 2097 684 2173 testimoniales,
707 2104 739 2157 et
760 2103 916 2177 protestor
937 2098 979 2160 de
1002 2120 1103 2180 prose·

182 2180 305 2258 quendo
326 2180 408 2241 hanc
430 2200 529 2241 meam
553 2179 805 2258 Appellationem
832 2200 888 2260 per
913 2183 995 2242 viam
1018 2184 1103 2244 nulli-

182 2263 262 2341 tatis,
275 2263 397 2341 abusus,
417 2263 585 2342 iniquitatis
598 2262 647 2324 vel
661 2264 837 2341 iniustitiae,
855 2269 887 2324 01
900 2264 990 2341 alias,
1014 2274 1104 2347 prout

182 2345 290 2405 melius
311 2352 432 2426 potero,
455 2348 584 2428 optione
606 2346 680 2406 mihi
706 2353 862 2407 reservata
882 2346 1027 2426 addendi,
1054 2351 1103 2410 mi·

181 2427 304 2503 nuendi,
327 2426 475 2506 mutandi,
487 2428 671 2508 corrigendi,
694 2429 767 2490 etin
782 2429 890 2490 melius
909 2430 1104 2512 reformandi,

181 2512 326 2590 omnique
349 2511 410 2572 alio
432 2513 505 2572 iuris
528 2511 678 2573 beneficio
713 2512 804 2591 mihi,
837 2532 874 2573 ac
896 2515 971 2577 mihi
993 2515 1103 2577 adhae-

180 2594 316 2655 rentibus
339 2601 370 2655 et
390 2593 558 2656 adhaerere
581 2595 756 2658 volentibus
779 2614 900 2677 semper
922 2599 1021 2660 salvo.

263 2677 332 2752 Qua
352 2677 475 2757 quidem
498 2677 645 2740 schedula
668 2697 771 2740 coram
784 2699 834 2740 me
856 2686 888 2741 et
909 2682 1039 2743 testibus
1061 2685 1103 2744 in·

180 2759 226 2820 fra
247 2761 388 2841 scriptis,
411 2767 444 2821 ut
464 2762 682 2842 praemittitur,
711 2762 893 2842 interposita
914 2772 1103 2844 protestatus

179 2842 245 2916 tuit,
268 2849 299 2903 01
319 2844 547 2923 protestabatur
569 2863 716 2924 expresse
737 2863 772 2904 00
792 2863 848 2924 per
869 2865 904 2907 se
926 2844 977 2909 ¹vel
995 2867 1102 2928 procu·

179 2930 322 3000 ratonem,
343 2946 406 2988 uon
433 2947 528 3008 posse
549 2926 588 2988 ad
611 2946 680 2987 eum
693 2926 853 3005 accedere,
875 2949 894 2988 0
912 2949 974 3008 quo
988 2933 1102 2993 exstitit

179 3007 377 3088 appellatum,
393 3017 456 3072 tum
466 3019 593 3091 propter
599 3016 714 3072 metum
726 3010 935 3091 plurimorum,
948 3012 1050 3075 sibiet
1061 3016 1101 3075 vi·

181 3096 230 3153 tae
244 3110 319 3153 suae
340 3093 558 3173 insidiantium,
576 3113 614 3155 ac
629 3094 703 3171 eius,
729 3114 749 3155 a
763 3112 823 3174 quo
842 3094 1022 3175 appellavit,
1039 3104 1101 3159 tum

178 3180 305 3254 propter
320 3176 437 3237 viarum
459 3175 643 3238 discrimina.
667 3176 800 3255 ideoque
813 3179 902 3256 petiit
922 3177 980 3239 sibi
1002 3199 1023 3240 a
1044 3200 1102 3257 me,

179 3255 307 3318 Notario
330 3258 464 3338 publico,
476 3279 545 3321 cum
562 3259 667 3321 debita
679 3259 826 3321 instantia
838 3261 1001 3340 apostolos
1015 3263 1102 3340 tales,

180 3339 367 3482 ἓ11010001111
388 3340 428 3402 de
448 3343 518 3437 iure·
535 3341 736 3438 deberentur,
758 3340 824 3402 dari
845 3350 938 3423 atque
961 3346 1101 3442 concedi

206 3442 235 3483 ur
257 3423 379 3502 quidem
401 3430 519 3503 petenti
541 3423 611 3486 dedr
625 3425 786 3506 apostolos
801 3425 889 3503 tales,
914 3428 1022 3506 quales
1045 3429 1102 3490 srbr

179 3502 338 3584 debentur,
359 3505 409 3566 vel
432 3506 541 3567 saltem
555 3508 776 3569 testimoniales
797 3511 978 3587 praesertim
1003 3510 1033 3590 ¹)
1059 3513 1101 3571 iu·

177 3671 386 3687 *-

231 3773 262 3843 1)
282 3775 314 3829 111
330 3774 374 3831 01.
392 3775 469 3830 10114
487 3779 636 3847 praesenti.
