2356 4200
320 249 330 262 '
434 354 437 359 Ι
467 287 495 327 ι.
513 267 588 337 1516
604 272 702 330 naue
983 270 1047 341 109

140 456 199 498 nnm
217 438 262 499 ite
284 441 440 523 laborent,
463 448 498 503 ut
520 441 621 505 solum
641 462 681 504 ea
701 440 945 523 apprehendant,
966 461 1046 521 quee

138 520 238 583 hebent
258 523 343 605 opud
365 525 508 587 homines
528 527 720 605 opinionem,
742 531 879 586 ceterum
890 523 1046 605 despecta,

137 605 161 663 in
179 604 281 667 oculis
303 607 464 675 hominum
486 616 520 669 ut
535 609 657 689 fociant,
679 608 771 671 nullis
787 608 928 669 tonitruis
945 609 1046 689 possis

134 685 249 750 efficere
273 697 310 751 ut
330 690 455 753 faciant.
497 691 571 769 Veri
592 693 696 771 itaque
717 691 851 753 cultores
873 709 943 750 cnm
968 690 1047 753 hoec

131 769 251 833 iecerint
272 779 329 835 eut
351 773 483 853 iaciunt,
504 773 581 835 nihil
601 776 784 852 aestiment,
812 773 867 834 sed
893 772 925 832 id
952 791 1045 852 quee-

129 859 205 933 mnt,
229 855 393 935 quomodo
414 856 484 919 Deo
506 856 667 938 placeant,
689 877 811 937 semper
841 856 956 936 parati,
984 856 1047 919 alie

130 954 327 1018 qncecnnque
348 939 471 1001 fecere:
503 939 619 1001 fuciunt
648 942 730 1001 enim
761 939 816 999 illu
847 939 926 999 sieut
954 940 1045 1017 servi,

129 1020 172 1097 qui
193 1019 316 1101 dicunt,
336 1023 459 1083 interim
482 1022 565 1083 eliud
587 1023 664 1083 nihil
685 1022 802 1101 habeo,
825 1040 899 1102 ergo
922 1020 983 1081 hoc
1004 1023 1045 1082 fe

127 1103 208 1168 ciem.
253 1105 295 1167 Hi
316 1107 349 1165 in
366 1105 455 1175 nullo
480 1123 577 1186 opere
597 1105 740 1185 haerent,
768 1105 847 1165 sicut
869 1104 909 1166 ed
931 1106 1044 1167 omnic.

125 1183 161 1245 m
185 1192 316 1249 notetur
347 1187 463 1249 simile:
515 1188 599 1249 Deus
627 1189 709 1249 enim
736 1187 859 1266 quando
893 1189 1046 1248 convertit

126 1266 292 1350 hominem,
315 1271 429 1350 occipit
449 1271 529 1331 sicut
545 1270 727 1331 inducentes
738 1271 872 1330 musione
886 1270 1044 1331 instituen-

125 1349 194 1411 dum
217 1352 418 1433 discipulum:
446 1354 594 1434 primum,
626 1359 661 1413 nt
679 1352 869 1431 habilitetur,
898 1355 1046 1434 proponit

124 1433 332 1497 rudimentum
354 1437 433 1514 leve,
456 1435 620 1497 traditurus
641 1435 711 1513 elia,
733 1436 784 1497 ubi
805 1438 888 1517 prius
905 1435 1046 1497 didicerit

87 1530 93 1543 ¹
124 1536 305 1580 assuescere
329 1537 447 1599 organo
470 1518 584 1599 digitis,
607 1525 638 1581 et
659 1519 685 1578 si
706 1519 775 1597 ille,
803 1519 854 1580 nbi
876 1520 990 1598 reperit
1011 1538 1045 1581 se

125 1600 199 1663 tides
222 1621 320 1683 posse
341 1620 477 1680 movere,
500 1621 575 1663 mox
595 1603 682 1681 quasi
704 1603 809 1663 omnia
830 1603 907 1663 sciet
919 1601 1045 1680 recedit,

124 1703 160 1745 ec
179 1687 279 1746 iactat
298 1685 442 1747 omuibus
463 1702 551 1744 suom
573 1685 720 1745 musicem
742 1692 774 1745 et
800 1691 898 1745 artem
919 1684 1044 1747 ludendi

99 1837 105 1847 ,
124 1769 153 1827 in
175 1768 315 1844 citharis,
337 1786 395 1828 nec
414 1769 547 1829 monitus
569 1767 635 1828 vult
655 1766 761 1829 uudire
781 1774 815 1827 ut
836 1768 923 1848 pluro
937 1767 1044 1829 discet.

125 1851 186 1911 Aut
207 1852 233 1910 si
257 1851 325 1929 quis
347 1868 459 1929 equum
480 1849 665 1933 formosum,
697 1850 751 1911 sed
774 1849 957 1911 indomitum
986 1852 1045 1932 pri·

125 1952 207 1993 mum
235 1932 369 1994 obtectis
396 1933 493 1994 oculis
515 1932 607 1993 ducet
628 1953 666 1993 ex
689 1932 827 2011 stabulo,
856 1939 966 2013 postea
993 1934 1044 1995 ubi
1161 1998 1166 2007 ,

125 2035 194 2076 eum
221 2017 358 2077 voluerit
391 2016 485 2076 etiem
513 2016 580 2076 eliis
615 2016 723 2077 officiis
755 2018 813 2095 uti,
846 2036 909 2078 non
942 2023 1046 2097 potest

125 2118 239 2178 equum
260 2099 320 2159 nisi
341 2099 371 2158 in
395 2105 427 2159 et
447 2118 488 2159 ex
501 2098 621 2160 stabulo
644 2098 765 2177 ducere,
788 2118 892 2160 nonne
915 2097 1048 2179 perdidit

123 2182 320 2262 impensem?
362 2181 503 2258 mactat
518 2181 735 2261 itdtigetssierte.
765 2181 805 2243 dt.
840 2182 873 2244 ei
896 2184 963 2261 quis
986 2201 1046 2242 ser-

125 2285 198 2326 vum
228 2264 384 2325 conducat
416 2270 447 2324 et
474 2265 573 2344 primo
602 2272 723 2325 tentans
746 2284 816 2324 eum
843 2265 990 2345 proponit
1017 2263 1046 2326 ei

122 2350 243 2409 cariem
264 2367 406 2429 pungere,
429 2347 627 2427 postmodum
649 2348 709 2409 elia
728 2347 847 2426 iubens,
861 2347 908 2408 illi
924 2348 1045 2428 elamet,

123 2431 186 2492 hoe
205 2432 333 2512 iussisti,
356 2432 417 2493 hoc
438 2437 486 2491 est
508 2431 598 2491 utile:
621 2431 693 2510 quid
715 2431 1045 2492 dioetdominuseliud
1085 2461 1088 2465 ¹

123 2533 232 2594 quam:
255 2516 305 2593 pot
325 2516 391 2592 mid)
408 2514 526 2594 unum
546 2515 598 2578 mit
619 2513 1045 2594 temperamentorum,

123 2599 176 2659 vel
200 2598 305 2658 stetim
327 2598 439 2658 eiiciet.
481 2596 570 2658 Tatio
591 2604 661 2658 sunt
683 2599 787 2659 omnia
809 2617 905 2676 opero
922 2616 1045 2659 sensue-
1071 2640 1074 2649 =

124 2681 162 2741 lis
182 2681 336 2758 hominis,
367 2679 475 2759 quibus
494 2680 579 2741 Deus
605 2680 761 2741 hominem
784 2681 884 2741 solum
904 2688 993 2760 perat
1015 2688 1047 2742 et

124 2764 307 2825 assuefecit:
346 2770 419 2823 tuuc
441 2763 486 2822 illi
507 2763 586 2823 haec
606 2763 675 2824 sola
696 2783 765 2824 esse
786 2770 939 2844 putentes,
961 2764 1046 2825 nulle

124 2848 154 2906 vi
189 2852 323 2927 possunt
353 2844 393 2907 ad
425 2845 487 2905 clia
513 2845 594 2906 flecti
616 2866 653 2907 ec
674 2846 774 2927 dirigi.
817 2845 853 2909 Ε.
874 2866 918 2928 gr.
941 2864 1045 2907 sumus

123 2931 207 2989 enim
229 2930 320 3010 pueri
343 2927 499 3009 abcederii
519 2930 551 2988 in
573 2930 632 2990 isto
665 2937 762 3009 stetu,
795 2929 850 2989 sed
871 2929 931 2989 heu
952 2948 1045 3008 quem

125 3013 248 3093 plurimi
270 3011 364 3074 hodie
386 3013 417 3071 in
439 3011 500 3071 illis
522 3011 716 3091 indurantur,
744 3013 817 3092 quia
838 3011 916 3073 hoec
936 3020 1046 3093 putent

124 3114 196 3156 esse
219 3096 300 3156 seria
321 3102 353 3156 et
373 3113 487 3174 magne
508 3114 546 3156 ec
568 3095 739 3165 aestimant.
779 3094 866 3170 Quae
884 3115 958 3176 ergo
975 3103 1046 3156 sunt

124 3178 266 3245 alieDeo
288 3177 427 3257 placite?
462 3177 687 3258 Respondetur‚
708 3199 770 3240 non
793 3177 1045 3259 hebentnomen,

124 3260 181 3322 sed
210 3267 335 3341 oportet
368 3280 408 3322 ex
440 3260 547 3322 bestiis
581 3262 758 3342 exemplum
789 3281 919 3324 sumere.
963 3262 1044 3323 Ecce

125 3362 249 3424 equum,
271 3345 323 3422 qui
347 3342 455 3403 didicit
477 3345 592 3404 exitum
615 3344 665 3405 vel
686 3345 844 3406 introitum
866 3344 976 3406 domus
992 3345 1044 3406 do·

124 3428 199 3487 mini
235 3428 296 3505 sui,
332 3445 425 3507 super
455 3432 581 3488 stretem
617 3434 649 3487 et
682 3427 826 3488 mundam
862 3429 943 3488 viem
965 3427 1046 3489 hene

125 3508 318 3589 disciplinam
335 3509 468 3569 exeundi
487 3516 518 3570 et
529 3510 662 3570 intrandi
680 3510 767 3570 nihili
782 3509 891 3589 hehet,
914 3510 968 3571 sed
992 3512 1043 3589 qui

124 3591 157 3652 id
178 3593 279 3653 solum
302 3598 442 3652 assuetus
470 3593 558 3673 fecit,
592 3597 622 3653 et
648 3593 734 3654 vadit
764 3612 947 3674 quocunque
975 3613 1045 3653 eum

123 3674 275 3737 Dominus
298 3693 369 3735 suus
392 3676 518 3755 equitet,
539 3695 694 3756 nunquam
712 3678 842 3757 scitque
856 3677 958 3757 vadat,
975 3677 1045 3756 plus

124 3760 226 3838 agitur
247 3777 339 3838 quam
360 3759 434 3840 agit,
456 3778 578 3840 semper
599 3760 623 3819 it
644 3765 676 3820 et
696 3759 977 3840 quomodocunque
990 3778 1047 3839 per
