2356 4200
121 267 191 333 ,426
522 267 652 321 Asterisoi

129 437 256 514 rideam,
277 436 348 497 dum
372 435 447 496 nihil
465 435 548 496 aliud
560 435 659 515 affers,
676 456 766 516 quam
778 437 860 516 quod
871 455 932 518 ego
943 436 1054 517 legens

132 520 308 582 dubitabam
330 537 399 579 esse
418 538 534 592 verum,
558 527 589 579 et
610 539 691 580 nuno
712 520 870 600 disputans
879 518 1052 600 impugno?

111 657 113 661 .
216 603 292 664 Tale
314 622 396 662 nuno
417 608 465 662 eat
485 603 596 662 festiva
618 610 670 662 tua
692 604 798 684 glossa
821 602 941 686 (quoad
965 603 1053 662 meri·

134 694 196 751 tum
219 694 250 747 et
272 685 484 759 demeritum),
507 685 633 761 seilicet,
655 706 695 746 ne
716 705 783 746 oum
803 687 972 767 Pighardis,
993 684 1054 745 Bo·

128 772 245 844 bernis,
279 767 333 828 illa
361 767 557 829 Euolesiastis
595 771 743 829 autoritas
781 774 907 850 cogeret
940 769 980 829 sd
1000 787 1053 829 ue-

130 853 265 935 'gandum
287 853 506 932 purgatorium,
527 850 627 931 fingis,
650 854 713 913 imo
735 852 840 913 fiotum
863 873 903 912 ex
924 854 984 912 tuis
1000 850 1053 911 de-

124 937 278 1011 blateras,
299 954 368 994 esse
394 952 502 994 casum
524 934 617 1014 ligni,
646 942 679 995 ut
707 956 764 995 neo
795 943 961 1014 mereatur,
993 953 1056 995 nee

62 1027 69 1049 ⁸
124 1019 332 1081 demereatur.

106 1162 109 1168 ,
214 1103 329 1162 Omitto
353 1099 476 1179 quidem
499 1097 560 1157 hoo
580 1098 651 1160 looo
674 1103 833 1181 negotium
854 1100 931 1161 illud
953 1099 1055 1160 mariti

131 1193 162 1248 at
184 1184 344 1258 demeriti,
372 1200 452 1261 quae
482 1200 522 1240 an
550 1182 723 1264 intelligant
744 1184 937 1260 scholastioi,
963 1182 1056 1242 vehe-

131 1275 250 1330 menter
274 1265 398 1343 dubito,
427 1283 495 1323 oum
523 1283 585 1324 non
614 1268 736 1345 possint
761 1266 1055 1346 negarelrominem

122 1353 257 1431 impium
285 1355 357 1428 post
387 1352 517 1408 mortem
546 1350 645 1408 statim
676 1351 707 1409 in
736 1350 838 1411 odium
862 1355 893 1410 et
913 1348 1056 1428 blaspbe·

99 1489 107 1501 ,
132 1436 224 1499 miam
245 1433 304 1492 Dei
325 1450 430 1507 ruere,
462 1449 499 1488 ao
527 1431 572 1490 sio
599 1434 737 1512 peiorem
759 1432 842 1509 fieri,
871 1451 963 1511 quam
989 1431 1056 1494 luit.

133 1517 193 1578 Sed
217 1516 337 1589 omitto,
361 1516 495 1591 inquam,
518 1514 590 1590 quia
613 1534 681 1574 oum
704 1513 851 1596 sophistis
868 1515 1058 1592 eallosisque

133 1619 170 1663 ao
190 1594 371 1659 inveteratis
392 1596 660 1675 Vitilitigatoribus
682 1619 731 1659 res
752 1599 815 1660 ista
842 1598 965 1658 traotari
991 1616 1058 1658 non

132 1689 245 1764 potest,
269 1700 337 1740 oum
361 1679 470 1739 stultus
494 1697 555 1738 non
578 1681 707 1761 resipiat
729 1681 839 1758 verba,
861 1682 919 1741 nisi
940 1678 1057 1740 dixeris

123 1786 182 1842 .ea,
205 1783 285 1844 quae
306 1764 336 1823 in
360 1761 454 1822 oorde
477 1780 532 1821 suo
556 1771 635 1825 sunt.
679 1763 718 1823 Et
736 1766 861 1824 iterum:
883 1763 1058 1823 Meliusex·

133 1849 220 1928 pedit
248 1863 408 1907 ooourrere
434 1862 524 1904 ursae
550 1847 644 1925 raptis
674 1847 802 1927 natulis,
834 1865 925 1926 quam
963 1845 1057 1905 stulto

116 1929 301 2006 ¹confidenti
322 1930 354 1987 in
377 1927 509 1988 stultitia
530 1946 594 1988 sua.
1009 1970 1011 1975 ,
1039 1960 1043 1965 ·

215 2013 248 2072 ld
270 2010 430 2079 interimlt
457 2010 543 2087 dioo,
569 2031 606 2073 ao
628 2020 701 2092 peto
724 2011 838 2072 erudiri
863 2010 951 2087 (ideo
975 2011 1057 2071 anim

136 2096 272 2176 quaesivi
293 2096 330 2154 ao
351 2093 537 2172 disputavi),
562 2113 629 2154 oum
652 2095 685 2156 B.
706 2093 874 2176 Gregorius
886 2093 989 2156 distin.
1003 2095 1057 2157 35:

135 2180 272 2256 Qualis,
288 2183 422 2254 asserat,
450 2183 579 2254 peooata
598 2176 732 2238 venialia
753 2180 784 2238 in
806 2177 986 2257 purgatorio
1008 2175 1058 2235 de-

134 2264 199 2338 leri,
222 2259 379 2339 quomodo
402 2258 570 2337 intelligam
594 2280 656 2320 non
678 2258 744 2320 fieri
766 2261 928 2340 purgatum
951 2259 1058 2333 prelio·

134 2342 219 2405 rem?
264 2341 354 2417 Quod
378 2343 403 2401 si
426 2341 601 2420 meliorem,
630 2343 786 2420 quomodo
815 2362 877 2403 non
907 2340 1058 2421 prolioere

135 2447 173 2487 ao
201 2425 335 2485 mereri?
384 2423 450 2482 Nisi
480 2432 607 2502 peecata
637 2426 771 2487 venialia
793 2425 872 2485 adeo
895 2426 956 2484 sint
985 2422 1059 2483 nihil

136 2508 342 2586 aestimanda,
374 2511 407 2565 ut
435 2505 610 2568 scholastici
639 2500 817 2585 aestimant,
845 2509 929 2567 Deus
957 2513 1058 2567 autem

136 2596 167 2652 in
195 2599 313 2652 tantum
347 2589 533 2665 aestimatur
565 2597 626 2650 tarn
666 2591 891 2652 intolerabilem
926 2606 1059 2670 poenam

136 2676 176 2736 ad
199 2693 305 2735 sorum
327 2672 544 2753 purgationem
565 2674 684 2735 inferat.

200 2757 253 2829 ,Si
283 2775 357 2838 ergo
380 2754 433 2814 illa
460 2758 608 2816 autoritas
630 2754 871 2838 Eoolesiastis*)
896 2774 958 2816 non
981 2754 1062 2816 tollit

135 2840 366 2922 purgatorium,
401 2838 486 2916 quod
509 2839 708 2900 vehementer
736 2838 913 2920 impugnat,
944 2843 1061 2917 quanto

138 2926 238 2986 minus
266 2922 361 2999 tollit,
400 2940 439 2980 ne
467 2922 506 2980 sit
532 2929 731 3001 augmentum
764 2922 837 2982 boui
865 2921 914 2981 vel
938 2921 1009 2981 mali
1028 2921 1061 2980 in

139 3005 340 3088 purgatorio?
381 3003 486 3063 Potest
508 3004 582 3081 fieri,
605 3012 639 3064 ut
660 3005 711 3066 ubi
731 3004 905 3082 oeoiderint,
928 3003 969 3065 ibi
991 3004 1061 3078 siut,

139 3092 182 3151 ita
205 3093 237 3148 ut
260 3106 322 3148 non
338 3094 469 3166 peooent
482 3087 612 3167 amplius
629 3088 807 3164 mortaliter,
825 3087 875 3147 vel
891 3087 954 3147 alio
969 3085 1061 3148 modo

133 3172 193 3234 fiat
216 3171 305 3232 nobis
327 3171 445 3250 ignoto.
694 3184 697 3196 ¹

225 3253 316 3327 Quod
336 3270 411 3313 vero
434 3250 592 3313 lohannes
613 3253 823 3313 Damascenus
845 3252 905 3329 ait,
928 3249 1012 3331 quod
1032 3250 1061 3310 in

141 3335 316 3399 hominibus
339 3353 440 3413 mors,
463 3336 492 3393 in
514 3335 633 3414 angelis
657 3343 703 3396 est
726 3355 832 3412 easus,
862 3353 953 3414 spero
981 3332 1063 3414 quod

34 3424 38 3430 '
142 3440 204 3482 non
234 3419 273 3480 de
303 3419 439 3479 omnium
473 3417 631 3478 hominum
668 3425 766 3479 morte
801 3419 959 3497 loquatur,
996 3435 1063 3475 oum

143 3504 229 3565 multi
252 3504 313 3562 sint
334 3502 460 3577 mortui,
483 3507 514 3561 at
537 3500 640 3562 denuo
662 3502 809 3562 revoosti.
862 3499 920 3560 Ubi
942 3499 1062 3559 illorum

144 3645 352 3660 ———-—-——-

199 3720 229 3781 l)
251 3717 282 3769 ln
302 3716 343 3768 ed.
363 3716 436 3777 Witt.
457 3721 484 3769 et
503 3729 546 3782 ap.
565 3713 692 3767 Loesoh.:
712 3714 825 3765 interea.

199 3788 230 3858 *)
251 3787 355 3842 Euclea.
376 3787 418 3840 11.
824 3796 836 3815 “
