<?xml version="1.0" encoding="UTF-8"?>
<!DOCTYPE html PUBLIC "-//W3C//DTD XHTML 1.0 Transitional//EN"
    "http://www.w3.org/TR/xhtml1/DTD/xhtml1-transitional.dtd">
<html xmlns="http://www.w3.org/1999/xhtml" xml:lang="en" lang="en">
 <head>
  <title>
</title>
<meta http-equiv="Content-Type" content="text/html;charset=utf-8" />
  <meta name='ocr-system' content='tesseract 3.04.00' />
  <meta name='ocr-capabilities' content='ocr_page ocr_carea ocr_par ocr_line ocrx_word'/>
</head>
<body>
  <div class='ocr_page' id='page_1' title='image "./dmartinilutheri01luthgoog_0977.png"; bbox 0 0 2356 4192; ppageno 0'>
   <div class='ocr_carea' id='block_1_1' title="bbox 184 254 1103 353">
    <p class='ocr_par' dir='ltr' id='par_1_1' title="bbox 184 254 1103 353">
     <span class='ocr_line' id='line_1_1' title="bbox 184 254 1103 353; baseline -0.009 -8"><span class='ocrx_word' id='word_1_1' title='bbox 184 288 246 351; x_wconf 75' lang='grc'><strong>514</strong></span> <span class='ocrx_word' id='word_1_2' title='bbox 330 290 419 343; x_wconf 80' lang='lat' dir='ltr'>XXIV</span> <span class='ocrx_word' id='word_1_3' title='bbox 438 278 497 342; x_wconf 70' lang='lat' dir='ltr'><strong>an.</strong></span> <span class='ocrx_word' id='word_1_4' title='bbox 518 288 599 342; x_wconf 83' lang='lat' dir='ltr'><strong>Haer.</strong></span> <span class='ocrx_word' id='word_1_5' title='bbox 617 290 678 343; x_wconf 81' lang='lat' dir='ltr'><strong>Joh.</strong></span> <span class='ocrx_word' id='word_1_6' title='bbox 699 288 768 341; x_wconf 79' lang='lat' dir='ltr'><strong>Eeeii</strong></span> <span class='ocrx_word' id='word_1_7' title='bbox 788 292 817 340; x_wconf 74' lang='lat' dir='ltr'><strong>et</strong></span> <span class='ocrx_word' id='word_1_8' title='bbox 834 287 868 353; x_wconf 80' lang='lat' dir='ltr'><strong>Q.</strong></span> <span class='ocrx_word' id='word_1_9' title='bbox 887 286 977 339; x_wconf 79' lang='lat' dir='ltr'><strong>Fratr.</strong></span> <span class='ocrx_word' id='word_1_10' title='bbox 1086 254 1103 271; x_wconf 30' lang='grc' dir='ltr'><strong><em>Β</em></strong></span> 
     </span>
    </p>
   </div>
   <div class='ocr_carea' id='block_1_2' title="bbox 97 458 1107 1604">
    <p class='ocr_par' dir='ltr' id='par_1_2' title="bbox 184 458 1107 707">
     <span class='ocr_line' id='line_1_2' title="bbox 184 458 1107 541; baseline 0.001 -20"><span class='ocrx_word' id='word_1_11' title='bbox 184 466 262 521; x_wconf 76' lang='lat' dir='ltr'><strong>trum</strong></span> <span class='ocrx_word' id='word_1_12' title='bbox 286 461 420 521; x_wconf 76' lang='lat' dir='ltr'>articulis</span> <span class='ocrx_word' id='word_1_13' title='bbox 443 480 511 521; x_wconf 84' lang='lat' dir='ltr'><strong>cum</strong></span> <span class='ocrx_word' id='word_1_14' title='bbox 541 480 645 521; x_wconf 88' lang='lat' dir='ltr'><strong>earum</strong></span> <span class='ocrx_word' id='word_1_15' title='bbox 676 458 952 525; x_wconf 76' lang='lat' dir='ltr'><strong>declarationibus.</strong></span> <span class='ocrx_word' id='word_1_16' title='bbox 988 469 1020 521; x_wconf 83' lang='lat' dir='ltr'><strong>et</strong></span> <span class='ocrx_word' id='word_1_17' title='bbox 1040 479 1107 541; x_wconf 86' lang='lat' dir='ltr'><strong>pro-</strong></span> 
     </span>
     <span class='ocr_line' id='line_1_3' title="bbox 184 542 1107 625; baseline -0.001 -20"><span class='ocrx_word' id='word_1_18' title='bbox 184 544 274 605; x_wconf 76' lang='lat' dir='ltr'><strong>mittit</strong></span> <span class='ocrx_word' id='word_1_19' title='bbox 303 562 357 603; x_wconf 80' lang='lat' dir='ltr'><strong>eon</strong></span> <span class='ocrx_word' id='word_1_20' title='bbox 392 546 601 604; x_wconf 72' lang='lat' dir='ltr'><strong>convicturum</strong></span> <span class='ocrx_word' id='word_1_21' title='bbox 631 543 887 625; x_wconf 69' lang='lat' dir='ltr'><strong>‹et-probaturum</strong></span> <span class='ocrx_word' id='word_1_22' title='bbox 919 563 952 603; x_wconf 85' lang='lat' dir='ltr'><strong>se</strong></span> <span class='ocrx_word' id='word_1_23' title='bbox 994 542 1034 604; x_wconf 92' lang='lat' dir='ltr'><strong>de</strong></span> <span class='ocrx_word' id='word_1_24' title='bbox 1060 543 1107 605; x_wconf 83' lang='lat' dir='ltr'><strong>his</strong></span> 
     </span>
     <span class='ocr_line' id='line_1_4' title="bbox 184 618 1025 707; baseline 0 -19"><span class='ocrx_word' id='word_1_25' title='bbox 184 626 326 688; x_wconf 84' lang='lat' dir='ltr'><strong>omnibus</strong></span> <span class='ocrx_word' id='word_1_26' title='bbox 352 626 398 704; x_wconf 85' lang='lat'><strong>¹),</strong></span> <span class='ocrx_word' id='word_1_27' title='bbox 421 629 478 687; x_wconf 80' lang='lat' dir='ltr'><strong>nisi</strong></span> <span class='ocrx_word' id='word_1_28' title='bbox 500 629 674 688; x_wconf 79' lang='lat' dir='ltr'><strong>revenerint</strong></span> <span class='ocrx_word' id='word_1_29' title='bbox 696 647 749 687; x_wconf 84' lang='lat' dir='ltr'><strong>sua</strong></span> <span class='ocrx_word' id='word_1_30' title='bbox 773 618 909 707; x_wconf 68' lang='lat' dir='ltr'><strong>pes&#39;sime</strong></span> <span class='ocrx_word' id='word_1_31' title='bbox 931 626 1025 688; x_wconf 74' lang='lat' dir='ltr'><strong>dieta.</strong></span> 
     </span>
    </p>

    <p class='ocr_par' dir='ltr' id='par_1_3' title="bbox 97 710 1106 1535">
     <span class='ocr_line' id='line_1_5' title="bbox 266 710 1106 790; baseline 0 -19"><span class='ocrx_word' id='word_1_32' title='bbox 266 710 352 771; x_wconf 86' lang='lat' dir='ltr'><strong>Haec</strong></span> <span class='ocrx_word' id='word_1_33' title='bbox 374 716 486 785; x_wconf 74' lang='lat' dir='ltr'><strong>autem,</strong></span> <span class='ocrx_word' id='word_1_34' title='bbox 509 710 614 785; x_wconf 70' lang='lat' dir='ltr'><strong>lector,</strong></span> <span class='ocrx_word' id='word_1_35' title='bbox 638 712 752 771; x_wconf 81' lang='lat' dir='ltr'><strong>tenlavi</strong></span> <span class='ocrx_word' id='word_1_36' title='bbox 772 728 835 770; x_wconf 87' lang='lat' dir='ltr'><strong>non</strong></span> <span class='ocrx_word' id='word_1_37' title='bbox 859 711 993 790; x_wconf 83' lang='lat' dir='ltr'><strong>curiose,</strong></span> <span class='ocrx_word' id='word_1_38' title='bbox 1015 710 1106 790; x_wconf 86' lang='lat' dir='ltr'><strong>longe</strong></span> 
     </span>
     <span class='ocr_line' id='line_1_6' title="bbox 183 792 1106 873; baseline 0.001 -20"><span class='ocrx_word' id='word_1_39' title='bbox 183 793 272 873; x_wconf 84' lang='lat' dir='ltr'><strong>plura</strong></span> <span class='ocrx_word' id='word_1_40' title='bbox 292 792 486 868; x_wconf 81' lang='lat' dir='ltr'><strong>inventurus,</strong></span> <span class='ocrx_word' id='word_1_41' title='bbox 519 794 544 852; x_wconf 83' lang='lat' dir='ltr'><strong>si</strong></span> <span class='ocrx_word' id='word_1_42' title='bbox 567 794 652 852; x_wconf 84' lang='lat' dir='ltr'><strong>Eeeii</strong></span> <span class='ocrx_word' id='word_1_43' title='bbox 675 804 705 853; x_wconf 78' lang='lat' dir='ltr'><strong>et</strong></span> <span class='ocrx_word' id='word_1_44' title='bbox 725 794 863 854; x_wconf 80' lang='lat' dir='ltr'>Fratrum</span> <span class='ocrx_word' id='word_1_45' title='bbox 892 813 981 854; x_wconf 85' lang='lat' dir='ltr'><strong>mure</strong></span> <span class='ocrx_word' id='word_1_46' title='bbox 1003 794 1042 854; x_wconf 89' lang='lat' dir='ltr'><strong>ad</strong></span> <span class='ocrx_word' id='word_1_47' title='bbox 1064 794 1106 853; x_wconf 85' lang='lat' dir='ltr'><strong>vi·</strong></span> 
     </span>
     <span class='ocr_line' id='line_1_7' title="bbox 183 875 1105 957; baseline 0.004 -24"><span class='ocrx_word' id='word_1_48' title='bbox 183 896 264 947; x_wconf 77' lang='lat' dir='ltr'><strong>vam,</strong></span> <span class='ocrx_word' id='word_1_49' title='bbox 286 875 369 955; x_wconf 88' lang='lat' dir='ltr'><strong>quod</strong></span> <span class='ocrx_word' id='word_1_50' title='bbox 392 876 511 952; x_wconf 78' lang='lat' dir='ltr'><strong>dieitur,</strong></span> <span class='ocrx_word' id='word_1_51' title='bbox 527 884 628 936; x_wconf 81' lang='lat' dir='ltr'><strong>eutem</strong></span> <span class='ocrx_word' id='word_1_52' title='bbox 650 896 687 936; x_wconf 88' lang='lat' dir='ltr'><strong>ea</strong></span> <span class='ocrx_word' id='word_1_53' title='bbox 699 878 756 938; x_wconf 80' lang='lat' dir='ltr'><strong>aim</strong></span> <span class='ocrx_word' id='word_1_54' title='bbox 770 877 1014 956; x_wconf 75' lang='lat' dir='ltr'><strong>examinaturus,</strong></span> <span class='ocrx_word' id='word_1_55' title='bbox 1026 896 1105 957; x_wconf 84' lang='lat' dir='ltr'><strong>quae</strong></span> 
     </span>
     <span class='ocr_line' id='line_1_8' title="bbox 97 960 1104 1040; baseline 0.002 -22"><span class='ocrx_word' id='word_1_56' title='bbox 97 982 105 995; x_wconf 90' lang='lat'><em>·</em></span> <span class='ocrx_word' id='word_1_57' title='bbox 181 960 240 1039; x_wconf 87' lang='lat' dir='ltr'>ipsi</span> <span class='ocrx_word' id='word_1_58' title='bbox 261 960 292 1018; x_wconf 89' lang='lat' dir='ltr'><strong>in</strong></span> <span class='ocrx_word' id='word_1_59' title='bbox 313 978 466 1038; x_wconf 80' lang='lat' dir='ltr'><strong>papyrum</strong></span> <span class='ocrx_word' id='word_1_60' title='bbox 487 968 691 1039; x_wconf 74' lang='lat' dir='ltr'><strong>exspuerunt,</strong></span> <span class='ocrx_word' id='word_1_61' title='bbox 720 978 801 1040; x_wconf 90' lang='lat' dir='ltr'><strong>quae</strong></span> <span class='ocrx_word' id='word_1_62' title='bbox 829 961 935 1021; x_wconf 86' lang='lat' dir='ltr'><strong>omnia</strong></span> <span class='ocrx_word' id='word_1_63' title='bbox 963 962 994 1020; x_wconf 89' lang='lat' dir='ltr'><strong>in</strong></span> <span class='ocrx_word' id='word_1_64' title='bbox 1016 980 1104 1020; x_wconf 81' lang='lat' dir='ltr'><strong>auum</strong></span> 
     </span>
     <span class='ocr_line' id='line_1_9' title="bbox 181 1042 1104 1122; baseline 0.002 -21"><span class='ocrx_word' id='word_1_65' title='bbox 181 1050 302 1122; x_wconf 73' lang='lat' dir='ltr'><strong>ternpus</strong></span> <span class='ocrx_word' id='word_1_66' title='bbox 324 1059 448 1103; x_wconf 85' lang='lat' dir='ltr'><strong>reservo</strong></span> <span class='ocrx_word' id='word_1_67' title='bbox 472 1042 676 1122; x_wconf 63' lang='lat' dir='ltr'><strong>martanda,</strong></span> <span class='ocrx_word' id='word_1_68' title='bbox 705 1043 841 1104; x_wconf 90' lang='lat' dir='ltr'><strong>nundum</strong></span> <span class='ocrx_word' id='word_1_69' title='bbox 872 1045 955 1103; x_wconf 89' lang='lat' dir='ltr'><strong>enim</strong></span> <span class='ocrx_word' id='word_1_70' title='bbox 978 1044 1104 1103; x_wconf 79' lang='lat' dir='ltr'><strong>Ennium</strong></span> 
     </span>
     <span class='ocr_line' id='line_1_10' title="bbox 181 1122 1104 1207; baseline 0.002 -22"><span class='ocrx_word' id='word_1_71' title='bbox 181 1124 320 1199; x_wconf 78' lang='lat' dir='ltr'><strong>tractavi⁷</strong></span> <span class='ocrx_word' id='word_1_72' title='bbox 344 1122 500 1203; x_wconf 82' lang='lat' dir='ltr'><strong>quomodo</strong></span> <span class='ocrx_word' id='word_1_73' title='bbox 523 1146 573 1187; x_wconf 89' lang='lat' dir='ltr'><strong>me</strong></span> <span class='ocrx_word' id='word_1_74' title='bbox 594 1143 716 1207; x_wconf 84' lang='lat' dir='ltr'>semper</span> <span class='ocrx_word' id='word_1_75' title='bbox 742 1134 862 1189; x_wconf 75' lang='lat' dir='ltr'><strong>tractat.</strong></span> <span class='ocrx_word' id='word_1_76' title='bbox 912 1127 979 1187; x_wconf 77' lang='lat' dir='ltr'><strong>Erit</strong></span> <span class='ocrx_word' id='word_1_77' title='bbox 1003 1132 1104 1187; x_wconf 77' lang='lat' dir='ltr'><strong>autem</strong></span> 
     </span>
     <span class='ocr_line' id='line_1_11' title="bbox 180 1206 1105 1291; baseline 0.005 -25"><span class='ocrx_word' id='word_1_78' title='bbox 180 1206 274 1281; x_wconf 77' lang='lat' dir='ltr'><strong>forte,</strong></span> <span class='ocrx_word' id='word_1_79' title='bbox 303 1214 334 1266; x_wconf 82' lang='lat' dir='ltr'><strong>ut</strong></span> <span class='ocrx_word' id='word_1_80' title='bbox 369 1226 477 1267; x_wconf 76' lang='lat' dir='ltr'><strong>canem</strong></span> <span class='ocrx_word' id='word_1_81' title='bbox 507 1207 708 1269; x_wconf 70' lang='lat' dir='ltr'><strong>dormientem</strong></span> <span class='ocrx_word' id='word_1_82' title='bbox 736 1210 848 1286; x_wconf 80' lang='lat' dir='ltr'><strong>irritet,</strong></span> <span class='ocrx_word' id='word_1_83' title='bbox 885 1216 916 1270; x_wconf 76' lang='lat' dir='ltr'><strong>et</strong></span> <span class='ocrx_word' id='word_1_84' title='bbox 935 1211 1105 1291; x_wconf 80' lang='lat' dir='ltr'><strong>patientiae</strong></span> 
     </span>
     <span class='ocr_line' id='line_1_12' title="bbox 181 1289 1103 1370; baseline 0.003 -21"><span class='ocrx_word' id='word_1_85' title='bbox 181 1308 269 1350; x_wconf 86' lang='lat' dir='ltr'><strong>meae</strong></span> <span class='ocrx_word' id='word_1_86' title='bbox 291 1289 419 1350; x_wconf 80' lang='lat' dir='ltr'><strong>abusum</strong></span> <span class='ocrx_word' id='word_1_87' title='bbox 442 1290 537 1351; x_wconf 80' lang='lat' dir='ltr'><strong>semel</strong></span> <span class='ocrx_word' id='word_1_88' title='bbox 559 1289 669 1351; x_wconf 82' lang='lat' dir='ltr'><strong>solvat.</strong></span> <span class='ocrx_word' id='word_1_89' title='bbox 699 1291 776 1352; x_wconf 85' lang='lat' dir='ltr'><strong>Vale</strong></span> <span class='ocrx_word' id='word_1_90' title='bbox 798 1299 828 1352; x_wconf 85' lang='lat' dir='ltr'><strong>et</strong></span> <span class='ocrx_word' id='word_1_91' title='bbox 850 1312 915 1370; x_wconf 85' lang='lat' dir='ltr'><strong>ora,</strong></span> <span class='ocrx_word' id='word_1_92' title='bbox 939 1302 973 1352; x_wconf 85' lang='lat' dir='ltr'><strong>ut</strong></span> <span class='ocrx_word' id='word_1_93' title='bbox 994 1294 1103 1355; x_wconf 76' lang='lat' dir='ltr'><strong>Eeeius</strong></span> 
     </span>
     <span class='ocr_line' id='line_1_13' title="bbox 182 1372 1104 1452; baseline 0.007 -21"><span class='ocrx_word' id='word_1_94' title='bbox 182 1391 268 1432; x_wconf 80' lang='lat' dir='ltr'><strong>meua</strong></span> <span class='ocrx_word' id='word_1_95' title='bbox 290 1391 383 1432; x_wconf 83' lang='lat' dir='ltr'><strong>sanus</strong></span> <span class='ocrx_word' id='word_1_96' title='bbox 404 1372 468 1452; x_wconf 80' lang='lat' dir='ltr'><strong>fiat,</strong></span> <span class='ocrx_word' id='word_1_97' title='bbox 490 1378 520 1433; x_wconf 87' lang='lat' dir='ltr'><strong>et</strong></span> <span class='ocrx_word' id='word_1_98' title='bbox 541 1372 686 1434; x_wconf 83' lang='lat' dir='ltr'><strong>liberetur</strong></span> <span class='ocrx_word' id='word_1_99' title='bbox 708 1393 727 1434; x_wconf 87' lang='lat' dir='ltr'><strong>a</strong></span> <span class='ocrx_word' id='word_1_100' title='bbox 748 1376 871 1436; x_wconf 84' lang='lat' dir='ltr'><strong>miseria</strong></span> <span class='ocrx_word' id='word_1_101' title='bbox 883 1375 1014 1437; x_wconf 83' lang='lat' dir='ltr'><strong>insanae</strong></span> <span class='ocrx_word' id='word_1_102' title='bbox 1032 1377 1104 1437; x_wconf 87' lang='lat' dir='ltr'><strong>adu·</strong></span> 
     </span>
     <span class='ocr_line' id='line_1_14' title="bbox 181 1454 636 1535; baseline 0.004 -22"><span class='ocrx_word' id='word_1_103' title='bbox 181 1454 304 1515; x_wconf 83' lang='lat' dir='ltr'><strong>lationis</strong></span> <span class='ocrx_word' id='word_1_104' title='bbox 327 1463 356 1514; x_wconf 85' lang='lat' dir='ltr'><strong>et</strong></span> <span class='ocrx_word' id='word_1_105' title='bbox 376 1455 504 1535; x_wconf 78' lang='lat' dir='ltr'><strong>gloriae,</strong></span> <span class='ocrx_word' id='word_1_106' title='bbox 527 1457 636 1517; x_wconf 90' lang='lat' dir='ltr'><strong>Amen.</strong></span> 
     </span>
    </p>

    <p class='ocr_par' dir='ltr' id='par_1_4' title="bbox 594 1539 686 1604">
     <span class='ocr_line' id='line_1_15' title="bbox 594 1539 686 1604; baseline 0.065 -6"><span class='ocrx_word' id='word_1_107' title='bbox 594 1539 686 1604; x_wconf 78' lang='lat' dir='ltr'><strong>Finis.</strong></span> 
     </span>
    </p>
   </div>
   <div class='ocr_carea' id='block_1_3' title="bbox 254 1800 1105 1875">
    <p class='ocr_par' dir='ltr' id='par_1_5' title="bbox 254 1800 1105 1875">
     <span class='ocr_line' id='line_1_16' title="bbox 254 1800 1105 1875; baseline 0.014 -23"><span class='ocrx_word' id='word_1_108' title='bbox 254 1800 279 1865; x_wconf 79' lang='lat'><strong>¹)</strong></span> <span class='ocrx_word' id='word_1_109' title='bbox 296 1800 330 1853; x_wconf 89' lang='lat' dir='ltr'><strong>ln</strong></span> <span class='ocrx_word' id='word_1_110' title='bbox 348 1802 391 1853; x_wconf 87' lang='lat' dir='ltr'><strong>ed.</strong></span> <span class='ocrx_word' id='word_1_111' title='bbox 409 1800 468 1856; x_wconf 84' lang='lat' dir='ltr'><strong>Jen.</strong></span> <span class='ocrx_word' id='word_1_112' title='bbox 488 1802 605 1875; x_wconf 78' lang='lat' dir='ltr'><strong>legitur:</strong></span> <span class='ocrx_word' id='word_1_113' title='bbox 630 1808 768 1875; x_wconf 82' lang='lat' dir='ltr'><strong>promittit</strong></span> <span class='ocrx_word' id='word_1_114' title='bbox 790 1822 839 1860; x_wconf 85' lang='lat' dir='ltr'><strong>eoa</strong></span> <span class='ocrx_word' id='word_1_115' title='bbox 860 1810 1055 1862; x_wconf 75' lang='lat' dir='ltr'><strong>convicturum</strong></span> <span class='ocrx_word' id='word_1_116' title='bbox 1074 1825 1105 1865; x_wconf 79' lang='lat' dir='ltr'><strong>ae</strong></span> 
     </span>
    </p>
   </div>
   <div class='ocr_carea' id='block_1_4' title="bbox 43 1870 678 1959">
    <p class='ocr_par' dir='ltr' id='par_1_6' title="bbox 43 1870 678 1959">
     <span class='ocr_line' id='line_1_17' title="bbox 43 1870 678 1959; baseline 0.005 -36"><span class='ocrx_word' id='word_1_117' title='bbox 43 1952 51 1959; x_wconf 95' lang='lat'><em>.</em></span> <span class='ocrx_word' id='word_1_118' title='bbox 94 1916 133 1939; x_wconf 40' lang='lat' dir='ltr'><strong>...a</strong></span> <span class='ocrx_word' id='word_1_119' title='bbox 166 1870 216 1921; x_wconf 64' lang='lat' dir='ltr'><strong>‘de</strong></span> <span class='ocrx_word' id='word_1_120' title='bbox 234 1872 277 1924; x_wconf 81' lang='lat' dir='ltr'><strong>&#39;nia</strong></span> <span class='ocrx_word' id='word_1_121' title='bbox 296 1875 425 1926; x_wconf 72' lang='lat' dir='ltr'><strong>omnibns</strong></span> <span class='ocrx_word' id='word_1_122' title='bbox 442 1880 470 1927; x_wconf 85' lang='lat' dir='ltr'><strong>et</strong></span> <span class='ocrx_word' id='word_1_123' title='bbox 487 1876 678 1943; x_wconf 83' lang='lat' dir='ltr'><strong>probaturum.</strong></span> 
     </span>
    </p>
   </div>
   <div class='ocr_carea' id='block_1_5' title="bbox 533 2928 734 3009">
    <p class='ocr_par' dir='ltr' id='par_1_7' title="bbox 533 2928 734 3009">
     <span class='ocr_line' id='line_1_18' title="bbox 533 2928 734 3009; baseline 0.015 -16"><span class='ocrx_word' id='word_1_124' title='bbox 533 2928 734 3009; x_wconf 74' lang='lat' dir='ltr'><strong>corrigenda.</strong></span> 
     </span>
    </p>
   </div>
   <div class='ocr_carea' id='block_1_6' title="bbox 165 3081 1082 3243">
    <p class='ocr_par' dir='ltr' id='par_1_8' title="bbox 165 3081 1082 3243">
     <span class='ocr_line' id='line_1_19' title="bbox 167 3081 999 3166; baseline 0.024 -32"><span class='ocrx_word' id='word_1_125' title='bbox 167 3081 198 3135; x_wconf 87' lang='lat' dir='ltr'><strong>In</strong></span> <span class='ocrx_word' id='word_1_126' title='bbox 219 3085 250 3139; x_wconf 88' lang='lat' dir='ltr'><strong>T.</strong></span> <span class='ocrx_word' id='word_1_127' title='bbox 271 3087 281 3137; x_wconf 88' lang='grc' dir='ltr'>Ι</span> <span class='ocrx_word' id='word_1_128' title='bbox 302 3106 328 3155; x_wconf 89' lang='lat' dir='ltr'><strong>p.</strong></span> <span class='ocrx_word' id='word_1_129' title='bbox 348 3090 383 3144; x_wconf 78' lang='lat'><strong>29</strong></span> <span class='ocrx_word' id='word_1_130' title='bbox 401 3091 454 3159; x_wconf 86' lang='lat' dir='ltr'><strong>leg.</strong></span> <span class='ocrx_word' id='word_1_131' title='bbox 475 3093 502 3145; x_wconf 84' lang='lat' dir='ltr'><strong>in</strong></span> <span class='ocrx_word' id='word_1_132' title='bbox 522 3100 602 3147; x_wconf 73' lang='lat' dir='ltr'><strong>nuta:</strong></span> <span class='ocrx_word' id='word_1_133' title='bbox 620 3095 689 3164; x_wconf 87' lang='lat' dir='ltr'>Epp.</span> <span class='ocrx_word' id='word_1_134' title='bbox 711 3097 807 3165; x_wconf 80' lang='lat' dir='ltr'><strong>xxm,</strong></span> <span class='ocrx_word' id='word_1_135' title='bbox 826 3114 877 3166; x_wconf 82' lang='lat' dir='ltr'><strong>pro</strong></span> <span class='ocrx_word' id='word_1_136' title='bbox 898 3100 999 3155; x_wconf 75' lang='lat' dir='ltr'><strong>xvm.</strong></span> 
     </span>
     <span class='ocr_line' id='line_1_20' title="bbox 165 3159 1082 3243; baseline 0.016 -29"><span class='ocrx_word' id='word_1_137' title='bbox 165 3193 181 3221; x_wconf 62' lang='lat' dir='ltr'><strong>‚a</strong></span> <span class='ocrx_word' id='word_1_138' title='bbox 211 3192 228 3221; x_wconf 85' lang='lat'>„</span> <span class='ocrx_word' id='word_1_139' title='bbox 260 3194 278 3224; x_wconf 59' lang='lat'><strong>2,</strong></span> <span class='ocrx_word' id='word_1_140' title='bbox 300 3176 325 3225; x_wconf 84' lang='lat' dir='ltr'><strong>p.</strong></span> <span class='ocrx_word' id='word_1_141' title='bbox 344 3159 379 3215; x_wconf 86' lang='grc'><strong>66</strong></span> <span class='ocrx_word' id='word_1_142' title='bbox 401 3162 457 3229; x_wconf 80' lang='lat' dir='ltr'><strong>leg.</strong></span> <span class='ocrx_word' id='word_1_143' title='bbox 476 3165 504 3215; x_wconf 88' lang='lat' dir='ltr'><strong>in</strong></span> <span class='ocrx_word' id='word_1_144' title='bbox 527 3170 607 3218; x_wconf 81' lang='lat' dir='ltr'><strong>nota:</strong></span> <span class='ocrx_word' id='word_1_145' title='bbox 628 3166 672 3219; x_wconf 86' lang='lat' dir='ltr'><strong>die</strong></span> <span class='ocrx_word' id='word_1_146' title='bbox 692 3169 718 3220; x_wconf 86' lang='lat' dir='ltr'><strong>S.</strong></span> <span class='ocrx_word' id='word_1_147' title='bbox 737 3170 854 3222; x_wconf 83' lang='lat' dir='ltr'><strong>Joannia</strong></span> <span class='ocrx_word' id='word_1_148' title='bbox 873 3171 1082 3243; x_wconf 77' lang='lat' dir='ltr'><strong>Evangelietao.</strong></span> 
     </span>
    </p>
   </div>
   <div class='ocr_carea' id='block_1_7' title="bbox 509 3408 742 3449">
    <p class='ocr_par' dir='ltr' id='par_1_9' title="bbox 509 3408 742 3449">
     <span class='ocr_line' id='line_1_21' title="bbox 509 3408 742 3449; baseline 0.004 -15"><span class='ocrx_word' id='word_1_149' title='bbox 509 3412 577 3437; x_wconf 27' lang='grc' dir='ltr'><strong>Ὗς</strong></span> <span class='ocrx_word' id='word_1_150' title='bbox 606 3408 681 3449; x_wconf 65' lang='lat'><strong>29„</strong></span> <span class='ocrx_word' id='word_1_151' title='bbox 714 3428 742 3436; x_wconf 87' lang='grc'><strong>,</strong></span> 
     </span>
    </p>
   </div>
   <div class='ocr_carea' id='block_1_8' title="bbox 0 0 1182 4192">
    <p class='ocr_par' dir='ltr' id='par_1_10' title="bbox 0 0 1182 4192">
     <span class='ocr_line' id='line_1_22' title="bbox 0 0 1182 4192; baseline 0 3"><span class='ocrx_word' id='word_1_152' title='bbox 0 0 1182 4192; x_wconf 95' lang='lat' dir='ltr'><strong> </strong></span> 
     </span>
    </p>
   </div>
  </div>
 </body>
</html>
