2356 4200
393 306 568 378 Heidelberg.
586 308 725 381 Disputat
985 302 1047 369 403

127 477 249 538 siusB.
272 477 516 568 Augustinum,'
508 500 539 540 ιι
561 479 646 540 mul
626 487 664 540 rs
685 475 838 558 locis,et
806 497 950 559 esupra
972 478 1045 538 satis

127 560 239 620 dictum
262 567 318 640 est,
341 551 423 641 quod
445 564 508 623 Lex
528 564 631 643 potius
652 564 728 621 iram
751 571 909 642 operatur,
938 567 969 621 et
990 560 1045 621 sub

127 643 292 704 maledicto
319 652 404 705 tenet
432 665 547 706 omnes.
592 645 766 708 Secundum
798 653 883 726 patet
903 664 959 725 per
978 662 1046 704 cos·

127 725 213 802 dem,
255 728 327 805 quia
359 727 435 788 fides
458 728 610 792 iustificat.
653 729 694 788 llt
715 729 778 788 Lex
800 731 863 806 (ait
884 728 918 788 B.
943 726 1046 806 Augu·

126 807 241 890 atinus)
265 811 396 889 imperat
417 812 498 890 quod
521 811 597 871 fides
618 813 771 890 impetrat.
814 810 865 873 sio
886 811 968 870 enim
993 826 1049 888 per

125 891 218 951 iidem
242 891 407 953 Christus
398 914 430 953 ln
451 895 558 974 nobis,
590 896 653 955 imo
675 915 766 954 unum
790 914 857 953 curn
881 893 985 955 nobis
991 900 1048 952 est.

128 975 168 1034 at
191 974 328 1035 Christus
355 984 403 1036 ιιι
433 978 530 1037 iustus
560 985 591 1037 ιι
612 979 716 1037 omnia
735 978 866 1075 implens
889 978 945 1036 Dei
967 993 1049 1034 man

127 1056 208 1136 data,
230 1076 324 1136 quaro
346 1065 377 1118 ιι
397 1077 455 1120 nos
477 1079 533 1140 per
550 1061 651 1140 ipsum
672 1079 775 1121 omma
787 1060 959 1141 implemus,
976 1058 1048 1118 dum

126 1147 231 1200 noster
251 1141 418 1202 factust
371 1149 418 1202 est
438 1162 494 1222 per
514 1142 616 1203 iidem
1042 1176 1044 1183 ·

530 1277 652 1339 xxvn
662 1258 664 1264 “

213 1391 323 1471 Recte,
357 1412 433 1474 opus
456 1393 568 1456 curisti
590 1395 705 1455 diceret
693 1402 741 1455 tur
764 1414 960 1475 opemns,c
944 1401 1048 1454 ct·n0

128 1479 222 1534 strum
254 1484 429 1572 operatum,
462 1496 500 1537 ac
521 1480 565 1538 sio
587 1485 746 1558 operatum
768 1479 891 1558 placere
904 1479 969 1537 Deo
983 1496 1049 1557 gra-

127 1557 171 1617 tia
193 1561 296 1638 operis
320 1561 485 1639 operantis.

212 1640 299 1719 Quia,
322 1643 393 1702 dum
404 1642 506 1703 Christ
494 1650 541 1704 tus
562 1645 594 1703 iu
618 1643 707 1704 uobis
728 1642 848 1703 habitat
815 1649 924 1722 atper
945 1641 1048 1719 fidem,

130 1726 191 1786 iam
213 1731 319 1784 movet
350 1745 408 1786 nos
441 1726 481 1785 ad
515 1745 611 1806 opera
641 1746 695 1806 por
722 1728 823 1786 vivam
850 1726 933 1784 illam
956 1724 1048 1783 fldem

78 1803 82 1814 ⁸
132 1827 259 1888 operum
284 1827 417 1868 suorum.
448 1809 550 1888 Opera
571 1812 661 1888 enirn,
686 1829 764 1888 quac
787 1810 852 1888 ipse
874 1809 956 1881 l'acit,
980 1814 1051 1866 sunt

125 1890 234 1971 implet
223 1893 323 1949 tiones
347 1891 560 1952 mandatorum
582 1893 648 1971 Dei,
672 1892 760 1952 nohis
783 1891 855 1950 data
875 1911 931 1987 per
947 1889 1050 1966 fidem,

125 1992 204 2053 quae
226 1993 294 2032 cum
324 1975 492 2054 intuemur,
532 1995 691 2036 movemur
712 1975 751 2034 ad
773 1976 976 2034 imitationem
999 1991 1048 2031 eo-

125 2075 201 2116 rum,
235 2055 309 2116 ldeo
332 2059 375 2119 ait
397 2059 573 2138 aposolus
584 2058 697 2118 lmitat
654 2065 768 2118 ttorcs
791 2058 852 2119 Dei
876 2063 989 2130 estote,
1012 2056 1050 2113 si-

125 2144 179 2199 cut
198 2137 253 2198 lilii
275 2140 433 2200 carissimi.
476 2141 579 2224 Quare
602 2138 830 2201 misericordiae
851 2156 948 2218 opera
970 2139 1050 2197 enoi-

113 2229 230 2282 'tantur
252 2222 290 2282 ab
313 2224 457 2302 operibus
480 2226 555 2302 eius,
577 2224 685 2302 quibus
709 2224 841 2284 salvavit
830 2230 928 2281 t.nos
967 2222 1052 2281 Sicut

125 2307 170 2365 ait
197 2305 232 2364 B.
255 2305 337 2384 Greg
319 2307 438 2366 aurius:
483 2307 589 2367 Omnis
623 2307 732 2366 Christi
764 2313 814 2365 ιι
816 2326 845 2364 ιο
876 2312 923 2364 est
945 2312 1050 2363 nostra
1157 2296 1168 2355 .'

124 2389 302 2464 instructio,
336 2389 398 2449 imo
444 2392 621 2452 commotio
678 2389 767 2467 Sic¹)
802 2390 881 2448 actio
915 2389 980 2447 eius
1018 2388 1049 2446 in

123 2471 213 2532 nobis
250 2472 324 2529 vivit
358 2492 413 2550 per
454 2472 565 2551 fidem,
600 2473 799 2532 vehementer
833 2473 913 2530 enirn
944 2470 1050 2545 allicit,

123 2555 210 2613 iuxta
236 2552 330 2612 illud*
344 2560 378 2630 l:
416 2555 517 2615 Trahe
539 2575 588 2615 ure
609 2563 682 2634 post
704 2563 749 2633 ιι,
782 2557 812 2615 in
836 2555 963 2614 odorem
997 2573 1049 2611 un-

125 2643 443 2716 guentorumtuorum
468 2640 628 2716 currimus,
650 2638 681 2698 id
702 2647 757 2717 ιιι,
773 2658 899 2717 operum
919 2645 1049 2697 tuorum.

209 2801 308 2862 Amor
330 2803 388 2863 Dei
415 2822 478 2863 non
499 2805 633 2881 invenit,
656 2803 709 2864 sed
734 2810 818 2864 creat
840 2821 927 2862 suum
950 2801 1048 2881 diligi-

126 2884 197 2965 bile,
222 2902 309 2945 amor
329 2886 558 2949 hominisfita
540 2906 637 2947 asuo
662 2886 812 2982 diligibili.

209 2967 566 3066 Secundaparspatet
551 2977 635 3028 ιιιιι
646 2971 780 3030 omnium
796 2967 1051 3048 philosophorum

126 3051 395 3131 ettheologorum,
418 3070 489 3130 qma
501 3054 715 3112 obiectum
668 3060 715 3112 est
736 3071 829 3112 causa
851 3052 973 3128 amoris,
996 3070 1049 3129 po·

126 3133 228 3194 nendo
241 3135 437 3195 iuxtaAristo
439 3137 532 3195 telem
544 3154 715 3215 omucmpo
719 3136 844 3195 sutram
852 3153 973 3197 arrunte
982 3153 1051 3192 esse

124 3218 319 3296 passivamet
334 3219 500 3295 materiam,
519 3226 550 3278 ιι
560 3218 736 3297 recipiendo
747 3225 893 3298 egerant
903 3219 947 3276 sic
959 3218 1049 3279 ιιιιιιι

126 3319 211 3359 suam
219 3299 445 3379 philosophiam
457 3303 772 3362 testeturcontrariam
785 3320 853 3360 esse
865 3300 1050 3379 theologiae,
1130 3375 1132 3379 Α

124 3381 196 3441 dum
225 3384 257 3441 in
280 3384 421 3442 omnibus
444 3386 561 3463 quaerit
583 3404 662 3464 quae
685 3405 740 3444 sua
761 3392 846 3460 sunt,
880 3391 911 3443 et
939 3384 1051 3461 accipit

125 3464 449 3545 potiusbonumquarn
462 3467 572 3528 tribuit.
596 3468 697 3528 Prima
707 3487 776 3547 pars
784 3474 878 3546 patet,
886 3468 956 3545 quia
965 3487 1051 3527 amor

125 3547 183 3608 Dei
198 3549 228 3607 in
240 3547 366 3608 homine
381 3551 488 3609 vivens
507 3550 606 3630 diligit
625 3560 821 3630 peccatoreS,
841 3552 956 3629 malou,
979 3551 1049 3610 stul-

180 3736 211 3799 1)
234 3736 265 3786 ln
285 3733 349 3787 edit
369 3737 441 3791 lem:
468 3737 506 3790 Si.

182 3809 214 3872 ³)
238 3806 321 3861 Cant.
342 3806 367 3860 l.

760 3884 827 3951 26*
