2356 4200
132 272 194 343 108
231 277 307 348 Epit.
326 274 463 348 Respons.
482 277 514 333 F.
535 277 601 332 silv.
620 278 705 334 Priar.
725 277 760 332 ad
780 276 812 332 D.
832 277 866 335 u.
885 279 964 336 Lnth.

129 451 229 531 ipsum
252 469 322 510 esse
344 447 485 511 omnibus
508 448 597 510 nabis
618 469 724 529 parem
745 451 778 509 in
798 451 1050 532 praeceptisDai,

130 535 266 595 maxime
289 534 393 612 primis
417 532 527 609 tribus,
552 537 600 611 ut,
624 532 674 592 ubi
698 540 806 594 eontra
825 533 934 594 horum
957 555 1049 595 annm

130 616 245 696 aliquid
257 617 375 694 iecerit,
398 614 552 677 subiectus
574 618 614 676 sit
628 616 753 676 suiiibet
773 615 856 677 fideli
872 616 914 676 ad
923 636 1050 679 manen
1074 653 1079 665 .

130 698 200 759 dum
224 706 256 761 et
277 697 493 776 accusandum,
515 699 696 760 iuxtaillud
718 700 824 761 Matth.
845 701 907 763 ta:
930 699 964 760 si
982 720 1050 780 pee-

130 785 248 844 aaverit
267 784 299 842 in
321 789 352 844 te
372 783 465 843 frater
486 789 565 859 tuus,
587 782 667 842 vade
689 789 721 842 et
738 784 857 862 corripe
879 802 950 843 eurn
972 784 1051 845 iuter

127 873 159 926 te
182 874 213 927 et
233 867 333 947 ipsum
355 866 464 927 solnm.
509 864 541 925 Si
563 873 594 926 te
616 885 678 927 non
701 865 841 941 audierit,
863 885 988 928 assume
1008 872 1049 928 te·

127 967 198 1010 eum
221 949 324 1028 alium,
348 955 400 1010 aut
421 947 509 1009 duos.
552 949 584 1010 Si
605 948 664 1009 hos
686 968 748 1009 non
770 948 909 1025 audierit,
931 948 1048 1011 dinae

129 1031 258 1110 alesine,
279 1032 310 1093 id
334 1039 390 1109 est,
412 1031 513 1112 palam
537 1050 641 1092 eoram
664 1032 816 1105 omnibus,
838 1033 863 1092 si
887 1033 1048 1093 ecelesiam

128 1134 191 1176 non
215 1115 360 1192 audierit,
383 1116 422 1175 sit
437 1113 491 1174 tihi
514 1116 594 1175 sieut
615 1115 754 1174 ethninus
775 1122 806 1175 et
827 1115 1020 1194 publicanus

212 1197 288 1274 Quis
310 1161 367 1272 est’,
375 1198 442 1293 ‘qui
465 1197 578 1277 Papam
602 1204 634 1258 et
653 1199 756 1277 papist
757 1217 790 1258 as
744 1198 851 1258 tab
874 1198 934 1259 has
955 1209 1048 1259 evan·

128 1283 200 1363 gelii
224 1282 293 1362 lege
315 1280 458 1359 excipere
477 1280 599 1376 possit?
621 1280 671 1341 Au
683 1281 767 1360 Papa
787 1299 850 1341 non
873 1288 922 1341 est
931 1281 1047 1343 frater?

128 1383 168 1425 an
190 1384 252 1425 non
276 1363 417 1425 omnibus
439 1363 500 1423 suia
530 1362 608 1423 haee
630 1363 767 1424 Christus
789 1363 991 1444 praecipit?
1001 1364 1048 1425 Da

128 1448 242 1515 laeum
254 1448 333 1527 serip
336 1454 437 1522 turae,
460 1447 512 1524 qui
533 1447 657 1524 probet,
680 1446 794 1527 Papam
810 1466 880 1507 ιιι
902 1430 1026 1508 lieers
1016 1465 1046 1507 ιι

128 1530 208 1590 hane
229 1530 367 1611 regulam
390 1529 481 1610 engi?
523 1528 573 1588 An
594 1492 747 1615 tigmentis
777 1530 839 1590 suis
870 1529 1046 1591 daemonia-

128 1613 172 1673 ιιι
194 1632 252 1673 nos
275 1614 412 1674 territare
434 1618 568 1687 tentant,
596 1619 630 1672 ut
655 1612 727 1672 huie
749 1612 860 1673 christi
880 1619 1045 1693 praesepto

127 1714 190 1756 non
214 1696 411 1772 obediamus,
451 1694 490 1754 ob
512 1694 707 1757 hominem
699 1715 730 1755 ιι
753 1696 849 1756 Deum
872 1713 1045 1776 pensemus,

128 1786 160 1838 et
180 1779 290 1840 timore
311 1777 482 1839 traditionis
503 1777 658 1839 humanae
680 1779 737 1838 Dei
765 1780 994 1858 praeceptum
985 1780 1045 1840 rrri-

118 1867 190 1923 mm
213 1861 383 1922 faciamus?

141 1973 146 1987 ι
207 1946 289 2006 Vere
310 1963 392 2005 nuns
412 1942 573 2022 intelligo,
597 1943 636 2003 de
657 1900 767 2039 quibus
787 1943 909 2004 loeutus
932 1946 972 2006 sit
991 1946 1044 2006 Pe

124 2030 248 2170 trrrlrs,2.
270 2028 350 2091 Petr.
374 2029 410 2089 2;
434 2025 532 2086 Erunt
553 2032 584 2085 et
601 2025 674 2107 ·¹)
665 2047 697 2085 ιι
719 2024 809 2086 vobis
829 2027 1043 2122 pseudomagi

151 2131 198 2188 ιι,
227 2129 283 2191 per
304 2129 381 2253 quos
403 2109 454 2168 via
474 2109 611 2168 veritatis
633 2107 908 2204 ιιιιιριιιιιιιιιιι,
937 2111 1043 2186 Deum,

125 2194 176 2272 qui
199 2212 254 2254 ens
276 2195 359 2265 emit,
381 2198 544 2271 negantes,
563 2193 616 2270 qui
637 2192 669 2250 in
691 2191 819 2252 avaritia
841 2191 920 2252 fiatis
943 2193 1042 2255 verbis

125 2273 165 2336 ds
186 2276 274 2336 vohis
297 2274 544 2356 negotiabuntur
586 2274 637 2334 An
658 2293 721 2333 non
743 2280 791 2334 est
810 2273 871 2334 hoe
892 2275 974 2336 viam
996 2295 1044 2337 va·

123 2358 221 2419 ritatis
244 2357 515 2439 blasphemare,
491 2377 517 2416 sr
538 2376 644 2438 neges,
665 2355 791 2416 verbum
806 2355 949 2417 Christi
896 2364 972 2420 ιιι
993 2359 1043 2420 ali·

124 2459 213 2520 quern
237 2441 392 2502 hominem
416 2445 612 2521 peecatorem
627 2439 753 2499 valere?
773 2438 842 2519 Ego
865 2460 932 2500 sum
956 2460 1043 2502 sxau·

124 2543 158 2584 sa
161 2530 275 2599 tus,e
277 2524 481 2619 tprouuneio
506 2542 546 2582 ex
565 2523 612 2583 his
634 2522 736 2582 verbis
761 2521 843 2582 Petri
865 2531 897 2582 et
918 2524 1043 2585 Christi:

124 2606 156 2667 Si
178 2608 349 2686 prinsipes,
372 2606 526 2701 episcopi,
554 2613 585 2666 et
606 2606 779 2684 quicunque
800 2604 907 2666 fideles
930 2607 1042 2702 Papam

124 2696 276 2750 errantem
299 2688 438 2769 qualibet
458 2689 585 2749 erimine
606 2707 669 2748 non
687 2688 869 2765 monuerint,
893 2691 1042 2770 aorripue

123 2773 194 2847 rint,
217 2774 440 2846 accusaverint,
462 2789 518 2851 pro
531 2771 654 2831 ethnico
668 2770 838 2848 habuerint,
860 2789 1041 2835 esseomnes

124 2854 323 2934 blasphemas
343 2856 413 2915 viae
434 2855 582 2931 veritatis,
605 2861 636 2914 et
657 2859 822 2933 negatores
830 2852 954 2935 Christi,
977 2874 1041 2914 earm

124 2938 208 3017 Papa
231 2937 428 2999 aeternaliter
448 2935 650 2998 damnandos.
693 2936 773 2996 Dixi.

126 3113 208 3122 *-

164 3199 194 3262 1)
217 3199 246 3250 in
266 3199 328 3251 coll.
348 3199 408 3251 Jen.
429 3205 456 3252 et
475 3197 603 3249 Vittemb.
624 3197 719 3250 deest:
738 3205 771 3249 et.
