2356 4200
122 302 164 372 76
375 306 490 378 Replica
507 306 536 362 F.
556 306 621 361 Silv.
641 306 781 363 Prlsrlstis

124 476 163 539 ab
184 476 242 555 his,
266 476 317 557 qui
340 478 462 538 suntin
485 476 662 558 Germania,
683 478 779 556 meis,
802 476 856 540 sed
880 477 940 539 bac
962 477 1048 538 inre

123 559 203 621 haud
213 559 267 622 tibi
281 559 471 638 crediderim,
482 563 596 642 quippe
605 562 655 640 qui
663 568 748 640 puto,
760 559 842 641 quod
854 561 934 622 alios
948 579 1047 640 aeque

123 651 158 704 ut
180 663 228 704 me
249 643 326 704 false
340 645 425 723 cites,
448 649 480 704 et
501 645 579 705 siout
592 651 707 724 nostra,
728 645 771 704 ita
793 644 939 705 etaliena
952 644 1047 725 prava

124 727 291 808 intelligas,
313 729 378 787 sive
399 729 572 808 ingenium,
595 728 661 788 sive
683 726 825 788 affectum
849 728 955 788 eiusce
979 745 1048 788 cau·

124 829 188 872 sam
211 810 356 892 putarim,
387 817 418 871 et
451 830 530 890 quae
556 817 587 871 te
615 819 699 871 recte
729 811 902 891 intelligere
924 809 1047 872 infitiari

123 895 242 974 nequis,
264 895 294 953 in
318 893 474 972 obliquum
497 893 672 973 detorques.

205 977 246 1038 llt
273 996 313 1037 ne
336 996 385 1037 me
407 976 446 1037 ad
468 995 556 1037 auras
578 977 662 1056 loqui
684 983 793 1057 putes,
824 976 909 1038 verbi
942 984 1047 1056 causa,

123 1079 217 1121 unum
238 1059 352 1140 aliquid
374 1061 406 1119 in
434 1060 568 1120 medium
591 1059 749 1123 deducam.
792 1059 950 1135 Revolve,
981 1078 1046 1138 oro,

124 1144 298 1225 diligentius
321 1145 346 1203 si
358 1142 452 1204 lubet
472 1143 567 1204 verba
583 1162 661 1222 mea,
685 1150 715 1204 et
735 1143 898 1224 diligenter
909 1142 1046 1222 adverte,

123 1247 163 1288 an
186 1246 225 1287 ex
246 1226 293 1285 his
314 1226 419 1288 baberi
443 1227 559 1306 possit,
591 1226 673 1305 quod
695 1228 820 1307 pauperi
844 1227 911 1286 sine
933 1225 1046 1287 veniali

122 1314 252 1392 peccato
265 1308 464 1390 eleemosyna
482 1310 588 1390 negari
611 1328 674 1369 nou
696 1311 804 1390 possit,
827 1313 861 1369 ut
883 1309 1045 1370 mihilalso

124 1392 277 1471 asscribis,
298 1393 329 1452 in
353 1411 413 1470 qua
432 1412 467 1453 re
479 1391 587 1474 grandi
600 1393 788 1454 verbositate
805 1411 854 1453 me
865 1393 1047 1472 insequeris,

124 1495 194 1536 cnm
215 1494 277 1536 non
301 1475 455 1555 Silvester,
479 1476 532 1537 sed
556 1475 703 1536 Martinus
728 1477 757 1545 1)
782 1474 856 1535 illud
877 1476 1046 1536 somniarit

124 1559 156 1620 Si
178 1578 227 1619 me
248 1558 436 1637 intellexisti,
459 1561 509 1638 qui
531 1557 606 1618 illud
627 1577 666 1618 ne
685 1559 820 1639 cogitavi
835 1558 972 1639 quidem,
996 1576 1047 1620 cur

124 1648 232 1703 contra
261 1661 311 1702 me
338 1647 385 1702 tot
411 1635 574 1702 mendacia
610 1641 791 1702 convolvis?
834 1641 866 1703 Si
895 1661 971 1702 vero
1000 1660 1047 1703 me

124 1744 187 1786 non
209 1724 403 1804 intellexisti,
428 1726 554 1805 ingenio
577 1725 716 1785 sobriore
744 1725 870 1786 lectioni
893 1731 924 1784 et
946 1723 1046 1786 studio

125 1816 155 1869 te
177 1807 299 1869 addice.
660 1854 663 1858 r

207 1890 353 1972 lmpingis
376 1908 499 1970 quoque
521 1892 552 1950 in
574 1908 625 1950 me
647 1890 835 1968 mirabiliter,
857 1890 950 1952 etde
972 1891 1047 1972 phil·

125 1975 261 2056 argyria,
290 1979 321 2034 et
349 1973 388 2034 de
415 1973 530 2033 ambitu
563 1972 762 2054 dignitatum,
796 1973 878 2054 quod
907 1975 974 2034 eius
1004 1973 1045 2034 rei

125 2059 225 2138 gratia
249 2056 428 2118 adulatoriis
457 2056 558 2117 verbis
578 2055 777 2136 applaudam.
819 2056 869 2116 Ad
892 2075 973 2136 quae
995 2056 1047 2117 cli·

124 2139 165 2200 ud
187 2140 261 2200 nihil
285 2139 431 2217 dixerim,
460 2140 518 2200 nisi
549 2139 632 2219 quod
661 2140 721 2199 mei
751 2139 852 2199 cordis
875 2145 997 2201 secreta
1017 2146 1047 2200 tu

118 2223 203 2284 'forte
225 2223 435 2303 exploratiora
458 2229 554 2295 tenes,
577 2241 666 2302 quam
689 2223 757 2302 ipse
774 2228 907 2283 teneam.
949 2222 983 2284 si
1006 2228 1046 2283 ta·-

124 2326 194 2366 men
218 2304 257 2366 de
278 2305 477 2386 dignitatibus
500 2307 608 2386 agitur,
631 2306 695 2365 scio
710 2325 758 2365 me
772 2306 915 2366 iuvenem
931 2307 1046 2387 episco-

123 2395 229 2469 patum
253 2406 322 2448 cum
344 2395 524 2449 sexcentum
555 2389 654 2449 aureis
684 2389 837 2449 reiecisse.
880 2389 975 2449 Forte
998 2408 1046 2449 au·

125 2478 185 2532 tem
218 2491 257 2532 ex
284 2476 442 2532 senectute
465 2471 577 2531 delirus
606 2470 771 2550 aliquando
794 2477 904 2552 potero
937 2491 956 2531 a
978 2490 1045 2532 meo

124 2555 274 2633 instituto,
298 2553 380 2633 quod
405 2554 607 2635 quadraginta
628 2561 747 2635 septem
769 2556 856 2614 annis
880 2561 911 2614 et
934 2573 973 2615 eo
988 2573 1046 2614 am·
1088 2565 1091 2574 '

124 2638 203 2719 plius
231 2638 272 2698 in
298 2638 361 2697 vita
381 2637 514 2718 regulari
537 2637 679 2697 virilitate
708 2639 807 2714 tenui,
836 2638 968 2698 mollitie
999 2637 1046 2699 dc-

125 2720 218 2782 ilecti.
262 2719 323 2781 Sed
345 2738 404 2780 nec
425 2718 559 2780 officium
582 2722 692 2800 ipsum,
715 2719 797 2799 quod
814 2719 936 2790 ⁴domini
950 2720 1045 2782 nostri

128 2822 255 2864 munere
277 2821 465 2883 prosequor,
495 2823 544 2863 me
575 2809 628 2862 aut
649 2805 838 2882 quaesivisse
859 2809 912 2863 aut
934 2805 1046 2885 appeti-

101 2887 206 2947 ·visse
223 2887 316 2964 seito,
340 2885 392 2947 sed
416 2892 533 2946 tantum
555 2888 667 2966 gratias
691 2887 800 2967 egisse.
824 2887 913 2947 Brevi
936 2893 1045 2965 autem,

125 2971 150 3030 si
173 2969 331 3047 advixero,
355 2988 405 3030 me
427 2968 480 3028 tibi
504 2976 535 3029 et
555 2969 668 3029 mundo
693 2975 886 3029 ostensurum
909 2969 1045 3046 dixerim,

125 3052 207 3132 quod
238 3053 269 3112 in
296 3052 406 3113 mediis
428 3051 529 3132 globis
558 3051 748 3111 flammarum
778 3071 846 3112 cum
870 3053 1044 3114 deliciarum

124 3141 156 3195 et
177 3135 362 3215 divitiarum,
385 3140 447 3195 tum
471 3136 562 3195 etiam
577 3134 758 3214 dignitatum
782 3141 813 3194 et
835 3135 1044 3197 illecebrarum

125 3237 226 3298 neque
249 3223 349 3279 tactus
372 3237 447 3295 sum,
470 3237 570 3297 neque
592 3217 722 3278 afflatus.

206 3301 250 3361 Tu
273 3320 347 3361 vero
370 3301 432 3379 ais,
465 3300 547 3380 quod
570 3300 723 3361 Christum
744 3301 775 3360 in
798 3319 847 3360 me
868 3300 1043 3380 loquentem

124 3403 185 3445 non
215 3383 311 3444 audis.
355 3382 415 3444 Sed
443 3403 544 3462 neque
573 3402 632 3464 ego
661 3401 769 3444 vocem
805 3385 870 3443 eius
896 3384 988 3446 audio
1016 3384 1044 3443 in

123 3475 154 3528 te
176 3473 298 3547 praeter
324 3485 433 3544 unam,
468 3485 524 3546 qua
549 3471 580 3526 te
600 3466 739 3546 pontifici
761 3468 964 3546 prostravisti.
987 3463 1043 3527 Sed

124 3550 207 3610 aliud
217 3549 362 3629 quiddam
386 3551 416 3610 in
441 3555 471 3609 te
493 3549 566 3609 mibi
583 3551 686 3630 garrit,
709 3549 790 3610 unde
812 3551 915 3609 autin
939 3556 1042 3611 neutro

128 3709 144 3718 μ
158 3708 552 3717 --.ἡ-..-ῳ-..η--ῄ-η

175 3804 207 3876 1)
226 3805 258 3860 ln
277 3805 435 3861 edition:
454 3803 602 3860 Lutherus.
