2356 4200
479 300 505 338 e.
528 286 596 342 1515
614 286 710 340 habiti.
1017 285 1060 352 83

140 452 178 511 sio
197 453 312 512 veritos
335 459 367 512 et
391 452 537 513 iudicium
568 472 662 534 opera
694 474 838 514 manuum
861 456 945 532 eius,
978 455 1059 520 Pscl

138 538 202 597 110.
247 535 300 595 Sic
322 536 469 616 disponet
490 555 650 597 sermones
672 557 747 598 suos
767 538 890 598 heros
882 559 913 598 m
933 538 1059 618 iudicio,

135 617 244 678 lenem.
268 621 325 682 23:
370 617 430 693 Qui
451 619 545 681 habet
573 639 747 680 sermonem
775 640 893 700 meum,
924 621 1060 700 loquitur
1094 692 1097 697 Ι

133 719 305 761 sermonem
327 715 441 781 meum,
462 704 482 763 i.
506 705 705 763 everitetem
730 722 812 763 vere.
855 704 889 763 ln
907 722 945 764 eo
947 704 1058 784 ,quod

133 782 204 843 dicit
225 803 414 862 sermonem,
438 785 574 846 excludit
562 786 681 863 tfelsa,
704 805 783 865 quae
806 786 883 846 olias
900 794 993 847 vocet
1006 787 1058 848 do

131 866 187 943 los,
213 867 386 946 opprobria
412 873 471 928 etc.
515 868 595 943 Quin
615 870 689 929 talin
712 889 775 929 non
799 877 870 928 sunt
890 869 985 949 digna
1006 890 1058 930 vo-

130 951 189 1009 cari
215 969 391 1027 sermones,
412 958 445 1011 et
466 957 569 1012 tamen
592 971 655 1012 non
679 952 803 1030 sufficit,
833 972 992 1013 sermones
1015 953 1058 1013 di·

129 1050 208 1111 cere,
232 1034 294 1092 nisi
316 1035 347 1093 in
370 1033 485 1094 iudicio
507 1035 693 1114 dispositos,
716 1036 815 1101 sicet
837 1037 941 1096 omnia
963 1054 1058 1115 opere

129 1123 186 1176 etc.
233 1115 304 1190 Quo
328 1116 375 1190 lit,
407 1124 440 1177 ut
469 1120 570 1177 omnis
593 1118 753 1194 detractio,
783 1120 809 1176 si
836 1118 945 1178 falsum
974 1118 1057 1197 dicit,

129 1205 240 1278 peccet
262 1200 435 1259 mortaliter
456 1209 564 1261 contra
584 1201 659 1260 illud
681 1201 876 1279 mandatum,
912 1221 973 1261 non
1003 1203 1057 1261 ial-

128 1300 193 1340 sum
217 1283 428 1342 testimonium
453 1284 553 1363 dices,
589 1286 614 1343 si
637 1284 711 1342 dicit
734 1303 854 1360 verum,
877 1284 960 1362 quod
984 1284 1075 1355 dicit,

126 1372 158 1423 ut
178 1364 346 1443 detractio,
368 1367 387 1428 i.
410 1386 437 1427 ο.
456 1387 519 1427 non
539 1386 621 1442 vene,
640 1374 750 1446 peccat
766 1374 874 1426 contra
889 1368 1056 1427 secundum

113 1447 322 1507 mandatum:
365 1449 435 1508 Non
459 1469 561 1510 sumes
584 1470 697 1510 nomen
721 1449 779 1509 Dei
801 1451 861 1527 tui,
886 1452 905 1513 i,
929 1469 956 1510 e.
979 1454 1055 1510 veri·

128 1536 224 1589 tatem
249 1530 331 1604 (hoc
351 1533 433 1590 enim
457 1540 505 1593 eat
526 1551 640 1593 nomen
665 1533 791 1608 Christi,
820 1534 900 1592 sicut
928 1532 1002 1593 dicit
1023 1536 1054 1593 in

125 1611 319 1693 Evangelio:
341 1614 410 1695 Ego
427 1634 494 1675 sum
512 1618 642 1689 veritas)
658 1617 687 1673 in
707 1634 828 1692 venum,
850 1616 942 1696 igitur
958 1616 1053 1677 multo

126 1696 225 1777 magis
249 1715 313 1756 non
336 1717 440 1756 sumes
462 1699 549 1758 false.

208 1777 290 1854 Quid
313 1799 389 1860 ergo
410 1787 467 1860 est,
490 1783 650 1841 veritatem
674 1800 747 1840 ve1e
764 1779 886 1840 dicere?
915 1780 973 1840 Est
961 1773 1054 1840 tecm

127 1881 164 1922 eo
186 1862 309 1941 loco,t
309 1882 453 1942 empore,
484 1871 681 1924 oeusaetm
620 1863 763 1942 tmodo
801 1882 861 1941 quo
885 1862 992 1940 debet,
1023 1870 1056 1923 et

126 1944 187 2005 hoc
209 1952 258 2004 est
279 1944 424 2005 iudicium
448 1948 594 2009 veritatis.
639 1946 728 2007 Unde
757 1953 848 2025 apost
836 1945 917 2006 tolus
940 1947 1055 2025 praeci·

126 2028 171 2106 pit
191 2027 373 2106 Timotheo,
395 2036 428 2088 ut
450 2048 558 2090 omnes
581 2048 740 2089 sermones
762 2031 827 2088 eius
849 2029 914 2088 asle
937 2029 1054 2088 conditi

126 2111 196 2170 sint.
247 2111 317 2172 Non
347 2130 420 2192 ergo
451 2112 563 2173 suflicit
585 2114 744 2173 veritatem
769 2112 872 2171 dicere
894 2111 933 2170 ed
956 2114 1052 2172 vitan·

126 2192 199 2252 dum
220 2201 393 2272 pecca-tum.

209 2277 307 2337 Tertii
329 2285 415 2356 sunt,
438 2279 489 2356 qni
512 2277 583 2338 ideo
607 2297 640 2336 se
663 2279 769 2339 dicunt
792 2278 866 2337 tolie
889 2294 999 2355 agere,
1022 2282 1055 2336 ut

126 2359 322 2437 publicentur
349 2368 380 2420 et
368 2361 605 2420 temendentnr
628 2362 716 2438 talin,
756 2381 835 2440 quae
868 2379 941 2418 vera
974 2367 1052 2418 sunt.

127 2442 343 2522 Respondent
364 2444 441 2515 illie,
468 2446 527 2503 iste
560 2463 623 2503 non
650 2452 697 2504 eat
686 2445 834 2504 tmodns
858 2442 1054 2515 emendandi,

128 2525 180 2584 sed
204 2533 361 2622 sempert
349 2517 516 2585 timendum
539 2527 625 2603 illud,
659 2548 698 2586 ne
724 2530 790 2587 sine
817 2526 931 2586 iudicio
962 2525 1053 2587 dicet.

127 2607 214 2686 Nam,
239 2610 291 2687 qui
312 2610 378 2668 vult
400 2609 565 2668 emendare
577 2610 658 2669 fre
624 2618 677 2670 tus
699 2618 870 2689 peccatum,
894 2607 987 2667 habet
1009 2629 1053 2666 rc-

126 2692 252 2770 gulam
244 2713 275 2750 m
288 2692 471 2771 Evangelio,
494 2711 585 2770 quom
604 2695 629 2752 si
646 2695 824 2770 contemnit,
847 2698 900 2751 aut
923 2691 1052 2771 pruden-

128 2776 185 2833 tius
208 2794 243 2834 se
265 2794 358 2870 agere
378 2782 476 2854 putet,
499 2795 589 2852 quam
615 2775 753 2835 Clnistus
777 2776 897 2846 docuit,
921 2782 1052 2852 quantus

127 2875 243 2934 quaeso
265 2859 322 2917 iste
293 2858 444 2916 ιιιουοε
468 2866 515 2917 est
504 2859 539 2917 t?
575 2858 656 2917 Nihil
679 2858 830 2938 pioficiet,
853 2858 951 2935 quia
946 2876 1052 2915 secun-

127 2939 196 3000 dum
221 2958 347 3000 sensum
371 2943 470 2999 carnis
494 2960 567 3000 anne
590 2943 708 3020 agitet
696 2948 817 3001 tterra
800 2939 974 3000 tVideat
963 2947 1051 2999 tau-

126 3024 683 3103 tem,aneolocO,eipe1·sonae,
714 3022 1051 3101 eolinedicet,quae
1130 3066 1137 3074 -

124 3108 247 3183 possint
267 3105 412 3184 iudicare,
434 3127 469 3165 se
491 3125 584 3166 causa
604 3106 756 3166 emendat
736 3108 839 3184 tionis,
861 3113 892 3165 et
913 3125 976 3165 non
998 3125 1051 3185 po-

124 3190 183 3247 tius
206 3207 308 3248 novae
331 3189 495 3249 delationis
518 3198 570 3249 aut
592 3192 712 3250 otiosae
731 3190 1050 3268 fabulationis-gnatia

124 3271 219 3350 loqui.
253 3271 343 3331 Tolle
367 3274 461 3331 otium
486 3280 517 3332 et
539 3273 667 3351 fabulas,
690 3280 722 3332 et
741 3273 944 3352 paucissimos
968 3272 1050 3331 vide-

122 3354 183 3431 bis,
207 3356 260 3432 qui
281 3362 409 3433 propter
430 3356 640 3429 emendato*)
664 3363 795 3435 peccota
816 3357 951 3434 proximi
974 3358 1047 3415 reci-

123 3443 197 3499 tent.
243 3436 350 3511 Quarti
373 3444 453 3517 suot,
476 3441 525 3517 qui
548 3440 744 3499 daemonium
760 3457 848 3497 suum
861 3446 893 3497 et
905 3438 1049 3519 angelum

122 3525 252 3582 sanetae
274 3519 330 3580 sibi
347 3539 422 3581 auro
440 3530 590 3582 coronant
606 3529 638 3582 et
652 3523 787 3582 vestiunt
804 3528 835 3581 et
855 3523 929 3582 miro
949 3523 1048 3602 splen·

195 3788 227 3852 ‘)
248 3787 368 3841 Forsan:
399 3796 517 3856 propter
533 3790 766 3850 emendationem.

785 3905 839 3978 6*
