2356 4200
329 250 369 319 ‚rte
379 253 488 331 ,virtute
504 251 748 322 nostrumnon.
931 248 992 321 207

322 421 562 515 'conclusio
585 422 715 528 aava

120 555 122 559 '
155 548 277 632 Optime
300 550 373 615 iacit
394 570 494 632 papa,
524 550 607 630 quod
636 571 698 612 non
720 558 876 635 potestate
898 549 992 612 cla'vie

73 642 182 715 (quam
208 634 323 694 nullam
338 634 461 714 habet),
483 635 538 695 sed
563 655 618 717 per
632 634 757 696 modum
781 632 917 717 suffragii
940 633 993 696 dat

71 716 232 777 animabus
255 718 507 778 remissionem
558 731 560 735 ·
847 732 849 737 ’

153 800 223 861 Non
246 800 338 861 credo
361 802 567 860 necessarium
596 800 703 862 iterum
728 800 898 881 protestari,
921 798 994 878 quid

71 883 244 965 disputem,
279 892 332 943 aut
352 883 424 961 quid
454 878 600 945 asseram.
644 881 704 943 Sed
728 896 796 943 cnm
818 890 925 964 nostro
947 901 994 959 se-¹

72 966 143 1026 culo
168 967 231 1026 sint
251 973 312 1026 tam
335 966 430 1026 zelosi
452 966 627 1027 haereticae
655 966 814 1047 pravitatis
831 963 993 1047 ¹inquisito

70 1068 137 1126 res,
166 1058 199 1109 nt
222 1048 480 1114 Christianissime
517 1049 688 1109 catholicoe
721 1050 750 1108 vi
776 1052 927 1121 conentur
954 1048 993 1109 ad

71 1133 224 1191 haeresim
247 1131 391 1213 adigere,
416 1141 621 1213 opportunum
645 1133 735 1192 fuerit
756 1132 848 1213 super
866 1130 993 1217 siugulis

71 1213 199 1294 syllabis
222 1214 400 1295 protestari,
442 1233 512 1277 nam
558 1214 607 1274 uid
629 1213 712 1275 aliud
733 1214 864 1276 fecerint
879 1213 994 1275 Johan·

71 1316 127 1357 nes
148 1296 237 1357 Picus
267 1296 512 1373 Mirandunnus,
589 1298 725 1358 urentiue
747 1296 856 1373 Valla,
886 1296 992 1358 Petrus

71 1380 255 1457 Ravennae,
288 1380 446 1442 Johannes
468 1378 609 1458 Vesalia,
637 1387 669 1440 et
689 1381 860 1441 novissime
885 1379 993 1440 diebus

70 1463 142 1522 istis·
159 1462 318 1523 Johanues
336 1462 495 1546 Reuchlin,
519 1470 611 1543 atqua
633 1462 769 1524 Jacobus
792 1461 993 1551 stapulensisss

71 1553 105 1606 ut
125 1546 210 1606 inviti
234 1551 418 1626 cogerentur
443 1552 475 1606 et
489 1546 568 1606 bene
591 1545 759 1629 sentiendo
779 1546 993 1632 maiesentire¹

71 1634 136 1689 noir
157 1627 247 1691 facile
268 1629 416 1707 viderim,
452 1629 509 1688 nisi
531 1627 621 1711 'quod
644 1630 802 1689 omiserint
824 1629 902 1693 forte
923 1646 994 1711 pro·

70 1713 267 1772 testationem
291 1730 382 1792 super
405 1711 532 1792 singuiis
552 1706 603 1787 (nt
623 1709 704 1787 dixi)
729 1708 876 1792 syllabis,
907 1709 994 1779 tanta

71 1800 120 1855 est
137 1794 232 1855 hodie
255 1796 285 1853 in
307 1794 439 1855 ecclesia
455 1812 618 1876 puerorum
631 1802 664 1875 et
684 1788 926 1897 effeminatorum
948 1803 993 1878 ty:

71 1880 187 1939 sannis.
611 1886 613 1891 ’
820 1895 823 1900 ’

155 1961 259 2040 ltaque
283 1968 437 2040 protestor
459 1960 570 2039 denuo,
593 1958 654 2020 duo
670 1962 699 2020 in
717 1960 776 2023 ista
793 1962 993 2041 conclusione

72 2064 121 2104 me
144 2043 306 2122 iacturum,
327 2044 458 2124 primunr
480 2044 518 2103 dc
539 2050 694 2124 potestate
716 2044 899 2123 clavium.in
923 2042 993 2127 pur'·

70 2127 223 2207 guterium
254 2126 425 2209 disputare,
460 2133 491 2186 et
512 2128 687 2209 negativam
709 2120 862 2206 probare,
893 2127 993 2188 donec

70 2209 148 2269 alius
171 2209 385 2270 affirmativam
404 2210 513 2269 meiius
537 2210 656 2290 probet,
680 2209 815 2270 secundo
839 2210 877 2270 de
899 2209 991 2271 modo

70 2291 125 2353 iilo
149 2290 284 2374 suffragii
306 2293 467 2372 inquirere.
743 2294 786 2309 ”’
988 2328 991 2333 ·

365 2444 495 2503 Primum
518 2443 617 2522 probo
645 2443 698 2502 sic.

154 2578 265 2650 Primo,
287 2598 344 2658 per
365 2578 449 2638 iilam
473 2577 627 2658 vulgatam
643 2578 817 2640 Hostiensia
831 2579 993 2657 rationem,

71 2660 231 2738 videlicet,
262 2661 295 2722 si
325 2660 428 2721 claves
458 2681 526 2720 sese
555 2660 593 2720 ad
616 2663 825 2742 purgatorium
847 2661 992 2743 extende-

71 2751 148 2820 rent,
173 2752 300 2824 possent
323 2762 473 2803 evacuare
496 2746 714 2825 purgatorium.
738 2745 839 2822 Atque
861 2743 994 2809 crudelis

71 2833 156 2888 esset
178 2847 275 2906 papa,
298 2826 379 2905 quod
402 2846 465 2886 non
488 2834 626 2887 evacuat.
641 2829 859 2907 purgatorium.

152 2909 240 2971 Hanc
262 2912 385 2971 solvunt
406 2911 465 2969 sic:
510 2909 595 2988 Papa
616 2917 727 2989 potest,
750 2921 781 2971 ct
800 2912 828 2983 ¹)
853 2930 914 2970 uon
939 2911 993 2975 de·-

70 2993 122 3053 bet
150 3013 316 3068 evacuare,
349 2993 406 3052 nisi
442 2992 539 3052 subsit
561 2995 640 3053 iusta
662 3012 755 3055 causa
775 3000 808 3053 et
828 2993 993 3057 rationabir.

69 3076 117 3152 iis,
140 3096 178 3135 ue
200 3076 346 3136 adversus
368 3077 511 3135 iustitiam
525 3074 657 3135 divinam
673 3084 787 3137 temere
802 3085 883 3157 agat.
904 3076 994 3137 Hanc

69 3159 210 3236 frigidam
234 3167 265 3218 et
288 3160 468 3219 oscitantem
492 3159 675 3219 solutionem
701 3160 753 3218 vix
775 3166 848 3238 puto
878 3159 991 3238 profer·

69 3249 159 3318 rent,
194 3243 251 3302 uisi
274 3241 324 3300 vei
347 3261 408 3300 non
431 3241 645 3313 adverterent,
667 3242 739 3320 quid
762 3241 926 3321 loquuntur
947 3239 993 3323 ²),

70 3325 119 3383 vel
142 3325 221 3384 inter
243 3325 354 3384 vitulos
369 3326 501 3385 marinos
523 3324 760 3404 profundissime
777 3331 940 3389 stertentes
958 3343 993 3387 sc

69 3406 154 3485 loqui
177 3406 403 3469 arbitrarentun
427 3408 474 3471 Ita
496 3407 538 3485 fit,
561 3415 594 3469 ut
616 3429 655 3468 cx
678 3428 738 3469 uno
761 3408 895 3468 absurdo
917 3408 989 3467 dato

67 3489 156 3570 plura
178 3498 353 3570 sequantur.
399 3491 438 3551 Et
459 3499 492 3551 ut
512 3492 643 3552 ille-ait:
674 3491 799 3571 Septem
822 3491 992 3557 mendaciis

68 3579 140 3652 eget
162 3593 253 3632 unum
277 3572 479 3651 mendacium,
502 3580 535 3634 ut
557 3595 660 3636 verum
685 3574 832 3636 videatur.

128 3755 155 3817 ii
178 3757 206 3807 in
227 3756 270 3810 ed.
289 3756 368 3809 Jen.:
388 3756 444 3808 sed.
483 3757 515 3824 2)
536 3757 603 3811 ibid.
619 3775 624 3808 :
643 3757 800 3824 loquantur.
