<?xml version="1.0" encoding="UTF-8"?>
<!DOCTYPE html PUBLIC "-//W3C//DTD XHTML 1.0 Transitional//EN"
    "http://www.w3.org/TR/xhtml1/DTD/xhtml1-transitional.dtd">
<html xmlns="http://www.w3.org/1999/xhtml" xml:lang="en" lang="en">
 <head>
  <title>
</title>
<meta http-equiv="Content-Type" content="text/html;charset=utf-8" />
  <meta name='ocr-system' content='tesseract 3.04.00' />
  <meta name='ocr-capabilities' content='ocr_page ocr_carea ocr_par ocr_line ocrx_word'/>
</head>
<body>
  <div class='ocr_page' id='page_1' title='image "./dmartinilutheri01luthgoog_0404.png"; bbox 0 0 2356 4200; ppageno 0'>
   <div class='ocr_carea' id='block_1_1' title="bbox 419 273 1049 363">
    <p class='ocr_par' dir='ltr' id='par_1_1' title="bbox 419 273 1049 363">
     <span class='ocr_line' id='line_1_1' title="bbox 419 273 1049 363; baseline 0.013 -29"><span class='ocrx_word' id='word_1_1' title='bbox 419 273 593 347; x_wconf 65' lang='lat' dir='ltr'><strong>Heidelberg.</strong></span> <span class='ocrx_word' id='word_1_2' title='bbox 612 275 751 346; x_wconf 67' lang='lat' dir='ltr'><strong>Disputat.</strong></span> <span class='ocrx_word' id='word_1_3' title='bbox 815 348 823 363; x_wconf 27' lang='lat' dir='ltr'>q</span> <span class='ocrx_word' id='word_1_4' title='bbox 987 275 1049 342; x_wconf 73' lang='grc'><strong>401</strong></span> 
     </span>
    </p>
   </div>
   <div class='ocr_carea' id='block_1_2' title="bbox 123 444 1054 1937">
    <p class='ocr_par' dir='ltr' id='par_1_2' title="bbox 126 444 1054 774">
     <span class='ocr_line' id='line_1_2' title="bbox 128 444 1052 527; baseline 0.005 -24"><span class='ocrx_word' id='word_1_5' title='bbox 128 461 206 522; x_wconf 81' lang='lat' dir='ltr'><strong>mue,</strong></span> <span class='ocrx_word' id='word_1_6' title='bbox 228 462 290 523; x_wconf 89' lang='lat' dir='ltr'><strong>quo</strong></span> <span class='ocrx_word' id='word_1_7' title='bbox 312 444 382 524; x_wconf 89' lang='lat' dir='ltr'><strong>plus</strong></span> <span class='ocrx_word' id='word_1_8' title='bbox 404 444 488 523; x_wconf 82' lang='lat' dir='ltr'><strong>bibit,</strong></span> <span class='ocrx_word' id='word_1_9' title='bbox 511 446 580 525; x_wconf 85' lang='lat' dir='ltr'><strong>plus</strong></span> <span class='ocrx_word' id='word_1_10' title='bbox 602 446 674 524; x_wconf 79' lang='lat' dir='ltr'><strong>sitit,</strong></span> <span class='ocrx_word' id='word_1_11' title='bbox 698 448 732 506; x_wconf 92' lang='lat' dir='ltr'><strong>ut</strong></span> <span class='ocrx_word' id='word_1_12' title='bbox 753 450 862 525; x_wconf 82' lang='lat' dir='ltr'><strong>poete:</strong></span> <span class='ocrx_word' id='word_1_13' title='bbox 887 445 956 522; x_wconf 75' lang='lat' dir='ltr'><strong>Quo</strong></span> <span class='ocrx_word' id='word_1_14' title='bbox 979 446 1052 527; x_wconf 81' lang='lat' dir='ltr'><strong>plus</strong></span> 
     </span>
     <span class='ocr_line' id='line_1_3' title="bbox 127 527 1052 612; baseline 0.004 -24"><span class='ocrx_word' id='word_1_15' title='bbox 127 534 280 606; x_wconf 77' lang='lat' dir='ltr'><strong>potentur,</strong></span> <span class='ocrx_word' id='word_1_16' title='bbox 301 528 370 607; x_wconf 86' lang='lat' dir='ltr'><strong>plus</strong></span> <span class='ocrx_word' id='word_1_17' title='bbox 392 529 534 593; x_wconf 78' lang='lat' dir='ltr'><strong>sitiuntur</strong></span> <span class='ocrx_word' id='word_1_18' title='bbox 554 549 663 610; x_wconf 77' lang='lat' dir='ltr'><strong>equae.</strong></span> <span class='ocrx_word' id='word_1_19' title='bbox 687 527 738 590; x_wconf 84' lang='lat' dir='ltr'><strong>Sio</strong></span> <span class='ocrx_word' id='word_1_20' title='bbox 759 527 878 591; x_wconf 80' lang='lat' dir='ltr'><strong>Eooles.</strong></span> <span class='ocrx_word' id='word_1_21' title='bbox 904 533 931 592; x_wconf 81' lang='lat' dir='ltr'><strong>I.</strong></span> <span class='ocrx_word' id='word_1_22' title='bbox 955 529 1052 612; x_wconf 67' lang='lat' dir='ltr'><strong>Ceu:</strong></span> 
     </span>
     <span class='ocr_line' id='line_1_4' title="bbox 126 608 1054 691; baseline 0.005 -22"><span class='ocrx_word' id='word_1_23' title='bbox 126 608 195 671; x_wconf 85' lang='lat' dir='ltr'><strong>Non</strong></span> <span class='ocrx_word' id='word_1_24' title='bbox 229 618 381 671; x_wconf 81' lang='lat' dir='ltr'><strong>saturatur</strong></span> <span class='ocrx_word' id='word_1_25' title='bbox 409 611 516 673; x_wconf 82' lang='lat' dir='ltr'><strong>oeulos</strong></span> <span class='ocrx_word' id='word_1_26' title='bbox 538 612 620 691; x_wconf 86' lang='lat' dir='ltr'><strong>visu,</strong></span> <span class='ocrx_word' id='word_1_27' title='bbox 653 630 712 688; x_wconf 73' lang='lat' dir='ltr'><strong>neo⁴</strong></span> <span class='ocrx_word' id='word_1_28' title='bbox 734 610 840 674; x_wconf 72' lang='lat' dir='ltr'><strong>auditu</strong></span> <span class='ocrx_word' id='word_1_29' title='bbox 862 614 955 674; x_wconf 80' lang='lat' dir='ltr'><strong>euris.</strong></span> <span class='ocrx_word' id='word_1_30' title='bbox 999 613 1054 676; x_wconf 76' lang='lat' dir='ltr'><strong>Sis</strong></span> 
     </span>
     <span class='ocr_line' id='line_1_5' title="bbox 127 692 704 774; baseline -0.005 -20"><span class='ocrx_word' id='word_1_31' title='bbox 127 692 165 754; x_wconf 87' lang='lat' dir='ltr'><strong>de</strong></span> <span class='ocrx_word' id='word_1_32' title='bbox 187 692 331 754; x_wconf 88' lang='lat' dir='ltr'><strong>omnibus</strong></span> <span class='ocrx_word' id='word_1_33' title='bbox 353 693 580 774; x_wconf 65' lang='lat' dir='ltr'><strong>cupiditatibus.</strong></span> <span class='ocrx_word' id='word_1_34' title='bbox 693 721 704 751; x_wconf 62' lang='lat' dir='ltr'><strong>s</strong></span> 
     </span>
    </p>

    <p class='ocr_par' dir='ltr' id='par_1_3' title="bbox 125 774 1053 1273">
     <span class='ocr_line' id='line_1_6' title="bbox 209 774 1053 858; baseline 0.005 -22"><span class='ocrx_word' id='word_1_35' title='bbox 209 774 311 851; x_wconf 76' lang='lat' dir='ltr'><strong>Quoue</strong></span> <span class='ocrx_word' id='word_1_36' title='bbox 324 784 356 837; x_wconf 88' lang='lat' dir='ltr'><strong>et</strong></span> <span class='ocrx_word' id='word_1_37' title='bbox 376 779 537 838; x_wconf 79' lang='lat' dir='ltr'><strong>euriosims</strong></span> <span class='ocrx_word' id='word_1_38' title='bbox 560 778 675 840; x_wconf 80' lang='lat' dir='ltr'><strong>sciendi</strong></span> <span class='ocrx_word' id='word_1_39' title='bbox 694 796 757 840; x_wconf 83' lang='lat' dir='ltr'><strong>uon</strong></span> <span class='ocrx_word' id='word_1_40' title='bbox 778 783 930 839; x_wconf 79' lang='lat' dir='ltr'><strong>saturetur</strong></span> <span class='ocrx_word' id='word_1_41' title='bbox 952 780 1053 858; x_wconf 83' lang='lat' dir='ltr'><strong>eequi-</strong></span> 
     </span>
     <span class='ocr_line' id='line_1_7' title="bbox 126 859 1052 944; baseline 0.003 -25"><span class='ocrx_word' id='word_1_42' title='bbox 126 860 184 944; x_wconf 77' lang='lat' dir='ltr'><strong>site</strong></span> <span class='ocrx_word' id='word_1_43' title='bbox 211 861 386 940; x_wconf 80' lang='lat' dir='ltr'><strong>supientia,‘</strong></span> <span class='ocrx_word' id='word_1_44' title='bbox 408 859 462 920; x_wconf 92' lang='lat' dir='ltr'><strong>sed</strong></span> <span class='ocrx_word' id='word_1_45' title='bbox 486 862 584 942; x_wconf 76' lang='lat' dir='ltr'><strong>magis</strong></span> <span class='ocrx_word' id='word_1_46' title='bbox 612 861 799 923; x_wconf 73' lang='lat' dir='ltr'><strong>accenditur.</strong></span> <span class='ocrx_word' id='word_1_47' title='bbox 823 861 874 922; x_wconf 84' lang='lat' dir='ltr'><strong>Sio</strong></span> <span class='ocrx_word' id='word_1_48' title='bbox 902 861 1052 940; x_wconf 72' lang='lat' dir='ltr'><strong>cupiditas</strong></span> 
     </span>
     <span class='ocr_line' id='line_1_8' title="bbox 125 942 1053 1025; baseline 0.002 -22"><span class='ocrx_word' id='word_1_49' title='bbox 125 942 244 1023; x_wconf 76' lang='lat' dir='ltr'><strong>gloriae</strong></span> <span class='ocrx_word' id='word_1_50' title='bbox 255 961 318 1004; x_wconf 89' lang='lat' dir='ltr'><strong>non</strong></span> <span class='ocrx_word' id='word_1_51' title='bbox 332 951 484 1005; x_wconf 81' lang='lat' dir='ltr'><strong>saturetur</strong></span> <span class='ocrx_word' id='word_1_52' title='bbox 505 944 654 1024; x_wconf 79' lang='lat' dir='ltr'><strong>acquisito</strong></span> <span class='ocrx_word' id='word_1_53' title='bbox 666 944 775 1025; x_wconf 84' lang='lat' dir='ltr'><strong>glorie,</strong></span> <span class='ocrx_word' id='word_1_54' title='bbox 787 963 846 1005; x_wconf 86' lang='lat' dir='ltr'><strong>nee</strong></span> <span class='ocrx_word' id='word_1_55' title='bbox 866 942 977 1024; x_wconf 78' lang='lat' dir='ltr'><strong>cupido</strong></span> <span class='ocrx_word' id='word_1_56' title='bbox 1000 943 1053 1005; x_wconf 94' lang='lat' dir='ltr'><strong>do·</strong></span> 
     </span>
     <span class='ocr_line' id='line_1_9' title="bbox 126 1025 1052 1108; baseline 0.003 -23"><span class='ocrx_word' id='word_1_57' title='bbox 126 1025 263 1086; x_wconf 78' lang='lat' dir='ltr'><strong>minandi</strong></span> <span class='ocrx_word' id='word_1_58' title='bbox 287 1033 438 1087; x_wconf 81' lang='lat' dir='ltr'><strong>saturetur</strong></span> <span class='ocrx_word' id='word_1_59' title='bbox 458 1033 614 1108; x_wconf 73' lang='lat' dir='ltr'><strong>potestate</strong></span> <span class='ocrx_word' id='word_1_60' title='bbox 636 1033 667 1088; x_wconf 88' lang='lat' dir='ltr'><strong>et</strong></span> <span class='ocrx_word' id='word_1_61' title='bbox 688 1028 835 1107; x_wconf 84' lang='lat' dir='ltr'><strong>imperio,</strong></span> <span class='ocrx_word' id='word_1_62' title='bbox 857 1047 917 1088; x_wconf 88' lang='lat' dir='ltr'><strong>neo</strong></span> <span class='ocrx_word' id='word_1_63' title='bbox 938 1026 1052 1108; x_wconf 82' lang='lat' dir='ltr'><strong>cupido</strong></span> 
     </span>
     <span class='ocr_line' id='line_1_10' title="bbox 126 1107 1053 1191; baseline 0.002 -23"><span class='ocrx_word' id='word_1_64' title='bbox 126 1107 224 1170; x_wconf 83' lang='lat' dir='ltr'><strong>leudis</strong></span> <span class='ocrx_word' id='word_1_65' title='bbox 246 1115 399 1170; x_wconf 75' lang='lat' dir='ltr'><strong>saturetur</strong></span> <span class='ocrx_word' id='word_1_66' title='bbox 411 1109 502 1171; x_wconf 83' lang='lat' dir='ltr'><strong>leude</strong></span> <span class='ocrx_word' id='word_1_67' title='bbox 519 1117 594 1189; x_wconf 79' lang='lat' dir='ltr'><strong>ete,</strong></span> <span class='ocrx_word' id='word_1_68' title='bbox 618 1116 651 1171; x_wconf 86' lang='lat' dir='ltr'><strong>ut</strong></span> <span class='ocrx_word' id='word_1_69' title='bbox 670 1110 784 1171; x_wconf 79' lang='lat' dir='ltr'><strong>Johsn.</strong></span> <span class='ocrx_word' id='word_1_70' title='bbox 801 1113 830 1174; x_wconf 87' lang='lat'><strong>7.</strong></span> <span class='ocrx_word' id='word_1_71' title='bbox 841 1109 979 1171; x_wconf 81' lang='lat' dir='ltr'><strong>Christus</strong></span> <span class='ocrx_word' id='word_1_72' title='bbox 991 1111 1053 1191; x_wconf 82' lang='lat' dir='ltr'><strong>sig-</strong></span> 
     </span>
     <span class='ocr_line' id='line_1_11' title="bbox 125 1188 1051 1273; baseline 0.001 -22"><span class='ocrx_word' id='word_1_73' title='bbox 125 1188 230 1252; x_wconf 76' lang='lat' dir='ltr'><strong>nificet</strong></span> <span class='ocrx_word' id='word_1_74' title='bbox 251 1191 372 1252; x_wconf 86' lang='lat' dir='ltr'><strong>dioens:</strong></span> <span class='ocrx_word' id='word_1_75' title='bbox 395 1191 549 1266; x_wconf 78' lang='lat' dir='ltr'><strong>Quibibet</strong></span> <span class='ocrx_word' id='word_1_76' title='bbox 572 1214 611 1254; x_wconf 87' lang='lat' dir='ltr'><strong>ex</strong></span> <span class='ocrx_word' id='word_1_77' title='bbox 633 1192 801 1273; x_wconf 79' lang='lat' dir='ltr'><strong>equabus,</strong></span> <span class='ocrx_word' id='word_1_78' title='bbox 824 1194 907 1254; x_wconf 87' lang='lat' dir='ltr'><strong>sitiet</strong></span> <span class='ocrx_word' id='word_1_79' title='bbox 928 1195 1051 1254; x_wconf 82' lang='lat' dir='ltr'><strong>Iterum.</strong></span> 
     </span>
    </p>

    <p class='ocr_par' dir='ltr' id='par_1_4' title="bbox 123 1274 1054 1937">
     <span class='ocr_line' id='line_1_12' title="bbox 206 1274 1051 1355; baseline 0.001 -19"><span class='ocrx_word' id='word_1_80' title='bbox 206 1274 317 1336; x_wconf 73' lang='lat' dir='ltr'><strong>Restat</strong></span> <span class='ocrx_word' id='word_1_81' title='bbox 339 1294 413 1355; x_wconf 85' lang='lat' dir='ltr'><strong>ergo</strong></span> <span class='ocrx_word' id='word_1_82' title='bbox 436 1275 622 1353; x_wconf 84' lang='lat' dir='ltr'><strong>remedium,</strong></span> <span class='ocrx_word' id='word_1_83' title='bbox 645 1284 762 1337; x_wconf 84' lang='lat' dir='ltr'><strong>utnon</strong></span> <span class='ocrx_word' id='word_1_84' title='bbox 786 1275 942 1355; x_wconf 86' lang='lat' dir='ltr'><strong>explendo</strong></span> <span class='ocrx_word' id='word_1_85' title='bbox 965 1295 1051 1337; x_wconf 87' lang='lat' dir='ltr'><strong>oure-</strong></span> 
     </span>
     <span class='ocr_line' id='line_1_13' title="bbox 126 1358 1050 1438; baseline 0.003 -21"><span class='ocrx_word' id='word_1_86' title='bbox 126 1362 186 1435; x_wconf 86' lang='lat' dir='ltr'><strong>tur,</strong></span> <span class='ocrx_word' id='word_1_87' title='bbox 208 1358 264 1419; x_wconf 85' lang='lat' dir='ltr'><strong>sed</strong></span> <span class='ocrx_word' id='word_1_88' title='bbox 287 1358 532 1438; x_wconf 82' lang='lat' dir='ltr'><strong>exstinguendo,</strong></span> <span class='ocrx_word' id='word_1_89' title='bbox 554 1358 586 1419; x_wconf 93' lang='lat' dir='ltr'><strong>id</strong></span> <span class='ocrx_word' id='word_1_90' title='bbox 615 1367 671 1438; x_wconf 70' lang='lat' dir='ltr'><strong>est,</strong></span> <span class='ocrx_word' id='word_1_91' title='bbox 701 1363 734 1418; x_wconf 92' lang='lat' dir='ltr'><strong>ut</strong></span> <span class='ocrx_word' id='word_1_92' title='bbox 756 1360 807 1438; x_wconf 88' lang='lat' dir='ltr'><strong>qui</strong></span> <span class='ocrx_word' id='word_1_93' title='bbox 830 1359 895 1419; x_wconf 88' lang='lat' dir='ltr'><strong>vult</strong></span> <span class='ocrx_word' id='word_1_94' title='bbox 915 1359 981 1420; x_wconf 84' lang='lat' dir='ltr'><strong>fleri</strong></span> <span class='ocrx_word' id='word_1_95' title='bbox 1003 1379 1050 1420; x_wconf 84' lang='lat' dir='ltr'><strong>so-</strong></span> 
     </span>
     <span class='ocr_line' id='line_1_14' title="bbox 125 1440 1054 1522; baseline 0.002 -22"><span class='ocrx_word' id='word_1_96' title='bbox 125 1441 225 1520; x_wconf 82' lang='lat' dir='ltr'>piens,</span> <span class='ocrx_word' id='word_1_97' title='bbox 248 1461 311 1503; x_wconf 89' lang='lat' dir='ltr'><strong>non</strong></span> <span class='ocrx_word' id='word_1_98' title='bbox 334 1449 462 1521; x_wconf 83' lang='lat' dir='ltr'><strong>quaeret</strong></span> <span class='ocrx_word' id='word_1_99' title='bbox 482 1443 665 1522; x_wconf 80' lang='lat' dir='ltr'><strong>sapientiem</strong></span> <span class='ocrx_word' id='word_1_100' title='bbox 687 1440 895 1521; x_wconf 75' lang='lat' dir='ltr'><strong>procedendo,</strong></span> <span class='ocrx_word' id='word_1_101' title='bbox 921 1441 978 1504; x_wconf 85' lang='lat' dir='ltr'><strong>sed</strong></span> <span class='ocrx_word' id='word_1_102' title='bbox 999 1440 1054 1503; x_wconf 79' lang='lat' dir='ltr'><strong>fiet</strong></span> 
     </span>
     <span class='ocr_line' id='line_1_15' title="bbox 125 1522 1053 1604; baseline 0.002 -22"><span class='ocrx_word' id='word_1_103' title='bbox 125 1524 234 1585; x_wconf 89' lang='lat' dir='ltr'><strong>stultus</strong></span> <span class='ocrx_word' id='word_1_104' title='bbox 244 1522 588 1603; x_wconf 81' lang='lat' dir='ltr'><strong>quaerendostultitiem</strong></span> <span class='ocrx_word' id='word_1_105' title='bbox 600 1522 834 1585; x_wconf 80' lang='lat' dir='ltr'><strong>retrocedendo.</strong></span> <span class='ocrx_word' id='word_1_106' title='bbox 860 1523 911 1585; x_wconf 85' lang='lat' dir='ltr'><strong>Sio</strong></span> <span class='ocrx_word' id='word_1_107' title='bbox 928 1525 1053 1604; x_wconf 84' lang='lat' dir='ltr'><strong>quivult</strong></span> 
     </span>
     <span class='ocr_line' id='line_1_16' title="bbox 125 1603 1051 1688; baseline 0.002 -22"><span class='ocrx_word' id='word_1_108' title='bbox 125 1603 190 1668; x_wconf 84' lang='lat' dir='ltr'><strong>fleri</strong></span> <span class='ocrx_word' id='word_1_109' title='bbox 213 1614 335 1686; x_wconf 77' lang='lat' dir='ltr'><strong>potens,</strong></span> <span class='ocrx_word' id='word_1_110' title='bbox 356 1608 526 1688; x_wconf 82' lang='lat' dir='ltr'><strong>gloriosus,</strong></span> <span class='ocrx_word' id='word_1_111' title='bbox 559 1608 775 1688; x_wconf 82' lang='lat' dir='ltr'><strong>voluptuosus,</strong></span> <span class='ocrx_word' id='word_1_112' title='bbox 809 1614 893 1667; x_wconf 79' lang='lat' dir='ltr'><strong>satur</strong></span> <span class='ocrx_word' id='word_1_113' title='bbox 915 1608 1051 1668; x_wconf 89' lang='lat' dir='ltr'><strong>omnium</strong></span> 
     </span>
     <span class='ocr_line' id='line_1_17' title="bbox 124 1690 1052 1771; baseline 0.002 -22"><span class='ocrx_word' id='word_1_114' title='bbox 124 1708 234 1770; x_wconf 87' lang='lat' dir='ltr'><strong>rerum,</strong></span> <span class='ocrx_word' id='word_1_115' title='bbox 257 1691 354 1770; x_wconf 83' lang='lat' dir='ltr'><strong>fugiet</strong></span> <span class='ocrx_word' id='word_1_116' title='bbox 374 1690 492 1771; x_wconf 89' lang='lat' dir='ltr'><strong>potius,</strong></span> <span class='ocrx_word' id='word_1_117' title='bbox 514 1710 605 1770; x_wconf 86' lang='lat' dir='ltr'><strong>quem</strong></span> <span class='ocrx_word' id='word_1_118' title='bbox 627 1697 754 1771; x_wconf 81' lang='lat' dir='ltr'><strong>quaeret</strong></span> <span class='ocrx_word' id='word_1_119' title='bbox 779 1691 964 1770; x_wconf 84' lang='lat' dir='ltr'><strong>potentiam,</strong></span> <span class='ocrx_word' id='word_1_120' title='bbox 988 1690 1052 1771; x_wconf 79' lang='lat' dir='ltr'><strong>glo-</strong></span> 
     </span>
     <span class='ocr_line' id='line_1_18' title="bbox 123 1773 1053 1854; baseline 0.002 -22"><span class='ocrx_word' id='word_1_121' title='bbox 123 1773 214 1850; x_wconf 73' lang='lat' dir='ltr'><strong>rium,</strong></span> <span class='ocrx_word' id='word_1_122' title='bbox 253 1773 461 1854; x_wconf 81' lang='lat' dir='ltr'><strong>voluptatem,</strong></span> <span class='ocrx_word' id='word_1_123' title='bbox 494 1775 691 1853; x_wconf 88' lang='lat' dir='ltr'><strong>omniumque</strong></span> <span class='ocrx_word' id='word_1_124' title='bbox 724 1792 825 1834; x_wconf 85' lang='lat' dir='ltr'><strong>rerum</strong></span> <span class='ocrx_word' id='word_1_125' title='bbox 853 1775 1053 1834; x_wconf 78' lang='lat' dir='ltr'><strong>saturitatem.</strong></span> 
     </span>
     <span class='ocr_line' id='line_1_19' title="bbox 123 1853 997 1937; baseline 0.005 -22"><span class='ocrx_word' id='word_1_126' title='bbox 123 1853 209 1916; x_wconf 78' lang='lat' dir='ltr'><strong>Haeo</strong></span> <span class='ocrx_word' id='word_1_127' title='bbox 230 1857 382 1936; x_wconf 80' lang='lat' dir='ltr'><strong>sapientie</strong></span> <span class='ocrx_word' id='word_1_128' title='bbox 403 1856 456 1918; x_wconf 83' lang='lat' dir='ltr'><strong>ille</strong></span> <span class='ocrx_word' id='word_1_129' title='bbox 472 1864 529 1936; x_wconf 87' lang='lat' dir='ltr'><strong>est,</strong></span> <span class='ocrx_word' id='word_1_130' title='bbox 552 1876 631 1937; x_wconf 83' lang='lat' dir='ltr'><strong>ques</strong></span> <span class='ocrx_word' id='word_1_131' title='bbox 653 1855 768 1918; x_wconf 89' lang='lat' dir='ltr'><strong>mundo</strong></span> <span class='ocrx_word' id='word_1_132' title='bbox 792 1865 840 1917; x_wconf 89' lang='lat' dir='ltr'><strong>est</strong></span> <span class='ocrx_word' id='word_1_133' title='bbox 860 1856 997 1920; x_wconf 78' lang='lat' dir='ltr'><strong>stultitia.</strong></span> 
     </span>
    </p>
   </div>
   <div class='ocr_carea' id='block_1_3' title="bbox 534 1984 641 2047">
    <p class='ocr_par' dir='ltr' id='par_1_5' title="bbox 534 1984 641 2047">
     <span class='ocr_line' id='line_1_20' title="bbox 534 1984 641 2047; baseline -0.009 0"><span class='ocrx_word' id='word_1_134' title='bbox 534 1984 641 2047; x_wconf 83' lang='lat' dir='ltr'><strong>XXIII.</strong></span> 
     </span>
    </p>
   </div>
   <div class='ocr_carea' id='block_1_4' title="bbox 120 2098 1052 3178">
    <p class='ocr_par' dir='ltr' id='par_1_6' title="bbox 122 2098 1052 2331">
     <span class='ocr_line' id='line_1_21' title="bbox 206 2098 1052 2183; baseline 0.002 -23"><span class='ocrx_word' id='word_1_135' title='bbox 206 2100 247 2162; x_wconf 81' lang='lat' dir='ltr'><strong>Et</strong></span> <span class='ocrx_word' id='word_1_136' title='bbox 267 2101 332 2162; x_wconf 87' lang='lat' dir='ltr'><strong>Lex</strong></span> <span class='ocrx_word' id='word_1_137' title='bbox 352 2103 429 2164; x_wconf 80' lang='lat' dir='ltr'><strong>irem</strong></span> <span class='ocrx_word' id='word_1_138' title='bbox 451 2102 509 2163; x_wconf 89' lang='lat' dir='ltr'><strong>Dei</strong></span> <span class='ocrx_word' id='word_1_139' title='bbox 532 2108 693 2183; x_wconf 84' lang='lat' dir='ltr'><strong>operetur,</strong></span> <span class='ocrx_word' id='word_1_140' title='bbox 727 2100 856 2180; x_wconf 84' lang='lat' dir='ltr'><strong>oooidit,</strong></span> <span class='ocrx_word' id='word_1_141' title='bbox 885 2098 1052 2180; x_wconf 77' lang='lat' dir='ltr'><strong>maledicit,</strong></span> 
     </span>
     <span class='ocr_line' id='line_1_22' title="bbox 122 2184 1046 2265; baseline -0.001 -20"><span class='ocrx_word' id='word_1_142' title='bbox 122 2204 208 2245; x_wconf 88' lang='lat' dir='ltr'><strong>reum</strong></span> <span class='ocrx_word' id='word_1_143' title='bbox 239 2185 328 2264; x_wconf 82' lang='lat' dir='ltr'><strong>feeit,</strong></span> <span class='ocrx_word' id='word_1_144' title='bbox 366 2185 495 2265; x_wconf 81' lang='lat' dir='ltr'><strong>iudicat,</strong></span> <span class='ocrx_word' id='word_1_145' title='bbox 516 2185 659 2264; x_wconf 75' lang='lat' dir='ltr'><strong>damnat,</strong></span> <span class='ocrx_word' id='word_1_146' title='bbox 695 2184 839 2264; x_wconf 87' lang='lat' dir='ltr'><strong>quioquid</strong></span> <span class='ocrx_word' id='word_1_147' title='bbox 860 2203 924 2244; x_wconf 89' lang='lat' dir='ltr'><strong>non</strong></span> <span class='ocrx_word' id='word_1_148' title='bbox 947 2185 1046 2244; x_wconf 89' lang='lat' dir='ltr'><strong>estin</strong></span> 
     </span>
     <span class='ocr_line' id='line_1_23' title="bbox 123 2268 257 2331; baseline 0.007 -1"><span class='ocrx_word' id='word_1_149' title='bbox 123 2268 257 2331; x_wconf 77' lang='lat' dir='ltr'><strong>Christo</strong></span> 
     </span>
    </p>

    <p class='ocr_par' dir='ltr' id='par_1_7' title="bbox 120 2349 1049 3178">
     <span class='ocr_line' id='line_1_24' title="bbox 208 2349 1048 2418; baseline -0.001 -8"><span class='ocrx_word' id='word_1_150' title='bbox 208 2350 258 2411; x_wconf 84' lang='lat' dir='ltr'><strong>Sie</strong></span> <span class='ocrx_word' id='word_1_151' title='bbox 275 2350 314 2411; x_wconf 86' lang='lat' dir='ltr'><strong>ed</strong></span> <span class='ocrx_word' id='word_1_152' title='bbox 332 2351 458 2413; x_wconf 78' lang='lat' dir='ltr'><strong>Galatas</strong></span> <span class='ocrx_word' id='word_1_153' title='bbox 481 2354 516 2418; x_wconf 79' lang='lat'><strong>3:</strong></span> <span class='ocrx_word' id='word_1_154' title='bbox 540 2349 679 2415; x_wconf 86' lang='lat' dir='ltr'><strong>Christus</strong></span> <span class='ocrx_word' id='word_1_155' title='bbox 691 2350 834 2411; x_wconf 83' lang='lat' dir='ltr'><strong>liberavit</strong></span> <span class='ocrx_word' id='word_1_156' title='bbox 855 2368 912 2412; x_wconf 87' lang='lat' dir='ltr'><strong>nos</strong></span> <span class='ocrx_word' id='word_1_157' title='bbox 934 2349 973 2409; x_wconf 92' lang='lat' dir='ltr'><strong>de</strong></span> <span class='ocrx_word' id='word_1_158' title='bbox 988 2369 1048 2410; x_wconf 84' lang='lat' dir='ltr'><strong>me-</strong></span> 
     </span>
     <span class='ocr_line' id='line_1_25' title="bbox 123 2432 1047 2515; baseline -0.001 -21"><span class='ocrx_word' id='word_1_159' title='bbox 123 2433 237 2495; x_wconf 83' lang='lat' dir='ltr'><strong>ledIeto</strong></span> <span class='ocrx_word' id='word_1_160' title='bbox 261 2434 360 2515; x_wconf 83' lang='lat' dir='ltr'><strong>Legis.</strong></span> <span class='ocrx_word' id='word_1_161' title='bbox 383 2435 424 2495; x_wconf 80' lang='lat' dir='ltr'><strong>Et</strong></span> <span class='ocrx_word' id='word_1_162' title='bbox 444 2435 575 2498; x_wconf 87' lang='lat' dir='ltr'><strong>ibidem:</strong></span> <span class='ocrx_word' id='word_1_163' title='bbox 599 2434 657 2510; x_wconf 76' lang='lat' dir='ltr'><strong>Qui</strong></span> <span class='ocrx_word' id='word_1_164' title='bbox 680 2441 751 2494; x_wconf 89' lang='lat' dir='ltr'><strong>sunt</strong></span> <span class='ocrx_word' id='word_1_165' title='bbox 771 2453 811 2494; x_wconf 84' lang='lat' dir='ltr'><strong>ex</strong></span> <span class='ocrx_word' id='word_1_166' title='bbox 834 2432 976 2513; x_wconf 88' lang='lat' dir='ltr'><strong>operibus</strong></span> <span class='ocrx_word' id='word_1_167' title='bbox 992 2432 1047 2493; x_wconf 89' lang='lat' dir='ltr'><strong>Le·</strong></span> 
     </span>
     <span class='ocr_line' id='line_1_26' title="bbox 122 2516 1046 2597; baseline -0.001 -21"><span class='ocrx_word' id='word_1_168' title='bbox 122 2518 181 2597; x_wconf 83' lang='lat' dir='ltr'><strong>gis,</strong></span> <span class='ocrx_word' id='word_1_169' title='bbox 204 2516 260 2578; x_wconf 89' lang='lat' dir='ltr'><strong>sub</strong></span> <span class='ocrx_word' id='word_1_170' title='bbox 283 2518 447 2579; x_wconf 76' lang='lat' dir='ltr'><strong>maledieto</strong></span> <span class='ocrx_word' id='word_1_171' title='bbox 469 2525 548 2579; x_wconf 81' lang='lat' dir='ltr'><strong>sunt,</strong></span> <span class='ocrx_word' id='word_1_172' title='bbox 591 2518 632 2577; x_wconf 80' lang='lat' dir='ltr'><strong>Et</strong></span> <span class='ocrx_word' id='word_1_173' title='bbox 658 2518 766 2581; x_wconf 81' lang='lat' dir='ltr'><strong>Romu.</strong></span> <span class='ocrx_word' id='word_1_174' title='bbox 800 2518 834 2579; x_wconf 83' lang='lat'><strong>4:</strong></span> <span class='ocrx_word' id='word_1_175' title='bbox 877 2516 942 2576; x_wconf 84' lang='lat' dir='ltr'><strong>Lex</strong></span> <span class='ocrx_word' id='word_1_176' title='bbox 970 2517 1046 2576; x_wconf 83' lang='lat' dir='ltr'><strong>iram</strong></span> 
     </span>
     <span class='ocr_line' id='line_1_27' title="bbox 122 2597 1046 2680; baseline -0.002 -20"><span class='ocrx_word' id='word_1_177' title='bbox 122 2607 278 2680; x_wconf 85' lang='lat' dir='ltr'><strong>operetur.</strong></span> <span class='ocrx_word' id='word_1_178' title='bbox 320 2601 361 2661; x_wconf 84' lang='lat' dir='ltr'><strong>Et</strong></span> <span class='ocrx_word' id='word_1_179' title='bbox 381 2603 471 2663; x_wconf 88' lang='lat' dir='ltr'><strong>Rom.</strong></span> <span class='ocrx_word' id='word_1_180' title='bbox 494 2607 527 2666; x_wconf 69' lang='grc' dir='ltr'><strong>ῖς</strong></span> <span class='ocrx_word' id='word_1_181' title='bbox 551 2599 641 2676; x_wconf 81' lang='lat' dir='ltr'><strong>Quod</strong></span> <span class='ocrx_word' id='word_1_182' title='bbox 664 2607 730 2660; x_wconf 83' lang='lat' dir='ltr'><strong>eret</strong></span> <span class='ocrx_word' id='word_1_183' title='bbox 750 2597 791 2659; x_wconf 84' lang='lat' dir='ltr'><strong>ed</strong></span> <span class='ocrx_word' id='word_1_184' title='bbox 813 2601 916 2678; x_wconf 84' lang='lat' dir='ltr'><strong>vitem,</strong></span> <span class='ocrx_word' id='word_1_185' title='bbox 941 2600 1046 2659; x_wconf 88' lang='lat' dir='ltr'><strong>inven-</strong></span> 
     </span>
     <span class='ocr_line' id='line_1_28' title="bbox 123 2680 1046 2756; baseline -0.002 -14"><span class='ocrx_word' id='word_1_186' title='bbox 123 2690 188 2744; x_wconf 89' lang='lat' dir='ltr'><strong>tum</strong></span> <span class='ocrx_word' id='word_1_187' title='bbox 211 2689 259 2742; x_wconf 92' lang='lat' dir='ltr'><strong>est</strong></span> <span class='ocrx_word' id='word_1_188' title='bbox 280 2685 354 2743; x_wconf 88' lang='lat' dir='ltr'><strong>mihi</strong></span> <span class='ocrx_word' id='word_1_189' title='bbox 376 2704 445 2745; x_wconf 89' lang='lat' dir='ltr'><strong>esse</strong></span> <span class='ocrx_word' id='word_1_190' title='bbox 466 2683 505 2745; x_wconf 82' lang='lat' dir='ltr'><strong>ad</strong></span> <span class='ocrx_word' id='word_1_191' title='bbox 529 2691 668 2747; x_wconf 86' lang='lat' dir='ltr'><strong>mortem.</strong></span> <span class='ocrx_word' id='word_1_192' title='bbox 713 2683 822 2743; x_wconf 83' lang='lat' dir='ltr'><strong>Roma.</strong></span> <span class='ocrx_word' id='word_1_193' title='bbox 845 2684 884 2744; x_wconf 82' lang='lat'><strong>2:</strong></span> <span class='ocrx_word' id='word_1_194' title='bbox 923 2680 982 2756; x_wconf 81' lang='lat' dir='ltr'><strong>Qui</strong></span> <span class='ocrx_word' id='word_1_195' title='bbox 1016 2682 1046 2741; x_wconf 90' lang='lat' dir='ltr'><strong>in</strong></span> 
     </span>
     <span class='ocr_line' id='line_1_29' title="bbox 122 2763 1049 2848; baseline 0.003 -22"><span class='ocrx_word' id='word_1_196' title='bbox 122 2765 207 2846; x_wconf 83' lang='lat' dir='ltr'><strong>Lege</strong></span> <span class='ocrx_word' id='word_1_197' title='bbox 228 2774 445 2846; x_wconf 81' lang='lat' dir='ltr'><strong>peceaverunt,</strong></span> <span class='ocrx_word' id='word_1_198' title='bbox 467 2788 523 2848; x_wconf 87' lang='lat' dir='ltr'><strong>per</strong></span> <span class='ocrx_word' id='word_1_199' title='bbox 544 2767 659 2848; x_wconf 85' lang='lat' dir='ltr'><strong>Legem</strong></span> <span class='ocrx_word' id='word_1_200' title='bbox 688 2764 911 2826; x_wconf 82' lang='lat' dir='ltr'><strong>iudicabuntur.</strong></span> <span class='ocrx_word' id='word_1_201' title='bbox 954 2763 1049 2844; x_wconf 82' lang='lat' dir='ltr'><strong>Igitur</strong></span> 
     </span>
     <span class='ocr_line' id='line_1_30' title="bbox 121 2846 1048 2931; baseline -0.002 -23"><span class='ocrx_word' id='word_1_202' title='bbox 121 2850 174 2927; x_wconf 88' lang='lat' dir='ltr'><strong>qui</strong></span> <span class='ocrx_word' id='word_1_203' title='bbox 196 2848 346 2929; x_wconf 81' lang='lat' dir='ltr'><strong>gloriatur</strong></span> <span class='ocrx_word' id='word_1_204' title='bbox 366 2853 397 2910; x_wconf 90' lang='lat' dir='ltr'><strong>in</strong></span> <span class='ocrx_word' id='word_1_205' title='bbox 419 2850 517 2931; x_wconf 85' lang='lat' dir='ltr'><strong>Lege,</strong></span> <span class='ocrx_word' id='word_1_206' title='bbox 553 2857 700 2929; x_wconf 80' lang='lat' dir='ltr'><strong>tanquam</strong></span> <span class='ocrx_word' id='word_1_207' title='bbox 727 2848 850 2928; x_wconf 83' lang='lat' dir='ltr'><strong>sepiens</strong></span> <span class='ocrx_word' id='word_1_208' title='bbox 875 2854 905 2906; x_wconf 87' lang='lat' dir='ltr'><strong>et</strong></span> <span class='ocrx_word' id='word_1_209' title='bbox 927 2846 1048 2926; x_wconf 88' lang='lat' dir='ltr'><strong>doetus,</strong></span> 
     </span>
     <span class='ocr_line' id='line_1_31' title="bbox 121 2929 1048 3012; baseline 0 -21"><span class='ocrx_word' id='word_1_210' title='bbox 121 2931 273 3011; x_wconf 74' lang='lat' dir='ltr'><strong>glorietur</strong></span> <span class='ocrx_word' id='word_1_211' title='bbox 294 2934 326 2993; x_wconf 89' lang='lat' dir='ltr'><strong>in</strong></span> <span class='ocrx_word' id='word_1_212' title='bbox 354 2934 535 2995; x_wconf 83' lang='lat' dir='ltr'><strong>confusione</strong></span> <span class='ocrx_word' id='word_1_213' title='bbox 563 2952 633 3012; x_wconf 83' lang='lat' dir='ltr'><strong>sue,</strong></span> <span class='ocrx_word' id='word_1_214' title='bbox 672 2933 703 2991; x_wconf 90' lang='lat' dir='ltr'><strong>in</strong></span> <span class='ocrx_word' id='word_1_215' title='bbox 726 2929 895 2992; x_wconf 82' lang='lat' dir='ltr'><strong>maledieto</strong></span> <span class='ocrx_word' id='word_1_216' title='bbox 928 2949 995 3007; x_wconf 89' lang='lat' dir='ltr'><strong>suo,</strong></span> <span class='ocrx_word' id='word_1_217' title='bbox 1016 2931 1048 2991; x_wconf 88' lang='lat' dir='ltr'><strong>in</strong></span> 
     </span>
     <span class='ocr_line' id='line_1_32' title="bbox 122 3011 1048 3159; baseline -0.001 -85"><span class='ocrx_word' id='word_1_218' title='bbox 122 3013 312 3159; x_wconf 49' lang='grc' dir='ltr'><strong>ξωιῐίθῂῗίῐι</strong></span> <span class='ocrx_word' id='word_1_219' title='bbox 335 3024 444 3096; x_wconf 85' lang='lat' dir='ltr'><strong>morte,</strong></span> <span class='ocrx_word' id='word_1_220' title='bbox 466 3024 499 3077; x_wconf 88' lang='lat' dir='ltr'><strong>ut</strong></span> <span class='ocrx_word' id='word_1_221' title='bbox 519 3016 563 3077; x_wconf 91' lang='lat' dir='ltr'><strong>illi</strong></span> <span class='ocrx_word' id='word_1_222' title='bbox 584 3016 695 3077; x_wconf 80' lang='lat' dir='ltr'><strong>Rome.</strong></span> <span class='ocrx_word' id='word_1_223' title='bbox 724 3015 758 3078; x_wconf 86' lang='lat'><strong>2:</strong></span> <span class='ocrx_word' id='word_1_224' title='bbox 803 3011 885 3087; x_wconf 80' lang='lat' dir='ltr'><strong>Quid</strong></span> <span class='ocrx_word' id='word_1_225' title='bbox 906 3013 1048 3094; x_wconf 83' lang='lat' dir='ltr'><strong>gloriaris</strong></span> 
     </span>
     <span class='ocr_line' id='line_1_33' title="bbox 120 3117 260 3178; baseline 0.014 -20"><span class='ocrx_word' id='word_1_226' title='bbox 120 3117 154 3158; x_wconf 74' lang='lat' dir='ltr'><strong>in</strong></span> <span class='ocrx_word' id='word_1_227' title='bbox 220 3117 260 3178; x_wconf 86' lang='lat' dir='ltr'><strong>ge</strong></span> 
     </span>
    </p>
   </div>
   <div class='ocr_carea' id='block_1_5' title="bbox 421 3213 641 3304">
    <p class='ocr_par' dir='ltr' id='par_1_8' title="bbox 421 3213 641 3304">
     <span class='ocr_line' id='line_1_34' title="bbox 421 3213 641 3304; baseline -0.032 0"><span class='ocrx_word' id='word_1_228' title='bbox 421 3213 448 3304; x_wconf 68' lang='lat' dir='ltr'><em>s</em></span> <span class='ocrx_word' id='word_1_229' title='bbox 533 3234 641 3297; x_wconf 83' lang='lat' dir='ltr'><strong>xxiv.</strong></span> 
     </span>
    </p>
   </div>
   <div class='ocr_carea' id='block_1_6' title="bbox 121 3347 1077 3850">
    <p class='ocr_par' dir='ltr' id='par_1_9' title="bbox 121 3347 1077 3600">
     <span class='ocr_line' id='line_1_35' title="bbox 207 3347 1048 3432; baseline -0.005 -19"><span class='ocrx_word' id='word_1_230' title='bbox 207 3352 278 3413; x_wconf 89' lang='lat' dir='ltr'><strong>Non</strong></span> <span class='ocrx_word' id='word_1_231' title='bbox 303 3359 406 3413; x_wconf 85' lang='lat' dir='ltr'><strong>tamen</strong></span> <span class='ocrx_word' id='word_1_232' title='bbox 428 3352 655 3432; x_wconf 80' lang='lat' dir='ltr'><strong>supientieillu</strong></span> <span class='ocrx_word' id='word_1_233' title='bbox 679 3351 778 3429; x_wconf 79' lang='lat' dir='ltr'><strong>mule,</strong></span> <span class='ocrx_word' id='word_1_234' title='bbox 816 3369 875 3410; x_wconf 89' lang='lat' dir='ltr'><strong>neo</strong></span> <span class='ocrx_word' id='word_1_235' title='bbox 906 3349 972 3410; x_wconf 85' lang='lat' dir='ltr'><strong>Lex</strong></span> <span class='ocrx_word' id='word_1_236' title='bbox 1005 3347 1048 3409; x_wconf 78' lang='lat' dir='ltr'><strong>fu-</strong></span> 
     </span>
     <span class='ocr_line' id='line_1_36' title="bbox 122 3433 1077 3518; baseline -0.007 -20"><span class='ocrx_word' id='word_1_237' title='bbox 122 3436 253 3518; x_wconf 79' lang='lat' dir='ltr'><strong>gieude,</strong></span> <span class='ocrx_word' id='word_1_238' title='bbox 290 3434 346 3496; x_wconf 87' lang='lat' dir='ltr'><strong>sed</strong></span> <span class='ocrx_word' id='word_1_239' title='bbox 382 3435 476 3496; x_wconf 91' lang='lat' dir='ltr'><strong>homo</strong></span> <span class='ocrx_word' id='word_1_240' title='bbox 509 3438 577 3497; x_wconf 88' lang='lat' dir='ltr'><strong>siue</strong></span> <span class='ocrx_word' id='word_1_241' title='bbox 610 3435 768 3516; x_wconf 83' lang='lat' dir='ltr'><strong>theologie</strong></span> <span class='ocrx_word' id='word_1_242' title='bbox 797 3433 895 3494; x_wconf 82' lang='lat' dir='ltr'><strong>oruois</strong></span> <span class='ocrx_word' id='word_1_243' title='bbox 923 3433 1077 3511; x_wconf 87' lang='lat' dir='ltr'><strong>optimis.</strong></span> 
     </span>
     <span class='ocr_line' id='line_1_37' title="bbox 121 3516 763 3600; baseline -0.008 -19"><span class='ocrx_word' id='word_1_244' title='bbox 121 3521 258 3600; x_wconf 80' lang='lat' dir='ltr'><strong>pessime</strong></span> <span class='ocrx_word' id='word_1_245' title='bbox 279 3516 422 3580; x_wconf 78' lang='lat' dir='ltr'><strong>abutitur.</strong></span> <span class='ocrx_word' id='word_1_246' title='bbox 755 3556 763 3565; x_wconf 90' lang='lat'>-</span> 
     </span>
    </p>

    <p class='ocr_par' dir='ltr' id='par_1_10' title="bbox 122 3595 1077 3850">
     <span class='ocr_line' id='line_1_38' title="bbox 208 3595 1049 3679; baseline -0.004 -18"><span class='ocrx_word' id='word_1_247' title='bbox 208 3595 289 3677; x_wconf 72' lang='lat' dir='ltr'><strong>Quid</strong></span> <span class='ocrx_word' id='word_1_248' title='bbox 308 3602 373 3662; x_wconf 89' lang='lat' dir='ltr'><strong>Lex</strong></span> <span class='ocrx_word' id='word_1_249' title='bbox 396 3609 518 3679; x_wconf 82' lang='lat' dir='ltr'><strong>saneta,</strong></span> <span class='ocrx_word' id='word_1_250' title='bbox 540 3610 570 3663; x_wconf 91' lang='lat' dir='ltr'><strong>et</strong></span> <span class='ocrx_word' id='word_1_251' title='bbox 592 3620 684 3662; x_wconf 89' lang='lat' dir='ltr'><strong>omne</strong></span> <span class='ocrx_word' id='word_1_252' title='bbox 707 3599 821 3660; x_wconf 90' lang='lat' dir='ltr'><strong>donum</strong></span> <span class='ocrx_word' id='word_1_253' title='bbox 842 3596 902 3658; x_wconf 88' lang='lat' dir='ltr'><strong>Dei</strong></span> <span class='ocrx_word' id='word_1_254' title='bbox 924 3597 1049 3676; x_wconf 80' lang='lat' dir='ltr'><strong>bouum,</strong></span> 
     </span>
     <span class='ocr_line' id='line_1_39' title="bbox 123 3680 1077 3763; baseline -0.007 -17"><span class='ocrx_word' id='word_1_255' title='bbox 123 3687 224 3746; x_wconf 88' lang='lat' dir='ltr'><strong>omnis</strong></span> <span class='ocrx_word' id='word_1_256' title='bbox 247 3693 387 3746; x_wconf 79' lang='lat' dir='ltr'><strong>creature</strong></span> <span class='ocrx_word' id='word_1_257' title='bbox 413 3684 620 3763; x_wconf 76' lang='lat' dir='ltr'><strong>benemide,</strong></span> <span class='ocrx_word' id='word_1_258' title='bbox 645 3683 742 3744; x_wconf 84' lang='lat' dir='ltr'><strong>Gene.</strong></span> <span class='ocrx_word' id='word_1_259' title='bbox 767 3685 793 3744; x_wconf 82' lang='lat'><strong>1.</strong></span> <span class='ocrx_word' id='word_1_260' title='bbox 817 3680 878 3742; x_wconf 84' lang='lat' dir='ltr'><strong>Sed</strong></span> <span class='ocrx_word' id='word_1_261' title='bbox 901 3682 979 3740; x_wconf 88' lang='lat' dir='ltr'><strong>sieut</strong></span> <span class='ocrx_word' id='word_1_262' title='bbox 1001 3700 1049 3740; x_wconf 90' lang='lat' dir='ltr'><strong>su·</strong></span> <span class='ocrx_word' id='word_1_263' title='bbox 1074 3700 1077 3705; x_wconf 68' lang='grc'><em>’</em></span> 
     </span>
     <span class='ocr_line' id='line_1_40' title="bbox 122 3763 1050 3850; baseline -0.005 -21"><span class='ocrx_word' id='word_1_264' title='bbox 122 3769 300 3850; x_wconf 79' lang='lat' dir='ltr'><strong>predictum</strong></span> <span class='ocrx_word' id='word_1_265' title='bbox 309 3766 811 3847; x_wconf 84' lang='lat' dir='ltr'><strong>est‚quinondumestdestruotus,</strong></span> <span class='ocrx_word' id='word_1_266' title='bbox 820 3763 859 3824; x_wconf 86' lang='lat' dir='ltr'><strong>ed</strong></span> <span class='ocrx_word' id='word_1_267' title='bbox 868 3763 995 3825; x_wconf 89' lang='lat' dir='ltr'><strong>nihilum</strong></span> <span class='ocrx_word' id='word_1_268' title='bbox 1005 3783 1050 3824; x_wconf 86' lang='lat' dir='ltr'><strong>re·</strong></span> 
     </span>
    </p>
   </div>
   <div class='ocr_carea' id='block_1_7' title="bbox 149 3896 847 3968">
    <p class='ocr_par' dir='ltr' id='par_1_11' title="bbox 149 3896 847 3968">
     <span class='ocr_line' id='line_1_41' title="bbox 149 3896 847 3968; baseline 0.007 -31"><span class='ocrx_word' id='word_1_269' title='bbox 149 3897 243 3938; x_wconf 70' lang='lat' dir='ltr'><strong>Lethaei</strong></span> <span class='ocrx_word' id='word_1_270' title='bbox 257 3907 316 3946; x_wconf 78' lang='lat' dir='ltr'><strong>opp.</strong></span> <span class='ocrx_word' id='word_1_271' title='bbox 332 3897 356 3939; x_wconf 77' lang='lat' dir='ltr'><strong>V.</strong></span> <span class='ocrx_word' id='word_1_272' title='bbox 369 3897 396 3937; x_wconf 79' lang='grc' dir='ltr'><strong>Α,</strong></span> <span class='ocrx_word' id='word_1_273' title='bbox 410 3897 441 3936; x_wconf 79' lang='lat' dir='ltr'><strong>sd</strong></span> <span class='ocrx_word' id='word_1_274' title='bbox 451 3897 492 3956; x_wconf 72' lang='lat' dir='ltr'><strong>ref.</strong></span> <span class='ocrx_word' id='word_1_275' title='bbox 505 3896 556 3938; x_wconf 70' lang='lat' dir='ltr'><strong>nist</strong></span> <span class='ocrx_word' id='word_1_276' title='bbox 571 3897 586 3940; x_wconf 81' lang='lat' dir='ltr'><strong>i.</strong></span> <span class='ocrx_word' id='word_1_277' title='bbox 599 3908 624 3950; x_wconf 79' lang='lat' dir='ltr'><strong>p.</strong></span> <span class='ocrx_word' id='word_1_278' title='bbox 639 3897 690 3942; x_wconf 83' lang='lat' dir='ltr'><strong>Vol.</strong></span> <span class='ocrx_word' id='word_1_279' title='bbox 704 3898 722 3941; x_wconf 84' lang='lat' dir='ltr'><strong>L</strong></span> <span class='ocrx_word' id='word_1_280' title='bbox 800 3900 847 3968; x_wconf 71' lang='lat' dir='ltr'><strong>2ss</strong></span> 
     </span>
    </p>
   </div>
   <div class='ocr_carea' id='block_1_8' title="bbox 0 0 1182 4200">
    <p class='ocr_par' dir='ltr' id='par_1_12' title="bbox 0 0 1182 4200">
     <span class='ocr_line' id='line_1_42' title="bbox 0 0 1182 4200; baseline 0 1"><span class='ocrx_word' id='word_1_281' title='bbox 0 0 1182 4200; x_wconf 95' lang='lat' dir='ltr'><strong> </strong></span> 
     </span>
    </p>
   </div>
  </div>
 </body>
</html>
