2356 4200
30 280 34 287 .
120 252 184 318 400
387 254 546 324 Appeilutio
564 254 599 309 D.
617 255 697 319 hrt.
715 255 795 309 [anth.

123 421 233 502 sultoe,
256 440 314 482 neo
335 423 510 483 meritoriae
537 431 622 502 sunt,
656 426 702 485 ito
735 432 770 486 ut
800 425 869 485 sine
889 421 939 483 his
970 421 1043 485 nihi·

123 504 256 566 lominus
280 505 413 567 eoelesio
434 505 546 566 Christi
578 507 657 568 hene
689 514 720 568 et
752 508 833 570 forte
860 505 975 567 melius
994 503 1043 567 hu·

122 587 219 668 beret,
240 586 438 671 pluribusque
458 591 575 650 meritis
600 596 699 670 (quoe
720 590 867 673 perillus
888 588 1044 650 remittun-

123 678 187 743 tur)
212 670 291 732 snivi
319 669 429 734 flerent
456 670 580 752 iideles,
614 674 678 736 imo
712 682 864 755 expresse
893 672 1045 733 fateantur

124 753 286 834 dootores,
318 756 412 816 etiem
434 754 634 837 Scholastioi,
671 756 780 818 melius
813 774 886 817 esse
921 773 982 834 per
1013 772 1045 815 se

125 839 224 918 ipsum
246 837 432 916 sntisfneere,
454 857 546 917 quum
568 838 775 920 indulgentius
795 832 962 901 rediniere.

205 919 326 983 Deinde
345 923 392 982 sie
412 921 581 1004 disputavi,
613 930 648 983 ut
678 930 775 983 totum
805 922 890 983 huno
911 919 1044 1001 disputo

124 1005 241 1065 tionem
262 1004 474 1071 submitterem
496 1023 559 1065 non
575 1005 675 1066 solum
690 1005 852 1083 eoolesiee,
875 1003 933 1065 sed
955 1004 1063 1067 etium'

123 1088 271 1166 euiusque
292 1086 401 1148 melius
422 1089 582 1148 sentientis
611 1089 743 1167 iudioio,
776 1089 945 1168 inprimis
973 1104 1045 1149 vero

125 1171 320 1231 senetissimo
341 1171 374 1231 in
396 1169 517 1232 Christo
539 1173 618 1251 petri
639 1178 671 1233 et
692 1171 818 1233 domino
840 1178 974 1248 nostro,
994 1168 1046 1233 do·

125 1253 209 1315 mino
232 1252 328 1314 Leoni
349 1253 387 1315 X.
409 1273 511 1334 popae
530 1254 691 1333 moderno,
713 1256 799 1316 utin
821 1253 959 1334 epistole
980 1270 1046 1313 mes

124 1335 378 1399 Resolutionibus
400 1338 476 1396 meis
497 1339 668 1417 praemisse
695 1337 777 1399 oiere
808 1342 911 1417 petet,
945 1355 984 1397 eo
1004 1336 1046 1395 ite

126 1439 175 1481 res
189 1419 308 1497 dubios,
324 1419 446 1490 liberes,
469 1421 638 1500 opiniosus,
659 1440 722 1482 nou
735 1419 970 1496 determinatus,
990 1436 1046 1492 neo

123 1503 313 1563 necessarias
346 1501 386 1562 ud
418 1502 548 1563 sulutem
581 1505 708 1565 trsotuvi
729 1501 908 1582 disputandi
937 1501 1045 1583 gratis,

124 1592 157 1646 ut
177 1584 262 1645 nuile
282 1604 408 1664 prorsus
426 1605 496 1647 esse
516 1589 617 1666 possit
636 1587 716 1648 iusto
737 1605 832 1647 eouso
854 1592 886 1646 et
920 1585 1044 1647 oseneio

125 1666 238 1729 eitundi
259 1687 310 1729 me
329 1674 383 1729 eut
403 1668 435 1728 in
457 1669 505 1729 ius
527 1669 677 1749 trahendi,
700 1676 732 1730 et
753 1669 863 1731 merito
886 1667 1044 1729 debuerim

125 1772 144 1812 e
176 1750 326 1812 molestiis
358 1751 451 1813 etiem
484 1751 657 1813 invidorum
679 1760 711 1813 et
732 1752 940 1833 malignorum
963 1758 1045 1813 tutus

123 1840 155 1896 et
175 1835 296 1915 quietus
331 1834 428 1895 videri
452 1834 720 1915 [quondoquidem
751 1834 790 1895 de
821 1834 914 1896 rebus
948 1834 1044 1909 seriis,

124 1919 316 1996 neeessariis,
337 1915 447 1978 divinis
467 1916 659 2001 disputantes
681 1920 780 1980 seeuri
802 1923 906 1994 sunt).

208 2000 413 2062 Nihilominus
443 2001 569 2081 quidem
606 2020 802 2064 mummouee
844 2002 981 2062 outtores
1014 2004 1045 2061 et

128 2085 205 2146 lueri
227 2085 381 2164 monoipio
401 2085 554 2164 inquieto,
586 2087 618 2146 in
641 2085 750 2147 ovibus
772 2084 886 2145 Christi
906 2103 972 2145 non
995 2100 1051 2164 ιιι-ι

128 2186 218 2245 sonu,
249 2167 305 2228 sed
337 2168 385 2228 leo
407 2174 439 2228 et
471 2168 573 2228 lenum
605 2166 817 2229 tantummodo
849 2173 1045 2247 quaerentes,

128 2253 342 2330 timentesque,
366 2269 405 2310 ne
426 2250 515 2311 huius
527 2251 741 2332 disputationis
759 2252 926 2311 oeensione
939 2248 1046 2311 iideles

129 2333 242 2394 Christi
263 2352 369 2395 eorum
392 2333 529 2394 luorosss
551 2343 582 2395 et
603 2333 936 2395 avarissimesinsidies
958 2330 1046 2392 intel·

130 2419 330 2498 ligerent„ao
350 2417 395 2476 sio
417 2425 561 2496 quaestus
583 2420 734 2499 ipsorum,
757 2418 836 2477 sieut
855 2416 969 2496 dignus
991 2422 1047 2492 est,

130 2500 264 2562 funditus
286 2501 411 2580 periret,
444 2510 628 2563 exarserunt
661 2504 740 2561 siout
771 2501 850 2580 iguis
880 2500 912 2559 in
941 2499 1047 2578 spinis.

131 2585 234 2664 Atque
266 2602 335 2644 oum
366 2584 423 2662 ipsi
452 2585 497 2645 sio
517 2585 723 2665 indulgentias
745 2601 809 2643 uon
831 2582 932 2643 solum
955 2579 1046 2642 indie

23 2720 26 2725 .
132 2677 226 2747 orete,
248 2667 303 2728 sed
327 2674 358 2726 et
379 2667 518 2745 subdole,
541 2669 571 2727 in
586 2667 721 2728 fraudem
735 2667 904 2726 animarum
923 2682 1048 2744 quoque

132 2771 169 2814 eo
188 2753 283 2830 longe
305 2750 427 2829 isteque
449 2770 469 2810 e
489 2757 593 2811 mente
613 2751 722 2811 summi
745 2747 917 2829 pontiiieie,
941 2748 1049 2808 enoris·

132 2853 191 2914 que
213 2844 332 2914 petrum
355 2833 498 2912 deoretis,
519 2832 727 2914 proedioundo
747 2831 934 2911 oberrarent,
956 2831 1049 2891 etiem

134 2918 194 2978 hoe
216 2916 287 2976 moli
309 2916 495 2996 odieoerunt,
518 2924 551 2977 ut
569 2916 687 2977 frivolis
709 2914 889 2995 quibusdem
912 2920 946 2974 et
966 2932 1050 2973 men-

133 2999 259 3060 dooibus
281 2999 503 3075 delationibus,
526 3019 582 3080 pro
604 3000 733 3060 overitio
755 3018 811 3058 sue
832 3005 863 3058 et
885 2995 1050 3076 tyrannide

132 3083 228 3162 impie
247 3081 430 3162 eolorenda,
462 3083 542 3144 odeo
565 3102 614 3143 me
635 3081 717 3162 opud
746 3080 974 3141 sanctissimum
996 3077 1050 3140 do·

134 3168 249 3225 minum
270 3173 426 3243 nostrum,
457 3166 615 3227 dominum
636 3165 771 3227 Leonem
793 3163 830 3228 X.
851 3162 968 3242 Papum
991 3169 1050 3224 eto.

134 3256 166 3311 et
186 3248 330 3310 eximium
357 3251 454 3310 virum
487 3249 642 3310 dominum
665 3242 826 3308 Martinam
854 3245 894 3306 de
917 3245 1051 3306 Perusiis

132 3351 209 3394 suae
241 3333 411 3393 sanctitatis
434 3332 665 3393 Procuratorem
688 3329 824 3392 iisoetem
845 3327 1052 3390 foedaverunt

134 3425 166 3479 et
187 3415 327 3477 odiosum
350 3415 496 3493 feserunt,
517 3423 549 3476 et
569 3415 692 3476 tondem
715 3420 904 3475 exoouerunt
927 3419 960 3472 et
980 3431 1052 3473 exu-

135 3504 349 3580 spereveruut,
378 3506 410 3557 ut
432 3498 530 3558 dietus
552 3498 588 3559 D.
612 3497 758 3557 Martinus
781 3495 820 3557 od
841 3497 1050 3575 importunam

135 3601 241 3643 eorum
261 3583 451 3659 instantium,
474 3600 597 3642 oensem
620 3587 728 3641 eontra
750 3599 813 3658 me,
842 3585 990 3658 touquem
1013 3576 1052 3638 de

133 3664 254 3725 haeresi
276 3669 467 3744 suspectum,
500 3670 532 3724 et
562 3666 593 3724 in
631 3664 859 3726 ecclesiastieae
885 3662 1052 3742 potestatis

134 3749 288 3828 iniurium,
312 3747 562 3828 vilipensionem,
584 3746 835 3825 diminutionem,
857 3744 1052 3826 oleviumque
