2356 4200
176 282 239 375 '212
440 272 445 288 ι
506 288 654 364 Sermones
672 287 781 362 lutheri

211 488 225 503 ²
259 473 394 540 Tertium
423 479 506 559 quod
530 479 612 540 inter
638 478 757 557 spinas:
801 476 868 537 Heu
898 476 1098 538 miserial'hi
1127 538 1128 541 ,

176 561 321 623 iiieliores
346 580 437 641 quam
460 561 601 640 secundi,
631 562 703 641 quia
723 559 870 621 laboriosi
893 567 924 621 et
944 563 1098 640 patientes

145 692 150 700 ,
179 646 330 723 sustinent
359 651 390 705 et
415 652 616 725 perseverant
637 647 667 704 in
691 642 803 723 verbo;
824 643 884 703 ‘sed
912 643 972 704 hoc
999 645 1099 724 ipsum

176 726 413 808 'etiam‘irustra³
436 747 505 788 nam
529 727 651 789 tandem
675 725 863 787 suffocantur
883 729 988 808 spinis.
1019 727 1101 788 Nota

154 810 288 888 ‘verba,
323 812 426 892 signa,
463 813 616 892 mysteria.
675 809 767 870 Primi
805 809 1026 871 conculcantur
1071 817 1102 870 et
1153 806 1155 815 '

180 894 397 972 comeduntur,
432 901 578 975 tanquam
606 893 680 954 nihil
716 893 841 953 omnino
875 894 920 953 sui
952 896 1102 954 memoria

145 1028 148 1033 .
175 975 403 1058 relinquentes:
444 977 570 1038 secundi
609 983 764 1055 crescunt,
803 981 951 1056 tanquam
985 976 1100 1056 aliquid

180 1061 256 1136 sint,
281 1062 408 1140 'incepti
446 1061 554 1122 saltem
591 1067 621 1121 et
656 1065 785 1120 conatus
821 1060 981 1141 vestigium
1009 1059 1100 1120 relin-

181 1149 324 1223 quentes:
353 1145 434 1202 tertii
462 1138 665 1220 suffocantur,
694 1149 838 1222 tanquam
869 1144 942 1202 satis
970 1144 1101 1224 pingues

177 1230 226 1286 'et'
242 1224 399 1302 efficaces,
429 1245 620 1307 nequaquam
653 1225 728 1286 aridi
758 1232 789 1285 et
817 1224 912 1305 tepidi
928 1225 1027 1286 'velut
1047 1244 1103 1307 per
1161 1276 1165 1284 .

180 1310 240 1371 vim
277 1309 433 1370 exstincti:
473 1311 550 1370 sicut
580 1311 763 1387 moriuntur,
800 1309 851 1388 qui
880 1327 942 1370 non
972 1309 1102 1369 naturali

179 1399 279 1453 morte
306 1411 362 1472 per
390 1393 450 1452 vim
483 1393 670 1454 occiduntur.
725 1391 808 1471 Hoc,
835 1391 899 1452 hoo
928 1399 990 1470 est,
1019 1391 1102 1471 quod

178 1471 413 1559 liprribilissime
445 1483 549 1556 sonat,
583 1475 665 1555 quod
701 1483 761 1535 tarn
800 1474 973 1554 piacorda
1000 1474 1101 1536 bonae

155 1554 306 1637 radicis,
340 1565 465 1619 sanctae
491 1560 686 1634 intentionis,
717 1556 793 1617 lirmi
822 1559 973 1638 propositi
996 1565 1027 1618 et
1045 1552 1117 1618 fer?

180 1641 281 1702 rantis
299 1640 406 1718 studii,
443 1641 551 1721 quibus
578 1661 634 1702 neo
666 1643 733 1722 ipsa
755 1642 848 1700 etiarn
872 1641 1102 1720 perseverantia

182 1722 278 1802 desit,
311 1729 413 1784 tamen
442 1723 540 1785 fructu
572 1723 759 1785 fraudantur.
811 1723 850 1783 Hi
883 1725 987 1804 itaque
1010 1731 1102 1804 sunt,

182 1808 234 1888 qni
256 1805 374 1867 duobus
394 1806 526 1868 dominis
549 1809 661 1869 servire
683 1813 897 1888 praesumunt,
922 1806 1012 1867 simul
1033 1806 1102 1867 Deo

178 1899 215 1951 'et
231 1889 349 1951 ¹mundo
372 1888 511 1971 placere,
543 1891 718 1971 faciuntque
741 1889 837 1950 multa
857 1898 983 1970 propter
1004 1889 1102 1950 Deum

183 1976 215 2034 et
247 1990 373 2054 magna,
406 1973 460 2033 sed
497 1974 556 2035 hoo
584 1976 684 2054 ipsum
718 1972 752 2032 fit
779 1974 822 2032 eis
852 1975 884 2032 in
905 1973 1050 2053 laqueum
1072 1980 1104 2033 et

181 2057 366 2137 pericnlum,
401 2058 472 2136 quia
504 2076 558 2137 per
586 2057 647 2117 hoc
674 2056 731 2117 sibi
753 2055 891 2136 placent,
924 2055 1009 2136 quod
1029 2062 1102 2117 'ten-

182 2139 260 2200 tiunt
288 2158 322 2199 se
346 2138 426 2199 affici
446 2138 543 2200 'donis
574 2147 604 2200 et
632 2138 815 2200 fructificare
837 2157 874 2199 ac
896 2157 1051 2219 crescere,
1070 2148 1105 2200 'et

184 2222 257 2282 satis
284 2223 335 2302 pie
364 2222 421 2283 'sibi
454 2224 586 2301 conscii,
620 2225 741 2284 interim
775 2241 882 2282 secure
905 2222 1019 2284 inundo
1042 2234 1103 2283 ser-

177 2306 286 2384 ¹ciunt,
318 2312 434 2366 utnon
457 2308 638 2367 rennncient
659 2308 770 2388 spinis,
804 2307 867 2367 imo
890 2324 949 2366 nec
971 2306 1105 2366 sentiant

184 2398 247 2450 eas.
289 2386 367 2447 Nam
401 2389 467 2467 quis
500 2398 610 2470 neget,
646 2389 728 2470 quod
764 2407 853 2469 seges
885 2390 965 2448 inter
999 2389 1103 2469 spinas

178 2478 279 2553 ‘mna
299 2470 450 2552 proferat,
473 2471 527 2532 scd
546 2472 712 2535 suffocatur
728 2491 787 2532 nec
806 2474 947 2552 pervenit
968 2471 1006 2532 ad
1027 2471 1105 2532 irno-

181 2561 247 2623 tum
260 2555 382 2634 segetis.
415 2554 489 2616 Ideo
505 2552 620 2635 optime
632 2556 750 2633 dicitur,
769 2556 850 2634 quod
868 2555 957 2614 simul
977 2555 1104 2616 er'r'ortae

178 2637 291 2727 'spinae
301 2640 313 2716 ,'
337 2639 407 2717 quia
439 2639 528 2698 simul
556 2636 702 2699 accrescit
731 2637 858 2699 affectus
890 2637 1104 2718 temporalium

185 2720 261 2795 adm
280 2721 385 2799 minis,
420 2720 475 2783 sub
503 2720 613 2783 affectu
643 2722 832 2783 coelestium.
876 2721 936 2781 Det
961 2721 1106 2781 Deue‘nt

177 2802 323 2881 ‘dionem'
346 2804 371 2863 si
399 2803 456 2865 hos
485 2803 591 2866 dixero
621 2825 706 2884 esse,
742 2806 791 2883 qui
824 2805 960 2864 serviunt
982 2802 1105 2883 quidem

177 2884 383 2947 'deictissl'drc
411 2886 496 2966 Deo,
525 2888 579 2949 sed
602 2896 727 2969 propter
748 2887 864 2948 lucrum
886 2887 936 2948 vel
959 2880 1106 2963 honores,

155 2968 236 3030 ''vel
258 2969 368 3030 saltem
389 2976 515 3050 propter
536 2990 623 3031 suum
648 2971 804 3051 spirituale
821 2970 1018 3032 commodum
1041 2971 1106 3030 sive

184 3052 216 3112 ln
237 3052 314 3132 hac‚'
334 3053 398 3113 sive
420 3054 450 3112 in
471 3053 571 3114 futura
594 3055 672 3133 vita3
695 3056 745 3133 qui
769 3073 854 3115 error
876 3054 1107 3134 spinosissimas

178 3133 278 3196 'hodie
307 3141 353 3196 est
374 3150 506 3216 eorum,
540 3139 589 3217 qui
626 3138 810 3197 sanctissimi
842 3136 993 3198 habentur
1015 3134 1107 3197 inter

177 3218 347 3300 'religiosos
366 3220 467 3298 etiam,
489 3220 602 3280 nedum
624 3220 802 3280 sacerdotes
821 3228 852 3280 et
868 3221 1032 3299 seculares,
1056 3221 1106 3300 qui

177 3303 291 3362 'omnia
322 3301 443 3383 quidem
477 3303 591 3364 faciunt
617 3302 771 3364 ferventer
799 3309 829 3364 et
858 3311 1105 3384 perseveranter,

178 3376 241 3446 sed
263 3386 573 3448 intus'occultissime
596 3388 642 3445 sui
664 3405 769 3448 amore
792 3385 987 3449 suffocantur.
1026 3386 1107 3447 Vide

179 3472 272 3548 ·el·g0,
294 3470 414 3547 quantis
436 3469 579 3550 gradibus
603 3489 681 3550 opus
703 3478 764 3549 est,
788 3478 820 3529 ut
842 3470 880 3530 ad
903 3489 1006 3530 verum
1020 3467 1107 3530 ¹fruc-

186 3557 249 3610 tum
273 3553 442 3630 pervenias.
486 3552 543 3613 Hic
571 3559 672 3613 autern
695 3555 799 3613 tertius
822 3554 1019 3634 gravissimus
1043 3572 1106 3614 om·

188 3633 281 3713 nium,
320 3637 391 3714 qnia
425 3634 650 3696 subtilissimus.
705 3636 782 3696 Nam
812 3636 874 3713 his,
908 3638 960 3718 qui
992 3637 1106 3697 divitiis

187 3723 253 3777 toto
277 3719 413 3778 serviunt
435 3718 528 3780 corde
551 3726 582 3779 et
601 3720 675 3799 ipsis
698 3718 915 3799 voluptatibus,
938 3721 1003 3781 sine
1023 3721 1107 3781 omni

183 3799 268 3861 bona
290 3803 429 3862 viventes
452 3802 569 3882 specie,
602 3821 661 3864 nec
682 3802 721 3863 ad
744 3803 874 3882 primum
895 3803 1018 3883 quidem
1040 3822 1107 3885 gra·
