2356 4200
157 269 220 337 m
406 276 602 330 11110111101111
622 279 724 347 Diapnt.
746 278 824 331 Lutlr.

157 440 223 504 tolli
244 462 299 524 per
321 445 536 528 indulgentias,
557 448 746 529 respondeo:
769 451 831 511 Cur
840 468 918 531 ergo
928 451 1079 531 populum

159 544 221 586 101
244 528 366 588 instruis
390 531 427 591 de
450 533 626 612 cognitione
637 548 816 612 poenarum,
840 552 917 613 quas
931 534 1081 594 remittis?

69 628 78 642 ·
157 607 221 669 esd
243 613 368 672 omnino
392 626 499 675 011111
520 617 630 675 remitti
653 615 779 690 clamas,
802 632 1007 695 quascunque
1026 635 1080 696 pro

159 694 295 772 pcccatis
318 697 380 754 suis
404 697 486 757 luere
509 697 633 757 deberet
653 716 756 758 coram
780 699 847 759 Deo
876 708 907 758 et
935 699 1080 760 ecclesia.

159 772 324 850 Quomodo
346 780 479 860 populus
494 800 550 860 per
561 800 595 840 11
612 783 711 860 ipsum
734 781 893 862 intelliget,
915 781 1079 860 quodiam

156 855 288 919 otssme
309 868 340 919 et
363 862 447 943 large
469 863 623 941 loqueris?

449 1059 665 1120 Conclusio
688 1058 781 1120 XXII.

237 1186 317 1261 Quin
339 1186 454 1246 nullam
483 1189 608 1247 remittit
636 1186 795 1248 animabus
824 1189 854 1246 in
883 1190 1076 1269 purgatorio,

154 1285 246 1347 quom
280 1270 310 1328 in
345 1269 403 1328 hac
438 1270 499 1330 vita
528 1271 705 1331 debuissent
736 1270 871 1349 solvere,
906 1271 1076 1331 secundum

153 1370 301 1414 11110111.
591 1383 606 1389 -

237 1435 325 1495 Η110
347 1453 408 1493 101
432 1435 522 1495 latius
544 1453 649 1494 assero
672 1453 763 1513 quarn
783 1441 936 1511 octavam,
958 1454 1078 1515 exque

153 1516 220 1577 fluit
241 1536 296 1578 ceu
322 1517 535 1593 corollarium,
565 1516 648 1596 qnod
681 1534 818 1577 canones
840 1519 1077 1597 poenitentiales

153 1617 215 1660 1101
239 1607 396 1660 transeant
423 1603 453 1659 in
484 1602 575 1661 aliam
604 1602 712 1677 vitam,
743 1603 815 1679 qnia
844 1603 944 1660 omnis
972 1618 1077 1682 poena

153 1684 330 1762 temporalis
353 1689 485 1759 mutatur
506 1685 536 1743 iu
558 1701 691 1763 poenam
715 1685 835 1749 mortis,
857 1685 920 1743 imo
947 1693 1078 1765 propter

153 1767 259 1826 mortis
282 1784 414 1845 poenam
437 1766 564 1834 tollitur¹
593 1775 624 1825 et
645 1765 781 1825 tollenda
803 1774 858 1826 cst.
901 1766 970 1826 Imo
993 1767 1077 1848 tinge

156 1855 207 1920 (ut
236 1848 325 1909 latius
354 1849 555 1919 suadeamus)
592 1848 762 1908 Romanam
798 1849 962 1910 ecclesiam
994 1868 1075 1929 csse,

153 1931 251 2010 qualis
274 1937 340 1992 crat
354 1934 445 1992 etiarn
464 1933 566 1992 adhuc
577 1937 716 2010 tempore
729 1932 761 1993 B.
774 1931 925 2013 Gregorii,
947 1931 1074 2012 quaudo

153 2032 214 2074 101
248 2022 314 2074 1111
341 2034 433 2094 super
465 2015 541 2076 alias
574 2015 739 2090 ecclesias,
772 2014 879 2074 saltem
909 2013 1074 2097 Graeciae,

153 2095 267 2157 ultrum
291 2105 388 2174 essct,
420 2097 503 2177 quod
532 2097 701 2157 canonicae
729 2094 849 2176 poenae
870 2116 931 2156 101
956 2097 1073 2178 obliga·

152 2178 226 2239 bant
248 2180 402 2256 Graecos,
424 2183 501 2241 sicut
524 2198 683 2240 1101110
706 2180 857 2260 obligent.
878 2182 905 2238 si
928 2181 980 2259 qui
1004 2189 1075 2241 sunt.

154 2261 331 2339 Christiani,
361 2283 422 2323 non
445 2263 572 2324 subiecti
595 2262 716 2340 Papae,
747 2265 828 2322 utin
851 2263 980 2339 Turcia,
1001 2264 1074 2324 Tar·

152 2347 239 2423 turia,
261 2345 397 2406 Livonia.
436 2346 499 2407 Illis
515 2365 595 2425 ergo
619 2344 703 2405 nulla
723 2347 847 2405 istarum
870 2345 1074 2425 indulgentia-

151 2447 217 2488 rum
241 2436 288 2487 est
309 2432 498 2505 necessaris,
531 2429 584 2488 sed
607 2435 723 2487 tantum
756 2430 785 2487 in
816 2427 889 2488 orbe
911 2428 1073 2490 Romanae

152 2510 304 2570 ecclesiae
326 2514 509 2574 constitutis.
553 2511 584 2571 Si
607 2528 681 2588 ergo
703 2513 779 2570 istos
801 2512 888 2570 vivos
910 2529 973 2571 non
999 2511 1070 2573 obli·

152 2601 248 2672 gant,
271 2595 365 2654 multo
396 2595 494 2654 minus
526 2602 679 2670 mortuos,
709 2596 760 2671 qui
790 2593 846 2652 sub
869 2593 952 2654 nulla
976 2595 1072 2655 eccle·

152 2677 200 2736 sia
222 2684 300 2737 sunt.
714 2702 717 2707 ·

438 2858 656 2918 Conclusio
679 2857 784 2916 XXIll.

232 3003 264 3064 Si
298 3005 440 3064 remissio
474 3003 536 3062 ulla
568 3005 703 3062 omnium
738 3005 865 3063 omnino
900 3020 1071 3081 poenarum

150 3093 256 3169 potest
278 3087 367 3146 alicui
391 3086 471 3161 dari,
495 3092 608 3145 certum
632 3093 767 3145 1111111
791 3104 851 3145 1101
877 3086 934 3144 nisi
957 3087 1072 3166 perfec·

151 3169 285 3245 tissimis,
307 3170 336 3228 id
361 3178 416 3246 est,
440 3169 632 3247 paucissimis
656 3168 729 3227 dari.

234 3253 321 3311 Hanc
342 3253 380 3311 de
401 3252 509 3331 poenis
533 3252 668 3310 omniurn
691 3269 836 3331 generum
860 3250 1019 3330 intelligo,
1042 3258 1072 3311 et

150 3335 196 3394 sic
217 3353 340 3413 assero,
373 3353 442 3394 uam
468 3333 557 3413 quod
572 3335 711 3393 remissio
733 3333 962 3413 poenitentialis
986 3338 1070 3395 satis·
1160 3348 1163 3413 ξ

150 3417 291 3478 factionis
312 3419 409 3497 possit
432 3418 596 3495 unicuique
619 3416 698 3491 dari,
721 3435 781 3476 non
806 3425 849 3476 est
874 3416 1017 3493 dubium,
1040 3426 1071 3477 ut

153 3501 227 3562 satis
250 3507 296 3560 est
319 3501 441 3561 dictum.
484 3499 549 3559 lmo
579 3499 659 3558 hanc
687 3500 915 3561 conclusionem
950 3501 1070 3579 corrigo

151 3591 183 3643 ct
205 3582 285 3656 dico,
308 3584 390 3663 qnod
412 3602 536 3663 prorsus
558 3580 657 3654 nullis,
680 3583 744 3641 sive
762 3583 991 3662 perfectissimis
1008 3585 1070 3643 sire

153 3667 349 3746 imperfectis,
372 3672 473 3748 potest
494 3665 558 3725 dari
582 3666 716 3724 omnium
740 3684 908 3744 poenarum
920 3667 1069 3726 remissio.

152 3747 242 3825 Quod
266 3750 375 3830 probo,
397 3768 479 3826 nam,
501 3748 572 3808 licet
591 3747 819 3828 perfectissimis
837 3748 920 3808 Deus
944 3767 1007 3809 non
1029 3751 1068 3808 in·
