2356 4200
35 235 186 325 ‘m
394 259 813 329 ummma

123 448 194 493 uem
226 428 325 491 huius·
348 430 483 495 nominis
502 429 719 508 Paenitentia,
752 429 804 493 ubi
828 432 944 495 miserti
975 450 1050 511 ocu-¹

123 513 317 575 scientiarum
328 513 488 576 multarum
508 512 747 592 carnificumque
757 513 950 594 illorumqui
961 533 1049 595 puae

124 597 220 675 ceptis
241 593 368 657 infinitis
391 596 569 675 eisdemque
581 595 825 676 importabilibus
847 597 972 659 modum
995 597 1049 661 do

77 683 81 690 '
124 686 195 741 cent
220 683 270 754 (ut
288 686 420 757 vocant)
450 679 634 756 confitendi,
664 687 695 740 ta
724 679 807 740 velut
833 701 853 742 a
873 681 965 742 coelo
998 699 1051 743 ao-

123 769 247 824 nantsm
269 765 464 843 excepimus,
486 762 570 842 qnod
592 764 787 844 poenitentia
809 783 883 825 vera
903 783 968 825 non
990 771 1050 843 ast,

123 846 182 908 nisi
204 865 283 926 quae
304 846 343 907 ab
366 865 472 908 amore
492 847 627 908 iustitiae
648 853 680 906 et
701 846 759 907 Dei
780 846 906 927 incipit,
935 853 967 909 ot
986 847 1050 909 hoo

125 946 195 993 esse
216 930 319 1012 potius
341 930 523 1008 principium
545 929 765 1008 poenitentiae,
787 929 869 1009 quod
892 930 956 993 illis-
978 928 1048 993 linia

124 1018 156 1072 et
177 1013 404 1075 consummatio
427 1019 578 1075 censetur.

134 1159 137 1164 ,
205 1094 314 1159 Haesit
338 1094 400 1156 hoc
428 1096 555 1157 verbum
582 1102 666 1156 tuum
698 1096 729 1157 in
762 1115 812 1156 me
829 1096 909 1157 sicut
936 1096 1049 1176 sagitta

124 1178 259 1258 potentis
287 1184 394 1255 acuta,
429 1180 582 1259 coepique
611 1178 759 1258 deinceps
780 1197 848 1239 oum
882 1179 1049 1259 scripturis,

124 1263 347 1341 poenitentiam
368 1261 566 1341 docentibus,
595 1261 744 1324 conferre.
787 1261 828 1322 Et
849 1281 924 1324 uoce
944 1264 1048 1323 iuouu·

124 1342 284 1407 dissimum
310 1345 433 1424 ludum,
462 1345 558 1408 verba
578 1344 713 1424 undique
744 1345 819 1407 mihi
841 1345 1050 1422 colludebant,

125 1428 279 1508 planaque
300 1429 370 1489 huic
391 1431 564 1490 sententiae
582 1427 761 1489 arridebant
788 1435 820 1489 et
847 1426 1048 1505 occultabant,

123 1513 176 1588 ita,
198 1519 232 1573 ut
252 1531 321 1575 cum
343 1513 427 1592 prius
450 1531 511 1573 non
534 1512 623 1573 luerit
644 1511 740 1573 ferma
760 1513 963 1593 inscriptura
984 1518 1048 1573 tola

125 1595 258 1657 amarius
288 1596 361 1663 mihi
390 1595 516 1657 verbum
534 1613 635 1673 >quam
664 1596 856 1674 poenitentia
886 1595 982 1668 (hcet
1002 1613 1047 1659 se

125 1676 198 1739 dolo
229 1681 321 1742 stiam
351 1697 454 1743 coram
477 1679 544 1739 Deo
567 1678 759 1756 simularem,
781 1686 813 1741 et
833 1677 939 1740 catum
960 1696 1048 1743 com

125 1769 249 1843 tumque
275 1781 415 1833 amorem
449 1763 621 1841 exprimere
656 1767 824 1840 conarer),
859 1782 942 1824 nuno
971 1759 1049 1831 ‘nihil

123 1847 240 1912 dulcius
263 1853 315 1909 aut
342 1846 458 1925 gratius
486 1844 559 1905 mihi
585 1851 695 1922 sonet,
722 1863 813 1924 quam
842 1847 1048 1925 poenitentia..

125 1931 172 1992 lta
191 1931 271 1992 enim
294 1928 474 1993 dulcescunt
494 1935 660 2007 praecepta
679 1928 760 2006 Dei,
782 1928 908 2007 quaudo
930 1949 995 1991 non
1015 1929 1046 1991 in

124 2015 209 2077 lihris
231 2019 370 2089 tontum,
391 2011 451 2072 sod
468 2012 501 2070 in
521 2010 699 2073 vulneribus
720 2010 888 2081 dulcissimi
910 2012 1048 2077 &lusto

127 2099 168 2159 ris
190 2095 324 2177 legenda
345 2094 554 2174 intelligimus.
611 2121 616 2157 ε
988 2137 990 2143 -

207 2181 283 2241 Post
302 2179 382 2241 haec
402 2179 549 2255 accessit,
566 2176 661 2256 cuod
683 2178 789 2241 studio·
808 2187 840 2237 et
860 2179 961 2258 gratia
982 2198 1045 2241 oru-

127 2263 346 2324 ditissimorum
367 2262 524 2337 virorum,
547 2260 597 2338 qui
620 2261 709 2321 nobis
732 2260 853 2321 Graeca
875 2267 906 2320 et
927 2261 1047 2325 Ebraea

127 2346 351 2412 officiosissima
375 2344 521 2418 tradunt,
545 2343 654 2420 didici,
677 2342 758 2403 idem
781 2344 906 2405 verbum
930 2343 1047 2407 Graece

126 2420 289 2511 ceadicta
313 2427 382 2505 diei,
405 2443 423 2486 a
444 2424 527 2508 μετά
550 2433 581 2485 et
602 2431 703 2505 νοεῖν,
726 2428 755 2487 id
780 2434 847 2505 est,
878 2444 898 2486 a
924 2434 1048 2507 postet

126 2521 276 2584 mentem,
310 2518 344 2575 ut
366 2512 408 2570 sit
436 2511 627 2589 poenitentia
656 2528 709 2569 seu
738 2509 899 2591 μετάνοια
927 2512 1046 2592 resipis·

126 2598 244 2673 centia,
271 2602 302 2655 et
327 2600 399 2674 post
420 2601 580 2672 acceptum
603 2592 748 2653 damnum
771 2601 802 2653 et
824 2594 981 2673 cognitum
1005 2613 1046 2654 er·

95 2745 104 2751 ¹
126 2699 246 2757 rorem,
269 2677 473 2756 intelligentia
499 2676 544 2735 sui
567 2677 656 2758 mali,
686 2676 768 2754 quod
791 2678 857 2735 sina
880 2679 1046 2739 mutatione

125 2762 252 2823 affectus
294 2770 324 2821 et
367 2760 479 2819 amoris
523 2758 588 2818 fieri
622 2765 670 2818 ast
706 2759 907 2840 impossihile.
962 2760 1045 2836 Quae

127 2847 230 2906 omnia
255 2844 402 2931 Paulinae
424 2842 601 2929 theologiae
623 2843 668 2914 ita
687 2842 878 2924 respondent
897 2852 988 2923 apte,
1017 2852 1046 2904 ut

126 2929 200 2989 nihil
233 2929 328 2988 terme
360 2927 459 3005 aptius
480 2924 607 2984 Paulum
643 2924 795 2987 illustrare
829 2927 948 3005 possit,
979 2947 1044 2988 meo

126 3013 235 3074 saltem
256 3009 379 3071 iudicio.
420 3009 560 3089 Denique
581 3010 696 3088 profeci
719 3018 751 3070 et
773 3009 844 3086 vidi,
865 3010 1046 3089 μετάνοιαν

125 3114 189 3160 nou
211 3093 305 3156 modo
327 3112 347 3153 s
369 3100 440 3172 post
462 3099 493 3153 et
515 3101 658 3168 mentem,
682 3093 737 3153 sed
757 3113 775 3152 a
802 3100 886 3152 trans
909 3101 941 3154 et
963 3114 1046 3157 msu-

125 3186 186 3239 tem
210 3197 304 3258 posse
326 3176 435 3239 deduci
461 3176 518 3246 (sit
539 3194 614 3235 sane
629 3175 816 3249 violentum)
842 3177 1045 3258 utpasolvom

125 3260 410 3323 transmutationem
434 3260 544 3319 mentis
567 3265 597 3318 et
619 3257 745 3318 affectus
768 3258 935 3340 significet,
965 3259 1044 3340 quod

126 3348 188 3405 non
212 3343 308 3404 modo
325 3341 458 3402 allectus
483 3342 692 3418 mutationem,
715 3341 770 3401 sed
793 3350 824 3402 et
836 3343 964 3403 modum
986 3364 1045 3404 mu·

127 3427 227 3506 tandi,
248 3425 280 3486 id
303 3432 364 3502 est,
387 3428 515 3505 gratiam
537 3424 594 3484 Dei
618 3423 779 3486 videbatur
799 3427 925 3506 spirare.
971 3427 1045 3488 llam

126 3513 269 3572 transitus
290 3509 343 3568 ille
367 3509 492 3587 mantis,
521 3508 637 3584 idest,
665 3508 823 3569 verissima
844 3511 1045 3588 poenitentia,

126 3593 342 3654 celeberrimus
374 3598 421 3651 est
449 3593 479 3650 in
515 3593 609 3650 sacris
631 3590 745 3667 literis,
776 3599 809 3651 ut
837 3611 928 3671 quem
950 3595 1046 3674 phase

126 3676 202 3740 illud
225 3683 378 3741 vetustum
401 3673 475 3735 olim
504 3673 709 3755 significavit,
728 3674 875 3749 ‘Christus
898 3677 1045 3757 exhibuit,

123 3767 156 3823 et
176 3759 271 3845 longe
304 3763 376 3820 ante
397 3757 552 3818 Abraham
582 3776 705 3837 quoque
727 3756 883 3838 figuravit,
921 3760 1046 3839 quando
