2356 4200
208 288 272 358 134
536 290 688 344 Sermones
704 285 813 344 lutheri

209 461 261 524 vel
276 458 453 538 tribulatio,
475 477 556 539 quae
575 459 674 519 Deum
698 456 869 536 abscondit,
892 459 1016 537 oportet
1040 452 1128 533 scire,

210 545 358 625 quoniam
380 560 442 603 uon
464 561 520 623 per
539 543 618 603 haec
638 542 721 602 Deus
743 547 890 619 mutatur,
922 559 942 600 a
968 538 1129 599 voluntate

208 632 241 688 ct
280 627 419 689 bonitate
459 644 535 685 sua:
574 630 605 686 et
644 625 688 685 sic
721 642 828 686 securo
860 643 893 684 se
925 623 994 701 quis
1025 626 1130 701 potest

207 710 319 770 inferre
340 710 371 769 in
392 707 621 769 tribulationem
653 714 684 767 et
716 714 847 768 mortem
875 705 1045 766 certissime
1073 702 1129 764 sci·

209 812 275 872 ens,
297 792 379 872 quod
401 791 457 852 sub
485 796 664 852 transeunte
685 797 785 852 morte
811 798 842 852 et
867 787 1066 851 tribulatione
1087 787 1128 847 la·

209 882 255 937 tst
276 882 309 936 ct
336 876 491 935 invenitur
523 875 587 934 vita
619 879 651 934 et
679 892 742 953 pax
772 873 908 950 stabilis,
942 890 1022 951 quae
1043 870 1127 932 Deus

209 963 265 1022 est.
287 958 366 1018 Nam
384 977 424 1018 ex
440 956 551 1017 eadem
568 976 662 1017 causa
676 956 781 1017 docuit
793 975 850 1018 nos
873 973 962 1016 orare
978 954 1127 1017 Oratio·

209 1059 291 1103 uem
314 1041 567 1116 dominicam,
590 1059 670 1119 quae
691 1040 871 1120 plenissime
898 1039 1037 1098 continet
1065 1053 1127 1098 om·

210 1124 267 1186 nes
293 1123 507 1185 tribulationes
536 1129 659 1183 nostras
684 1130 715 1183 ct
736 1130 784 1183 est
807 1138 897 1182 cruce
914 1118 1127 1199 refertissima,

209 1205 265 1268 sod
292 1208 363 1286 quia
390 1225 454 1266 non
482 1205 681 1285 intelligimus
710 1224 778 1265 eam
806 1212 946 1284 tempore
963 1203 1127 1282 felicitatis,

102 1289 105 1293 ’
209 1289 281 1352 ideo
306 1291 385 1350 sicut
405 1289 509 1369 pueris
532 1279 676 1368 exempla
691 1289 864 1370 regularum
887 1289 1007 1365 dantur,
1033 1285 1080 1346 ita
1098 1291 1129 1346 ct

209 1376 277 1453 ipse
303 1372 392 1433 uobis
425 1371 592 1452 practicam
633 1377 665 1431 et
693 1372 837 1452 exempla
877 1362 1011 1451 praebet
1037 1386 1128 1449 super

203 1456 300 1537 „Pater
320 1461 440 1531 noster,
472 1460 520 1531 et,
548 1460 582 1514 ut
602 1455 727 1515 iuristae
749 1454 867 1532 dicunt,
895 1471 985 1513 casus
1011 1451 1043 1512 in
1070 1459 1142 1513 ter·-⁴

210 1539 308 1598 minis.
352 1537 464 1612 Quanti
497 1538 578 1596 enim
611 1544 698 1615 sunt,
734 1538 786 1617 qui
815 1535 978 1598 attendunt
1005 1534 1126 1596 tribula·

209 1622 326 1698 tiones,
358 1621 390 1680 iu
419 1619 528 1698 quibus
558 1639 612 1680 cor
643 1638 713 1680 csse
741 1621 867 1700 propria
893 1636 1000 1680 eorum
1028 1619 1125 1679 oratio

210 1709 348 1780 testatur,
370 1703 443 1763 licet
463 1701 575 1762 surdis!
618 1703 712 1782 Igitur
739 1703 866 1782 promisi
895 1702 1021 1763 brevem
1051 1702 1126 1761 dus

210 1781 282 1846 dem¹
302 1784 553 1864 declarationem,
577 1792 610 1845 ut
631 1784 671 1846 sit
692 1787 855 1864 unicuique
876 1784 915 1845 ad
938 1800 1064 1844 manum
1077 1799 1126 1845 oc·

209 1869 293 1928 casio
315 1867 494 1948 profundius
516 1867 683 1928 meditandi
713 1874 745 1928 et
772 1866 879 1929 orandi
903 1884 942 1928 ao
962 1868 1008 1927 sic
1027 1867 1125 1927 Deum

210 1948 359 2031 diligendi
397 1957 429 2010 et
459 1949 669 2028 desiderandi,
704 1951 905 2031 prolixiorem
940 1949 1066 2011 daturus
1096 1950 1127 2009 in

209 2052 295 2094 suum
319 2041 447 2113 tempus.

290 2116 426 2176 Dicimus
454 2115 588 2195 itaque,
608 2116 722 2176 Pater
749 2122 902 2189 noster,
936 2115 999 2195 qui
1028 2131 1071 2177 es
1091 2115 1127 2175 in

210 2196 357 2260 coelia-
385 2198 444 2340 Hpc
465 2217 521 2278 ne,
553 2205 586 2260 ut
605 2199 684 2276 dixi,
715 2217 838 2279 semper
864 2198 958 2260 homo
991 2196 1127 2258 sterilem

208 2283 293 2342 vocis
316 2301 407 2361 super
431 2282 507 2342 ciem
531 2289 634 2343 verset
659 2284 690 2342 in
713 2301 784 2357 ore,
818 2300 942 2341 sensum
972 2280 1067 2342 debet
1097 2280 1128 2340 in

209 2364 302 2424 corde
324 2381 480 2442 quaerere,
504 2371 536 2424 et
555 2367 718 2461 proposito
740 2364 862 2445 singulo
891 2363 987 2425 verbo
1016 2363 1128 2440 dicere,

208 2465 303 2526 quare
324 2447 369 2506 sic
389 2447 487 2506 voluit
509 2447 596 2507 dior?
618 2448 668 2525 Ut,
697 2466 792 2526 quaro
819 2455 908 2527 pater
930 2453 962 2507 et
982 2465 1045 2507 nou
1067 2446 1128 2506 Do·

208 2530 317 2607 miuus,
338 2547 403 2588 non
424 2529 527 2607 iudex,
550 2549 612 2591 non
635 2550 699 2609 rex,
720 2549 784 2591 uon
807 2531 941 2607 denique
959 2527 1128 2590 sacerdos?

208 2619 241 2671 ut
262 2611 381 2671 scilicet
402 2613 565 2672 erubescas
592 2615 624 2673 in
646 2620 677 2673 te
704 2612 829 2691 dicens,
856 2632 930 2672 vere
951 2612 997 2672 Tu
1030 2616 1127 2692 pater,

208 2693 263 2753 sed
285 2712 347 2754 non
371 2712 430 2775 ego
453 2694 542 2772 iilius,
564 2696 615 2756 vol
637 2695 709 2756 fllia.
732 2697 842 2756 Fecisti
865 2697 947 2780 enim
968 2713 1034 2772 me,
1075 2693 1128 2754 dc-

207 2776 278 2837 disti
298 2778 409 2854 vitam,
445 2797 567 2838 sensum
591 2786 622 2839 et
643 2780 747 2839 omnia
767 2778 850 2838 bona
871 2785 1033 2857 utsupra,
1071 2774 1126 2837 scd

207 2859 285 2919 heul
319 2859 476 2939 quomodo
500 2879 559 2941 ego
587 2861 634 2922 his
663 2861 804 2921 omnibus
826 2879 892 2920 sum
914 2861 1037 2921 abusus.
1081 2858 1129 2919 Ao

208 2942 304 3002 sicin
326 2943 388 3004 isto
410 2944 535 3002 nomine
558 2944 649 3004 Pater
671 2943 850 3004 aedificatur
881 2944 965 3002 scala
992 2943 1048 3003 illa
1075 2942 1127 3002 du-

207 3024 295 3103 plicis
318 3026 531 3098 confessionis,
555 3045 616 3104 qua
637 3045 691 3087 cor
713 3025 880 3087 attenditur
902 3032 933 3087 et
954 3024 992 3085 ad
1016 3025 1127 3086 coutri-

207 3108 324 3168 tionem
352 3109 398 3167 sui
421 3109 638 3187 certissimam,
670 3115 704 3169 ut
732 3110 772 3169 sit
799 3109 945 3170 idoneum
968 3125 1057 3169 orare
1080 3125 1126 3169 sa·

207 3191 341 3268 quentia.

289 3272 391 3333 Primo
419 3292 493 3354 ergo
528 3275 656 3354 petitio,
690 3274 961 3335 sanctificetur
988 3290 1125 3332 nomeu

206 3360 322 3415 tuum.
344 3356 488 3416 Essentia
507 3356 565 3417 Dei
587 3359 617 3416 iu
640 3358 736 3417 coelis
760 3365 815 3435 est,
846 3357 899 3417 sed
922 3374 1035 3416 nomen
1060 3356 1126 3416 eius

207 3439 300 3497 etiam
322 3438 353 3497 in
377 3441 475 3516 torris,
497 3439 568 3500 ideo
591 3439 799 3500 sanctificatur
820 3459 934 3500 nomeu
957 3440 1033 3516 sius,
1061 3455 1124 3499 uon

206 3523 351 3598 essentia,
373 3538 453 3599 quae
475 3524 577 3601 potius
610 3522 782 3583 sanctificat
808 3525 926 3600 omnia,
954 3539 1016 3582 non
1040 3520 1125 3600 quod

206 3610 237 3663 et
264 3622 377 3667 nomeu
401 3613 540 3664 sanctum
563 3624 625 3665 non
648 3607 688 3665 sit
713 3607 743 3665 in
774 3625 808 3666 ss
833 3607 917 3685 ipso,
951 3604 1006 3664 sed
1042 3603 1125 3682 quod

205 3704 265 3745 non
289 3693 395 3756 sancte
417 3686 546 3748 habetur
567 3708 586 3747 a
608 3688 713 3766 nobis,
748 3691 827 3749 sicut
849 3688 1125 3766 sacrae-reliquiae

193 3769 228 3826 r'n
255 3788 292 3828 se
312 3776 442 3831 sauctae
466 3777 555 3853 sunt,
590 3778 723 3854 possunt
748 3779 854 3835 tumen
877 3790 987 3853 parum
1015 3778 1124 3833 sancte
