2356 4200
166 302 236 370 ’164
420 303 617 362 Reaoiutiouea
635 303 745 376 Disput.
763 304 842 360 Lutir.

160 475 272 536 -statim
311 472 445 540 evolare.
500 475 577 536 Onrn
605 473 681 536 nihil
713 475 752 534 sit
782 474 881 540 maius
915 471 1091 534 voluntaria

161 565 269 618 morte
289 564 417 638 propter
427 558 525 620 Deum
548 565 701 639 suscepta,
724 575 799 639 ergo
820 556 931 627 frustra
951 573 1089 616 oenones

169 639 242 701 illua
266 648 471 704 reservantur.
524 641 621 702 Huius
656 641 826 701 sententiae
860 645 931 700 snut
955 637 1088 699 Vuiihol.

169 721 259 866 Parlh.
281 725 329 866 *d),
352 722 483 805 Gerson,
505 732 536 787 et
558 725 695 805 sequitur
716 742 771 784 eos
792 741 855 784 non
872 719 1090 784 irrationabilis

169 823 221 867 mu
235 807 291 866 titu
315 825 345 868 o.

252 887 440 968 Undeoimo‚
475 891 501 950 si
530 908 613 950 mors
639 889 714 949 satis
742 906 909 968 poenarum
939 906 1002 948 non
1033 893 1092 966 est,

170 973 228 1032 uisi
250 980 388 1034 mortuus
410 982 441 1034 et
454 973 690 1051 oenonesierat,
712 989 787 1052 ergo
814 989 966 1032 oanonum
987 987 1093 1050 poena

170 1055 268 1116 maior
280 1057 338 1116 erit
358 1057 465 1117 mortis
486 1074 599 1136 poena,
622 1057 735 1134 quippe
761 1072 840 1133 quae
858 1053 938 1114 ultra
958 1061 1090 1114 mortem

170 1134 1091 1217 (innatetfietiniuriamortiChristianorum‚dequadioturn

169 1217 305 1298 est**):1
318 1220 457 1282 Pretiosa
476 1221 507 1280 in
530 1229 699 1301 eonspeotu
713 1219 838 1280 Domini
859 1238 942 1281 mors
965 1224 1090 1280 sanato-

168 1321 236 1363 rum
257 1322 334 1365 erus.

250 1384 458 1463 Duodeoimo‚
481 1383 565 1467 tinge
586 1392 783 1466 peecatorem
803 1385 885 1465 rapi,
906 1390 938 1446 et
960 1385 992 1446 in
1014 1384 1087 1464 ipsa

170 1467 366 1530 confessione
389 1467 500 1528 Christi
528 1469 631 1528 statim
653 1468 755 1529 subire
777 1468 973 1548 martyrium,
1003 1471 1091 1527 ante·

169 1566 262 1631 quarn
284 1550 454 1613 canonibus
476 1552 625 1611 satiateoit
649 1556 700 1627 (ut
720 1549 760 1611 de
780 1550 812 1612 S.
826 1550 986 1612 Bonifatio
1011 1567 1091 1609 mar·

170 1640 238 1714 tyre
259 1631 405 1717 legitur),
431 1633 512 1693 huno
541 1652 615 1714 ergo
647 1633 849 1705 remorabitur
869 1632 1089 1714 purgatorium,

170 1735 210 1777 na
231 1717 272 1776 sit
292 1735 362 1777 oum
383 1715 531 1777 Christo?
551 1715 592 1777 Et
611 1714 674 1792 fiet,
697 1723 731 1776 nt
752 1721 856 1777 oretur
875 1733 932 1796 pro
954 1720 1091 1859 martire

168 1800 201 1860 in
222 1797 378 1864 eeclesia?
411 1799 453 1859 At
474 1799 574 1860 omnis
595 1799 768 1860 voluntarie
790 1799 925 1860 moriens
948 1795 1006 1881 (de
1051 1815 1092 1857 oe

170 1882 252 1942 enim
273 1881 416 1962 loquitur,
438 1879 470 1942 id
492 1888 548 1961 est,
567 1880 606 1942 de
627 1880 819 1960 Christiano)
844 1882 935 1943 stiam
957 1892 1015 1961 pro
1037 1897 1093 1940 ro·

166 1961 291 2044 juntate
312 1964 371 2026 Dei
392 1965 528 2028 moritur.
649 1984 652 2000 ·

252 2044 356 2109 Tertio
390 2046 528 2126 deoinro,
562 2066 616 2107 our
641 2065 705 2108 nou
726 2046 832 2107 civiles
858 2064 982 2125 quoque
1003 2044 1092 2126 legas

169 2136 243 2210 post
272 2138 403 2191 mortem
431 2137 558 2190 manent
578 2129 769 2209 solvendae,
797 2147 866 2196 oum
896 2135 928 2189 et
945 2129 1035 2209 ipsae
1056 2125 1091 2187 li·

193 2220 246 2274 ent
268 2231 371 2274 eoram
388 2213 456 2274 Deo
479 2214 562 2273 etin
586 2212 700 2290 ooelis,
721 2230 785 2273 non
806 2231 862 2272 suu
883 2213 1012 2289 virtute,
1035 2209 1093 2272 sed

171 2231 294 2373 guast,
316 2302 348 2357 et
368 2295 581 2376 apostolorum
593 2295 674 2369 Petri
695 2302 727 2356 et
748 2294 832 2356 Pauli
846 2293 935 2373 m),
958 2295 1010 2373 qui
1033 2300 1092 2353 tre-

171 2377 247 2439 dunt
268 2380 452 2458 exanimo,
480 2384 512 2438 et
538 2386 667 2458 propter
695 2378 916 2446 oonsoientiem
938 2375 999 2436 illis
1021 2375 1092 2437 aub-

170 2462 221 2522 iioi
243 2479 261 2522 o
286 2469 396 2540 orters,
418 2462 490 2541 quia
510 2462 556 2521 sio
578 2468 627 2522 est
646 2460 789 2524 voluntas
810 2460 893 2521 Dei?

253 2480 369 2619 (Eueno
391 2543 537 2621 decimo,
565 2562 702 2604 oenones
725 2549 869 2620 cessant,
891 2540 1015 2622 quando
1028 2539 1092 2600 ·lai-

171 2646 225 2690 oua
247 2628 409 2708 poenitens
431 2634 529 2687 mutat
541 2634 663 2705 statum,
685 2627 804 2687 soilioet
823 2626 854 2685 in
873 2623 1092 2700 sacerdotium,

171 2716 225 2770 aut
246 2708 393 2772 saoerdos
413 2710 444 2769 in
467 2710 699 2790 episeopatum,
725 2716 778 2769 aut
803 2709 835 2768 in
863 2706 1093 2769 monachatum.

83 2828 84 2831 κ
172 2792 213 2854 ut
245 2793 323 2853 haeo
344 2793 476 2855 'oessatio
498 2790 533 2852 fit
553 2793 585 2852 in
606 2793 666 2853 hae
685 2793 764 2870 vita,
795 2799 827 2851 et
853 2810 916 2852 non
938 2796 1042 2850 oessat
1061 2789 1092 2849 iu

175 2876 346 2936 mutatione
368 2874 495 2935 mortis?
538 2874 618 2950 Quid
641 2873 826 2935 absurdius?

255 2957 370 3033 Quinto
392 2957 529 3036 decimo,
559 2956 643 3038 quod
664 2958 733 3018 talis
755 2957 908 3017 sententia
941 2954 980 3016 de
1002 2970 1095 3014 eano-

172 3041 261 3102 nibus
283 3048 507 3122 postmortem
529 3040 686 3102 solvendis
707 3059 832 3121 prorsus
861 3037 978 3099 nullam
999 3035 1095 3098 habet

172 3124 366 3186 autoritatem
390 3126 568 3205 scripturae,
590 3142 742 3184 eanouum
761 3129 813 3184 aut
832 3122 961 3182 rationis
982 3118 1093 3200 proba

172 3206 263 3285 bilis,
286 3206 340 3267 sed
363 3206 482 3267 videtur
503 3207 570 3268 sola
600 3208 711 3266 inertia
732 3215 764 3266 et
784 3205 973 3285 negligentia
995 3220 1096 3263 saeer-

173 3289 280 3351 dotuns
296 3288 492 3368 introducta,
515 3291 594 3350 siout
615 3297 646 3349 et
668 3288 763 3349 multa
784 3288 846 3348 alia
868 3286 1092 3368 superstitiosa.

254 3373 383 3433 Deoimo
406 3381 517 3450 sexto,
550 3371 591 3432 ad
619 3372 680 3433 hoe
701 3371 851 3434 habemus
873 3367 1016 3450 exemplu
1041 3385 1094 3448 pa·

171 3461 251 3516 trum
272 3456 477 3534 antiquorum,
500 3462 532 3517 et
553 3462 636 3515 oerte
657 3474 735 3515 nnus
759 3452 930 3533 Cyprianus
951 3450 1003 3514 vel
1024 3450 1096 3532 n'gi-

172 3536 314 3598 dissimus
342 3538 619 3600 eeclesiastioarum
639 3555 834 3600 sensurarum
867 3543 899 3596 et
919 3533 1096 3614 disoiplina·

169 3807 205 3865 w
226 3734 254 3862 ‘1t
279 3735 454 3864 {utilzelmus
475 3735 626 3813 Barhisien.
653 3735 699 3800 ··)
714 3733 814 3787 Psalm.
828 3732 889 3788 116.
911 3729 976 3795 ω)
997 3727 1095 3782 3⁰²¹&

206 3846 213 3861 .
255 3821 319 3861 ..e
376 3847 384 3863 .
