2356 4200
468 293 499 332 e.
518 277 589 334 1518
610 277 707 333 nobis.
972 273 1035 342 223

114 445 212 508 deret.
264 446 346 507 Vere
382 447 463 507 enirn
503 448 571 527 ipse
599 446 765 528 languores
798 451 923 507 nostros
957 445 1034 507 tulit.

113 529 388 610 Ergo-iniciiibiie
414 529 464 590 hic
492 539 598 591 tenses
626 530 785 611 specuium
815 530 859 590 tui
885 529 982 608 ipsius
1001 529 1034 589 iu

114 619 230 692 mente,
253 614 310 672 nisi
332 614 415 673 enim
437 613 506 672 telis
528 632 613 674 esses
634 615 732 692 intus,
754 631 817 673 non
840 611 914 672 telis
934 628 1035 673 susce·

112 697 225 776 pissct,
261 696 372 758 frustra
404 697 486 756 enim
514 698 717 777 suscepisset,
757 694 840 775 quod
862 697 893 755 te
914 696 995 754 sciss
1014 714 1036 755 e

113 780 253 859 peccetis
278 780 338 840 tuis
365 778 522 840 toedstum
551 781 634 841 omni
666 779 814 841 foeditate
841 785 872 838 et
908 777 1034 839 omnino

112 861 347 943 mortificatum,
372 863 469 923 sicubi
497 861 582 922 ilium
610 864 746 943 inspicis.
797 861 889 922 Piors
920 861 1036 940 iteque,

112 945 188 1025 plen
212 944 287 1006 ede
308 964 358 1018 eo,
379 945 550 1009 lementsre
572 953 717 1026 superte
738 946 848 1024 ipsum.
883 943 934 1005 Sic
949 960 1035 1005 mon·

113 1034 169 1090 net
189 964 270 1088 iiiios
296 1029 486 1107 Jerusalem,
519 1029 616 1090 nolite
645 1027 720 1089 flere
746 1047 839 1107 super
871 1045 941 1105 mc,
979 1024 1036 1087 sed

113 1129 279 1190 supervos
296 1119 328 1172 et
341 1130 435 1192 super
445 1111 526 1172 filios
539 1119 669 1190 vestros,
691 1120 724 1173 et
734 1113 842 1172 iterum
857 1131 863 1170 :
885 1110 1035 1190 plsngsut

114 1213 151 1254 se
172 1213 208 1254 su
231 1213 265 1256 er
285 1214 355 1255 eum
377 1213 486 1256 omnes
509 1195 603 1255 tribus
624 1202 734 1256 terrae.
777 1193 847 1254 Non
861 1193 943 1253 enim
961 1193 1035 1253 sctis

114 1284 163 1337 est
183 1213 339 1341 cineum
361 1297 485 1358 pessum
508 1278 650 1340 obsolute
671 1279 832 1357 inspicere,
853 1275 909 1337 sed
932 1293 1034 1336 exem-

114 1359 201 1440 plum
223 1379 353 1439 sumere,
378 1362 535 1422 caritatem
557 1361 739 1440 oesiimere,
762 1360 819 1420 Dei
842 1366 873 1419 et
894 1359 941 1419 sui
962 1376 1034 1441 cog-

114 1444 265 1504 nitionem
288 1443 418 1506 haurire.
462 1443 552 1506 Unde
576 1444 610 1505 B.
632 1444 755 1504 Petrus:
790 1449 822 1502 et
847 1460 904 1505 vos
926 1441 1035 1502 sudem

112 1527 306 1606 cogitatione
338 1529 512 1607 armemini,
558 1534 605 1587 st·
625 1527 718 1587 Hebr.
753 1528 805 1588 12:
853 1525 1036 1605 Recogitate

114 1628 201 1687 cum,
230 1611 281 1688 qui
307 1610 402 1670 telem
425 1618 483 1672 eto.
527 1610 714 1671 Deberemus
742 1607 867 1688 quidem
899 1625 973 1686 nos,
1008 1609 1035 1668 si

113 1691 296 1772 dignitatem
316 1712 516 1773 per-sonorum
538 1693 779 1767 consideremus,
800 1692 910 1752 millies
923 1690 1035 1751 millius

113 1775 184 1855 pius
205 1794 296 1854 quem
318 1778 386 1857 ipsc
407 1778 573 1854 sustinere,
594 1778 667 1856 quis
687 1775 740 1836 iile
762 1775 866 1851 Deus,
902 1792 960 1833 nos
981 1792 1035 1854 pn-

113 1857 215 1920 trsdo.
257 1859 301 1919 At
321 1878 403 1920 nuuc
423 1879 479 1940 per
501 1862 697 1942 oppositum,
718 1860 769 1937 qui
792 1856 903 1916 millies
924 1855 1034 1917 millies

116 1942 219 2000 minus
240 1941 355 2018 debuit,
377 1943 488 2003 millies
510 1943 621 2003 millies
635 1943 732 2022 magis
755 1959 845 2020 qusm
867 1957 925 2000 nos
947 1940 1035 2000 susti-

113 2025 202 2102 nuit,
233 2033 266 2086 ut
297 2045 355 2086 nos
385 2027 511 2086 omnino
541 2026 715 2086 humiliaret
742 2032 773 2084 et
794 2023 833 2083 sd
854 2023 1034 2102 pauentem

113 2106 381 2168 absolutissimam
397 2110 561 2185 formaret,
595 2111 750 2186 scientes,
772 2108 917 2186 quonism
940 2124 1035 2184 quen-

114 2191 228 2250 tumvis
258 2191 408 2252 humiliati
430 2194 576 2272 passique
596 2193 759 2269 fuerimus,
782 2189 895 2251 stillam
917 2188 1034 2248 humili-

114 2274 187 2333 tstis
221 2281 253 2333 et
284 2276 451 2354 patientias
489 2277 554 2336 eius
591 2276 643 2335 vix
665 2275 861 2355 attingimus,
884 2274 947 2332 imo
971 2289 1034 2332 non

112 2357 309 2436 attingimus,
344 2377 437 2437 quum
460 2360 500 2419 sit
519 2359 605 2418 nulio
625 2359 784 2438 proportio
806 2354 884 2416 finiri
905 2354 945 2415 cd
968 2353 1035 2415 inii·

113 2441 233 2517 nitum,
255 2441 300 2500 sic
323 2440 362 2501 de
383 2441 521 2521 quolibet
541 2443 651 2502 virmte
673 2442 743 2502 slis.
787 2439 862 2514 Quis
885 2457 959 2518 ergo
980 2457 1035 2498 no·

113 2529 202 2582 verat
222 2523 305 2601 quod
331 2524 425 2586 homo
446 2525 615 2585 secundum
637 2543 761 2584 comem
784 2522 915 2600 florens,
937 2521 1035 2600 dives,

114 2613 227 2685 potens
249 2613 310 2666 tmn
333 2608 426 2668 miser
447 2615 533 2668 esset
559 2609 590 2667 in
620 2608 738 2685 enimc,
767 2614 799 2667 et
826 2614 888 2666 tem
916 2604 1036 2683 foedus,

112 2690 173 2747 nisi
195 2687 245 2748 hic
265 2690 296 2749 in
320 2691 465 2772 exemplo
489 2698 674 2752 monstraret
693 2691 777 2751 Deus
800 2690 830 2749 in
851 2689 1034 2768 semetipso

114 2778 147 2830 et
169 2772 252 2850 quod
274 2775 345 2834 sciri
369 2794 431 2834 non
453 2775 562 2854 potuit,
587 2774 670 2835 credi
691 2773 826 2834 feceret?
860 2771 930 2832 Non
952 2772 1034 2830 enim

113 2855 174 2913 nisi
197 2853 258 2914 tide
287 2859 496 2936 cognoscitur,
529 2857 609 2917 hanc
637 2875 706 2918 esse
729 2857 882 2917 miseriem
904 2855 1035 2932 enimes,

112 2955 206 3016 quem
228 2939 347 3018 ipsein
376 2959 408 3000 se
438 2939 592 3019 ostendit,
627 2949 660 3000 ut
696 2940 805 3000 Esaias
838 2937 938 2997 dicits
962 2955 1035 2997 vere

114 3021 280 3102 languores
308 3032 366 3084 etc.
420 3023 539 3084 Eodem
568 3024 661 3085 modo
691 3030 722 3083 et
750 3022 888 3102 proemio
915 3021 946 3078 in
978 3019 1034 3080 ilio

112 3122 306 3184 cognoscere
328 3113 434 3185 potes,
457 3108 529 3185 quis
550 3108 644 3167 virtus
666 3107 851 3188 praemium,
874 3108 1035 3183 peccstum

112 3204 230 3265 poene,
245 3190 336 3266 ⁸quis
374 3191 399 3249 si
439 3196 525 3249 tants
552 3191 666 3268 potitur
691 3191 842 3250 innocens
864 3188 981 3266 lignum
999 3187 1034 3245 in

112 3268 224 3347 viridi,
259 3272 331 3349 quid
363 3272 417 3332 tict
438 3267 469 3332 in
491 3272 598 3333 crido?
631 3275 734 3352 utique
755 3270 890 3332 infinitus
913 3277 961 3329 est
983 3270 1035 3348 qui

112 3352 242 3431 petitur,
276 3354 427 3415 infinitum
464 3355 607 3435 quicquid
641 3357 764 3436 potitur.
821 3355 903 3434 Ergo
936 3353 1033 3414 nihilo

113 3437 211 3516 magis
233 3436 353 3497 infinito
374 3446 477 3517 erunt,
506 3458 585 3517 quse
613 3439 664 3499 clii
692 3441 861 3518 patientur,
898 3437 943 3495 sio
968 3439 1034 3497 eius

113 3520 291 3597 praemium.
336 3521 493 3601 Scriptura
519 3540 644 3602 quoque
673 3541 731 3583 nos
764 3523 903 3582 hortetur
935 3521 1033 3601 msgis

113 3600 153 3660 ed
184 3601 327 3663 effectum
362 3605 518 3684 passionis
554 3605 667 3665 Christi
700 3624 791 3685 quem
833 3604 1034 3682 intellectum,

113 3685 185 3761 quis
205 3686 258 3744 iile
281 3685 415 3766 docebit,
437 3688 517 3749 sicut
536 3689 754 3768 scriptumest:
777 3689 889 3750 Unctio
912 3689 1033 3753 vosde·

112 3767 194 3828 eebit
217 3771 340 3830 omnis:
374 3772 479 3832 unctio
506 3778 608 3832 autem
638 3771 767 3835 effectus
795 3773 940 3853 exprimit
968 3777 1033 3857 pie·
