2356 4200
10 3808 60 3944 b

138 288 202 359 268
385 292 580 349 nonnum
598 290 705 363 Disput.
724 292 801 346 [aab.

142 466 207 546 riri,
235 484 304 527 cum
336 466 472 527 riderent
493 464 689 527 Aristotelem
711 464 750 525 ab
772 462 904 525 indoctis
926 472 958 525 et
981 463 1063 527 curi-

142 556 220 611 stum
250 549 463 631 ignorantibus
494 550 523 609 in
552 557 638 609 tantu
664 548 835 609 autoritatis
862 550 1062 611 veneratione

141 632 258 711 haberi,
279 634 348 715 ipsi,
371 642 403 692 ut
423 640 510 693 erant
531 631 636 691 humili
646 630 676 713 ¹)
721 650 823 709 sensu,
846 631 898 711 pis
919 630 1063 712 simplici·

141 724 205 776 tate
227 726 298 776 sunt
319 716 426 781 secati,
449 724 480 775 et
499 716 530 774 in
552 732 686 774 errorem
704 714 791 796 lapsi,
813 715 924 775 ceteris
935 716 1061 776 occasio

140 798 260 859 inerunt
281 805 328 859 tot
348 798 518 875 turbinum,
540 798 736 877 opinionum,
758 798 995 877 quaestionum,
1019 818 1062 859 er·
1090 842 1095 851 .

140 900 255 957 rorum,
277 883 356 941 sicut
377 882 407 940 in
430 880 630 942 Scholasticis
652 878 829 940 doctoribus
852 880 1002 943 videmus.
1023 880 1062 941 ut

142 963 225 1045 digni
246 964 372 1031 fuimus.
391 964 451 1043 ·qui
474 963 627 1025 Christum
649 961 909 1043 relinquimus2),
939 970 976 1024 ut
996 964 1062 1045 ipse

141 1064 265 1127 qnoque
286 1065 344 1106 nos
365 1046 544 1125 derelictos,
577 1047 669 1106 etiarn
690 1064 745 1125 per
770 1046 886 1105 electos
909 1063 1003 1124 suos,
1031 1048 1060 1107 in

142 1131 337 1190 occasionem
361 1128 447 1189 daret
474 1131 586 1189 erroris
615 1135 645 1189 et
674 1127 782 1188 infiniti
811 1126 935 1189 laboris.
979 1126 1063 1189 Sicut

139 1212 182 1273 ait
205 1212 235 1273 in
248 1210 421 1273 Erecb.14.
443 1211 595 1291 propbeta
618 1230 686 1271 cum
709 1213 867 1295 erraverit,
888 1220 920 1271 et
940 1210 1061 1273 locutus

140 1294 229 1355 inerit
249 1294 387 1369 verbum,
408 1312 468 1374 ego
481 1294 632 1354 Dominus
645 1292 753 1375 decepi
767 1294 949 1375 prophetam
967 1292 1061 1355 illum.

141 1376 182 1437 tut
201 1375 332 1436 ibidem:
354 1374 385 1436 Bi
400 1375 569 1437 veneritad
590 1376 773 1457 prophetam
795 1376 992 1457 interrogans
1014 1396 1062 1437 tne

142 1478 197 1539 per
225 1478 312 1535 eum,
339 1477 400 1538 ego
423 1459 573 1519 Dominus
605 1458 800 1541 respondebo
833 1460 861 1519 ei
891 1458 1061 1521 secundum

137 1540 365 1601 multitudinem
387 1541 654 1602 immundiciamm
677 1560 810 1605 suarum.

224 1622 297 1683 ldeo
320 1642 389 1684 cum
412 1626 522 1685 timore
543 1634 574 1684 et
595 1624 708 1685 iudicio
730 1624 917 1684 omniasnnt
930 1623 1063 1705 legenda

141 1714 173 1766 et
185 1705 391 1785 suscipienda,
412 1708 504 1767 ctiam
522 1707 672 1788 smagnis
687 1715 719 1766 et
730 1708 844 1766 sanctis
856 1706 928 1771 viris
940 1706 1063 1785 traditu,

142 1788 310 1849 secundum
332 1787 569 1869 apostolum*):
613 1789 725 1851 Omnia
746 1788 884 1870 probate,
905 1788 992 1868 quod
1012 1788 1062 1851 bo

143 1890 215 1930 nam
239 1877 286 1931 est
307 1879 419 1933 tenete.
463 1872 501 1931 Et
522 1870 595 1933 illud
616 1868 808 1954 lobsn.**):
848 1869 983 1932 Probata
1004 1868 1063 1953 'spi-

142 1954 235 2031 ritus,
267 1960 368 2013 utrum
389 1972 430 2014 ex
453 1953 519 2014 Deo
541 1956 611 2015 sint.
654 1953 742 2029 Quae
763 1952 892 2014 consilia
914 1954 968 2033 qui
990 1954 1063 2015 orni·

142 2038 252 2115 serint,
287 2042 319 2095 et
348 2037 378 2096 in
408 2036 563 2098 hominem
596 2036 705 2097 conlisi
725 2036 837 2097 inerint
870 2032 969 2119 (sicut
1002 2034 1060 2115 iit)

142 2120 194 2198 qui
216 2118 334 2178 dicunt:
379 2118 460 2178 Malo
488 2137 557 2180 cum
579 2118 672 2179 tantis
694 2138 810 2187 errare.
839 2136 931 2198 quem
961 2126 1062 2179 tecum

143 2208 227 2260 recte
249 2197 388 2283 sapere),
410 2201 494 2281 digni
517 2212 597 2279 sunt,
618 2220 696 2281 quos
718 2202 809 2261 etism
833 2208 1014 2263 contemnat
1034 2211 1064 2261 ct

144 2282 296 2360 relinquat
329 2282 501 2344 consilinm.
550 2283 610 2359 Qui
643 2284 723 2344 enim
751 2283 912 2343 consilium
938 2284 1063 2365 spiritus

143 2364 268 2445 spernit,
291 2384 345 2425 cur
365 2384 427 2425 non
450 2376 611 2444 spernetur
633 2366 741 2427 merito
763 2386 782 2426 s
804 2366 910 2446 spiritu
933 2365 1061 2430 consilii.

225 2446 272 2507 Its
295 2454 324 2507 et
346 2449 374 2506 in
397 2447 633 2529 indulgentiisl)
662 2449 775 2509 iactum
799 2453 860 2526 est,
889 2466 959 2508 cum
983 2448 1062 2509 vide·

143 2537 211 2589 rent
231 2531 329 2589 sancti
351 2529 506 2606 homines,
537 2530 605 2590 illas
636 2530 728 2611 vulgo
750 2539 867 2590 tantum
889 2530 990 2591 efferri
1013 2533 1063 2607 (ut

144 2611 222 2672 solet
244 2612 353 2692 vulgus
377 2612 477 2672 lacere
499 2630 620 2693 semper
646 2613 789 2673 iudicium
811 2611 929 2673 Paridis
959 2620 991 2674 et
1012 2614 1063 2675 tti-

144 2692 220 2771 dae)
244 2702 275 2754 et
296 2693 413 2755 nollent
439 2706 500 2756 tam
531 2695 607 2754 viles
639 2714 692 2755 eas
723 2695 865 2770 credere,
894 2714 953 2756 coe
976 2704 1064 2757 erunt

144 2776 193 2836 vel
214 2775 331 2856 tingere
352 2776 515 2838 honestum
539 2787 569 2838 et
583 2780 750 2859 pretiosum
767 2796 871 2838 eorum
884 2776 936 2837 iun
962 2798 1063 2839 ameu-

143 2864 218 2936 tum,
240 2859 312 2938 quis
332 2858 448 2919 nullum
471 2859 553 2920 eliud
568 2859 759 2935 occurrebat,
781 2878 839 2919 nec
854 2861 975 2941 uspiam
990 2868 1063 2923 erat.

144 2940 193 3000 Ad
214 2959 278 3001 rem
300 2943 405 3020 itaque
427 2941 600 3019 redeamus,
622 2950 652 3002 et
674 2944 812 3002 meritum
836 2942 947 3003 Christi
972 2962 1062 3023 quae·

143 3042 256 3101 mmas,
279 3031 310 3082 et
332 3023 506 3104 probemus,
529 3044 590 3084 nou
614 3044 684 3085 csse
706 3025 881 3086 thesaurum
902 3024 1062 3107 indulgen·

142 3106 273 3165 uerunt
297 3153 303 3166 .

226 3102 354 3264 Quinta,
376 3188 450 3248 nulli
472 3189 561 3249 detur
580 3190 680 3269 gratia
701 3189 909 3265 contritionis,
931 3190 1005 3269 quin
1028 3191 1063 3249 si·

144 3268 206 3329 mul
228 3270 255 3328 ci
279 3268 388 3331 dentur
409 3272 517 3331 merite
537 3270 656 3333 Gbristi.
701 3270 784 3352 Ergo
812 3278 883 3331 ante
905 3270 1063 3353 indulgeu-

143 3351 202 3411 tiss
223 3349 318 3411 habet
338 3353 514 3413 thesauram
537 3355 713 3414 merit-orum
735 3352 856 3432 Christi,
877 3360 908 3415 et
930 3354 989 3415 nisi
1011 3355 1063 3417 hs·

216 3561 248 3627 1)
269 3562 351 3617 ibid:
368 3563 496 3617 humiles
540 3563 574 3627 2)
593 3563 677 3617 ibid:
696 3563 869 3631 reliquimus.
914 3561 949 3625 3)
971 3562 1003 3617 ln
1022 3563 1063 3619 sd.

142 3632 215 3686 lan:
235 3632 271 3684 bi.
315 3632 346 3697 4)
366 3632 451 3687 ibid:
478 3632 666 3703 indulgentiis.
709 3636 742 3699 5)
763 3632 832 3687 lbid·
848 3635 989 3703 pergitur:
1009 3636 1063 3689 iam

144 3718 247 3840 emt¹)
271 3774 281 3824 t
303 3772 401 3828 'llrssu
420 3776 447 3830 5.
490 3773 539 3841 ”)
564 3773 689 3828 liuban.
709 3774 736 3830 i.
