2356 4200
560 112 569 143 d

468 304 493 347 a.
513 253 583 349 air
600 286 697 347 odra
985 279 1048 355 sor
1080 319 1089 335 r

124 455 257 519 Tantum
279 456 474 539 progreditur
487 476 631 523 nummus
645 454 771 532 laboris,
793 461 937 534 quantum
954 460 1048 521 ratra-

123 537 262 618 greditur
294 560 438 602 numerus
467 539 659 617 vocationis3
691 544 723 599 et
749 544 873 616 contra,
901 542 1047 617 quantum

121 622 319 702 progreditur
350 631 494 685 numerus
526 622 716 699 vocationis,
755 626 873 685 tantum
904 619 1048 683 minmnu

122 723 269 769 numerus
294 706 419 768 laboris.
462 705 604 772 Minimus
627 712 674 767 esi
700 722 844 765 numerus
875 702 1046 771 vocationis

121 787 153 849 h.
176 791 209 866 1,
238 788 294 849 sed
321 789 473 854 maximas
500 787 614 855 laboris
638 785 761 847 scilicet
788 787 822 864 2,
852 791 883 845 et
904 785 1046 853 minimus

123 877 172 931 est
193 891 338 935 numerus
360 871 475 935 laboris
497 871 575 933 hora
598 875 632 949 1,
660 867 715 931 sed
739 869 889 930 maximus
912 866 1046 937 vocatio·
1131 882 1136 895 ·

121 953 180 1032 nis,
203 953 322 1017 scilicet
342 957 372 1016 2.
415 953 456 1017 Et
476 955 626 1015 ternarius
648 951 820 1018 vocationis
842 949 935 1013 habet
951 967 1045 1021 nove

121 1038 241 1099 narium
263 1036 402 1099 laborem
424 1045 456 1097 et
477 1037 549 1097 huic
570 1036 739 1097 contrarius
753 1034 937 1095 novenarius
954 1050 1044 1105 voca
1155 1040 1163 1049 ’

120 1120 216 1181 tionis
243 1119 337 1185 habet
363 1121 528 1186 ternarium
556 1119 689 1197 laboris,
716 1119 795 1187 inter
827 1135 904 1196 quos
927 1113 1044 1177 medius

120 1204 260 1265 senarius
300 1204 473 1265 vocationis
512 1201 649 1282 aequalis
683 1206 731 1263 est
764 1200 885 1261 senario
919 1198 1044 1267 laboris.

122 1282 265 1366 Quinque
286 1280 479 1368 hos‘gmdus
501 1292 590 1366 putes
613 1284 745 1364 quinque
757 1302 866 1345 sensns
878 1281 1043 1347 humanum

119 1387 221 1448 genus
241 1367 423 1450 significare.

203 1450 267 1515 Sed
280 1459 366 1527 nota,
378 1450 466 1531 ‘quod
478 1451 701 1532 priminonnisi
712 1456 804 1530 pacto
817 1456 901 1513 certo
915 1446 1042 1515 denario
1073 1481 1085 1487 —

118 1532 276 1614 laborant,
308 1533 435 1597 secundi
456 1535 514 1597 etsi
537 1552 600 1599 non
622 1540 706 1593 certo
727 1532 865 1612 praemio
889 1540 922 1591 ut
943 1531 1042 1611 primi,

119 1634 183 1677 non
211 1624 315 1679 tamen
342 1619 408 1679 sine
438 1627 530 1698 pacto
558 1616 686 1697 praemii
713 1614 864 1677 laborant.
907 1612 981 1677 Ideo
1003 1610 1042 1681 de

117 1700 225 1779 primis
247 1699 372 1778 dicitur,
404 1698 487 1780 quod
518 1699 727 1763 conventione
747 1696 829 1759 facta
850 1716 889 1759 ex
911 1694 1041 1767 denario

116 1780 229 1843 diurno
258 1783 345 1845 missi
371 1782 447 1862 siot3
476 1782 507 1843 hi
536 1789 622 1860 sunt,
651 1782 702 1860 qui
724 1780 791 1843 Deo
821 1799 883 1842 non
906 1780 1042 1851 serviunt

117 1865 177 1924 nisi
198 1867 298 1945 gratia
318 1866 367 1926 sui
387 1867 484 1947 ipsius
505 1874 537 1926 et
556 1864 618 1925 hoc
641 1865 740 1944 ipsum
765 1870 849 1925 certo
872 1869 904 1933 et
919 1864 1040 1945 signato

116 1965 154 2006 ac
177 1946 277 2009 electo
300 1969 319 2008 a
341 1968 375 2008 se
416 1949 550 2024 neemia,
585 1955 617 2007 nt
639 1948 690 2025 qni
712 1955 838 2027 propter
859 1953 920 2007 tem
945 1944 1041 2017 oralia

115 2030 184 2091 Deo
208 2032 353 2095 serviunt.
395 1968 435 2093 bi
458 2033 613 2111 quianon
638 2030 734 2093 libero
757 2028 860 2106 corde,
882 1966 941 2095 seb
959 2030 1039 2109 cupi·

115 2112 213 2177 ditate
234 2115 385 2191 serviunt,
412 2113 484 2175 ideo
514 2112 670 2179 laboriosa
691 2119 738 2173 est
760 2113 804 2172 eis
826 2113 955 2173 servitus
972 2111 1040 2187 Dei,

116 2205 148 2259 et
168 2195 294 2257 difficile
318 2216 386 2262 eam
406 2199 568 2276 sustinent,
591 2197 688 2276 magis
712 2214 798 2255 suum
812 2194 928 2257 lucrum
947 2201 1039 2276 qnam

113 2278 171 2341 Dei
194 2280 383 2340 voluntatem
407 2287 590 2360 spectantes,
634 2277 691 2339 Hic
714 2287 760 2338 est
787 2277 919 2358 populus
949 2295 1038 2357 syna·

112 2381 216 2442 gogae
239 2362 429 2427 rudissimus.
465 2363 512 2425 De
530 2362 672 2423 secundis
687 2361 805 2439 dicitur,
829 2359 910 2440 quod
926 2360 1037 2423 iustum

112 2452 170 2522 est,
193 2444 273 2507 dabo
293 2446 393 2509 vobis.
421 2444 460 2507 Hi
482 2446 574 2525 paulo
598 2443 706 2506 melius
722 2441 1037 2520 confiduntnomim,

111 2526 214 2588 adhuc
246 2536 348 2592 tamen
382 2529 500 2589 lucrum
528 2535 677 2608 quaerunt
706 2536 737 2588 et
769 2546 847 2606 quae
875 2547 931 2587 sua
952 2533 1037 2605 suot3

112 2609 168 2671 sed
190 2610 252 2672 hoc
272 2612 378 2690 primis
400 2611 560 2690 meliores,
590 2610 672 2691 quod
702 2610 733 2670 id
756 2612 854 2690 ipsum
876 2611 906 2671 in
929 2631 1037 2673 manus

110 2692 236 2753 Domini
271 2701 424 2773 statuunt,
464 2713 525 2756 nou
559 2694 708 2774 eligentes
742 2713 854 2759 nomen
892 2695 1036 2772 praemii:

110 2775 167 2837 aed
189 2783 222 2863 et
239 2776 271 2836 hi
298 2785 369 2837 sunt
398 2779 586 2839 mercenarii.
629 2776 723 2836 Tertii
753 2785 785 2837 et
810 2779 908 2856 quarti
936 2794 1036 2857 neque

109 2859 150 2919 de
178 2865 282 2937 certo,
311 2879 411 2939 oeque
439 2860 477 2920 de
507 2862 624 2920 incerto
656 2859 793 2938 praemio
824 2859 1036 2940 paciscuntur3

108 2942 165 3002 sed
187 2942 325 3003 noudum
347 2943 502 3022 perfectae
522 2943 671 3005 libertatis
689 2943 784 3017 servi,
807 2961 844 3002 eo
868 2942 950 3021 quod
971 2961 1034 3006 non

109 3026 169 3085 nisi
192 3025 265 3084 iussi
290 3024 445 3096 laborent,
468 3045 530 3092 non
553 3027 596 3086 ita
617 3027 729 3105 promti
753 3033 843 3084 utcu
866 3027 930 3085 iant
951 3024 1035 3089 labo-

108 3126 179 3167 rare
202 3114 234 3167 et
254 3106 419 3170 Dominum
443 3108 566 3171 habere.
611 3107 715 3182 Quinti
744 3127 818 3168 vero
845 3045 1034 3169 bberrimum

106 3209 205 3269 genus
242 3197 273 3250 et
301 3191 433 3253 electum
468 3193 638 3270 meritoque
668 3191 805 3270 praemii.
848 3189 885 3251 Hi
919 3190 1033 3270 dicunt,

107 3272 192 3350 quod
214 3292 306 3334 nemo
328 3293 386 3334 nos
408 3274 571 3351 conduxit,
594 3276 681 3352 quasi
703 3273 854 3334 dicerent:
892 3273 918 3334 0
941 3293 1032 3354 quam

107 3355 240 3419 libenter
261 3374 475 3435 operaremur,
505 3357 646 3419 simodo
670 3355 754 3437 digni
783 3354 979 3435 haberemur,
1006 3359 1032 3417 si

107 3439 175 3516 quis
201 3437 389 3503 conduceret
409 3439 515 3502 modo.
557 3439 655 3518 Ecce,
678 3440 758 3500 sicut
779 3458 840 3499 nna
860 3440 938 3501 hora
960 3440 1031 3503 libe·

106 3520 181 3581 ralis
204 3528 236 3581 et
256 3529 398 3600 promtae
421 3524 574 3584 servitutis
596 3525 627 3583 in
653 3521 826 3584 humilitate
852 3522 922 3603 plus
950 3523 1031 3602 facit,

104 3623 197 3682 quam
228 3612 313 3665 totns
344 3605 410 3668 dies
442 3607 650 3667 mercenariae
680 3613 711 3665 et
740 3606 855 3666 invitae
877 3606 1030 3677 servitutis

104 3689 135 3746 in
158 3687 313 3766 superbia.
363 3688 442 3750 Nam
464 3686 548 3768 quod
569 3689 658 3768 primi
683 3687 805 3768 superbi
836 3688 963 3768 fuerint,
992 3708 1029 3755 ac

103 3789 191 3830 suum
214 3769 351 3843 laborem
368 3770 483 3850 aliquid
505 3771 710 3849 aestimarint,
741 3777 843 3851 patet,
876 3772 1029 3851 quianon
1112 3840 1123 3853 „
