2356 4200
356 281 391 334 sd
412 281 532 336 Monam
550 283 687 336 decimum
702 282 820 353 Repulsi.
989 280 1050 348 135
1143 245 1145 248 Α

128 456 254 530 propter
275 456 400 511 nostres
428 457 557 527 tantum
575 452 646 512 suut
668 448 851 528 'edica-rea
873 451 1050 528 siceditaa,

126 540 161 592 ut
194 532 267 592 milri
294 533 488 595 incredibile·
503 536 556 611 sit,
584 553 637 594 sas
667 535 706 596 ab
734 533 877 596 amnibus
908 533 1049 616 intelllgi.

126 615 360 696 Disputationes
384 619 466 678 enim
485 622 574 695 sunt,
595 637 664 678 nou
687 617 862 694 doctrinae,
878 637 955 678 ⁴nou
976 617 1049 701 dog*

128 705 221 776 mata,
244 698 401 760 obscurius
423 720 480 780 pro
503 719 597 778 more,
621 708 653 760 et
673 700 895 781 aenigmaticos
918 699 1049 780 ptsitt'aa

126 781 251 861 Alioqui
274 783 299 842 si
324 783 503 862 praevidere
525 785 711 865 potuissem,
744 790 827 844 certe
848 783 878 842 id
901 803 956 864 pro
981 803 1050 844 mea

126 871 214 944 parte
235 878 401 944 curassem,
423 873 457 928 ut
478 873 590 929 assent
603 866 762 942 intellectu
783 859 946 943 faciliores.

210 948 299 1007 Nunc
320 947 392 1027 quid
413 948 544 1010 faciam?
571 951 732 1020 Revocare
760 969 822 1010 uon
845 968 988 1029 possum,
1019 957 1050 1010 et

128 1031 232 1092 miram
255 1031 329 1091 mihi
351 1032 497 1093 insidiam
521 1038 561 1093 ex'
583 1052 620 1092 sa
641 1033 854 1113 instigatione
865 1032 955 1093 video
971 1052 1048 1094 cou-

127 1113 202 1190 ssari,
224 1115 336 1175 invitus
353 1117 449 1175 venio·
465 1116 495 1175 iu
509 1115 675 1196 publicum,
696 1114 1049 1196 periculosissimumque

126 1216 164 1257 aa
184 1197 300 1277 varium
336 1198 494 1277 huminum
516 1198 676 1275 iudicium,
704 1200 884 1279 praesertim
914 1218 975 1260 eu
1005 1199 1048 1260 iu·

126 1277 246 1360 doctus,
268 1278 408 1361 stupidus
430 1279 566 1362 iugenio,
587 1301 703 1343 vacuus
726 1278 915 1377 eruditione,
934 1219 1048 1365 {ciuile

126 1369 233 1424 nostro
255 1361 472 1425 florentissimo
494 1362 616 1440 secula,
639 1361 721 1444 quod
742 1362 798 1446 pra
822 1384 878 1452 spa
898 1385 929 1426 ru
952 1360 1048 1441 litenis

127 1450 158 1506 et
178 1445 308 1526 ingeniis
331 1445 478 1508 felicitate
504 1448 594 1507 etiam
612 1444 792 1509 Ciceronem
817 1467 930 1529 cogere
950 1447 1049 1528 pessit

126 1528 164 1590 ad
189 1529 351 1610 angulum,
381 1529 457 1591 lucis
487 1539 517 1609 et
546 1529 797 1611 publicialioqui
819 1550 883 1613 nau
902 1531 1046 1613 ignavum

125 1618 328 1692 sectatorem,
356 1612 411 1680 sed
434 1613 519 1694 ca'git
539 1613 709 1675 necessitas
741 1632 790 1673 me
812 1611 952 1686 auserem
974 1621 1047 1693 stre·

126 1714 202 1776 pere
222 1694 302 1757 iuter
324 1694 436 1761 olores.
797 1752 800 1759 .
986 1733 1000 1771 .·
1018 1734 1043 1773 3

208 1776 330 1858 ltaque,
358 1797 419 1921 pua
448 1783 479 1841 et
512 1779 598 1859 ipsos
624 1777 818 1852 adversarios
846 1778 989 1861 mitigem¹
1005 1776 1046 1853 ¹e't

126 1856 279 1923 desideria
311 1881 361 1921 mu
375 1868 475 1923 torum
508 1861 667 1942 expleam,
710 1862 816 1924 emitte
854 1880 928 1923 ecce
962 1876 1046 1931 meas

125 1960 233 2024 nugas,
254 1941 474 2006 declaratorias
490 1964 626 2007 mearum
647 1942 904 2027 disputationum,
927 1942 1045 2025 remitto

125 2033 248 2102 autem,
277 2045 337 2106 quc
367 2026 462 2089 tutior
488 2029 562 2106 sim,
593 2027 648 2091 sub
670 2027 712 2088 tui
736 2027 869 2089 nominis
892 2025 1046 2109 praesidio

126 2115 157 2171 et
186 2116 256 2171 tuae
285 2111 487 2190 protectionis
510 2109 634 2188 umbra,
668 2109 845 2181 beatissime
872 2109 979 2189 Pater,
1014 2110 1046 2185 in

125 2191 235 2272 quibus
258 2191 431 2274 intelligent
465 2213 589 2272 omnes,
618 2193 669 2273 qui
698 2192 819 2272 volent,
849 2212 940 2274 quam
972 2212 1047 2274 pure

125 2274 365 2356 simpliciterque
387 2275 628 2338 ecclesiasticam
671 2281 834 2338 otestatem
859 2283 890 2337 et
905 2295 1047 2338 reveren·

126 2359 198 2419 tiam
221 2357 352 2419 clavium
369 2361 550 2440 quaesierim
564 2366 596 2421 et
608 2297 766 2436 calluerim,
790 2359 1047 2440 simulquequam

123 2441 227 2521 inique
249 2450 281 2503 et
301 2441 378 2503 false
401 2449 518 2504 metat
545 2443 719 2505 nominibus
748 2442 915 2505 adversarii
943 2440 1047 2517 sceda,-

125 2525 233 2585 verint.
278 2522 310 2587 Si
332 2526 411 2589 enim
435 2526 504 2589 talis
528 2545 644 2605 essem,
668 2525 789 2606 qualem
812 2524 856 2587 illi
878 2544 927 2587 me
951 2523 1047 2588 videri

126 2609 267 2688 cupiunt,
289 2627 326 2668 aa
346 2627 410 2670 uon
438 2609 541 2688 potius
568 2610 673 2670 omnia
700 2606 875 2690 disputandi
902 2605 1048 2687 facultate

125 2692 207 2752 recte
230 2711 249 2751 a
270 2711 319 2751 me
342 2697 471 2755 tractata
492 2693 630 2769 fuissent,
652 2712 715 2753 nou
738 2693 889 2772 potuisset
910 2691 992 2770 fleri,
1015 2699 1048 2753 ut

123 2774 275 2837 illustriss.
306 2773 451 2855 Princeps
466 2774 637 2839 Fridericus
652 2775 812 2837 Saxoniae
829 2772 900 2853 dux,
922 2774 1048 2839 Elector

124 2857 245 2936 imperii
259 2865 327 2936 etc,
349 2857 430 2917 hanc
450 2866 569 2938 pestem
591 2859 622 2918 iu
646 2877 701 2918 sua
716 2850 907 2937 permitteret
930 2859 1048 2922 univer·

125 2940 232 3018 sitate,
263 2960 330 3000 cum
364 2941 403 3017 sit
429 2941 601 3003 catholicae
629 2948 660 3001 et
685 2940 877 3023 apostalicae
909 2941 1047 3020 veritatis

126 3043 202 3083 uuus
230 3022 319 3083 facile
348 3025 592 3102 amantissimus,
627 3042 684 3085 uec
720 3018 887 3085 tolerabilis
921 3024 1047 3097 fuissem

125 3107 196 3166 viris
219 3108 315 3166 nostri
338 3106 431 3167 studii
444 3108 601 3167 acerrimis
625 3105 911 3171 etstudiusissimis.
933 3107 1046 3170 Verum

125 3197 225 3249 actum
261 3208 337 3270 aga,
366 3189 489 3270 quaudo
520 3189 563 3249 illi
601 3190 775 3250 suavissimi
808 3189 949 3250 homines
984 3209 1046 3255 nun

124 3281 268 3333 verentur
289 3292 408 3333 meeum
434 3281 464 3334 et
485 3274 656 3353 principem
679 3280 710 3334 et
727 3274 957 3334 universitatem
981 3272 1046 3354 pari

126 3356 296 3436 ignominia
318 3355 472 3443 conficere
494 3356 606 3436 palam.

209 3439 321 3518 Quare,
343 3438 519 3500 beatissime
541 3439 651 3517 Pater,
686 3445 870 3519 prostratum
894 3459 942 3498 me
964 3439 1047 3519 pedi·

125 3523 180 3583 bus
199 3531 269 3584 tuae
291 3523 326 3583 B.
350 3521 446 3584 offero
469 3542 539 3583 cum
560 3522 702 3583 omnibus
718 3542 876 3604 quassum
892 3528 923 3582 et
936 3521 1046 3585 habeo.

126 3604 265 3685 Vivilica,
287 3604 405 3683 occide,
427 3625 516 3686 voca,
537 3625 660 3685 revoca,
682 3606 830 3688 approba,
850 3606 992 3686 reproba,
1015 3615 1049 3669 ut

124 3687 283 3770 placuerit,
305 3707 415 3751 vocem
437 3696 519 3750 tuam
543 3709 652 3750 vocem
675 3689 785 3750 Christi
813 3690 853 3749 iu>
874 3696 904 3749 te
933 3689 1046 3769 praesi-

124 3772 225 3835 dentis
244 3781 276 3834 et
296 3772 449 3851 loquentis
481 3792 660 3854 agnoscam.
714 3772 746 3836 si
779 3777 910 3836 moram
939 3773 1047 3854 merui,
