2356 4200
439 287 474 340 D.
494 288 602 342 Martini
623 287 742 342 Lutheri.
994 285 1056 353 319

212 451 271 536 52)
296 455 417 516 Bonum
441 462 507 516 erat
529 455 698 534 ccclesiae,
728 457 752 516 si
782 455 887 516 theolo
912 474 947 514 us
967 462 1056 517 natus

123 554 192 598 uon
215 537 325 599 fuisset
345 539 531 618 Porphyrius
554 559 622 599 cum
645 541 707 599 suis
730 475 962 600 universalilrus.

211 622 269 694 53)
295 621 478 682 Usitatiores
521 621 717 683 definitiones
737 622 767 699 1)
803 621 978 682 Aristotelis
1014 624 1056 683 vi-

124 702 241 764 dentur
262 711 369 784 petere
391 705 584 785 principium.

213 789 271 862 54)
296 788 346 847 Ad
376 795 477 848 actum
508 788 695 849 meritorium
718 787 792 848 satis
816 794 863 848 est
884 789 1057 849 coexisten-

125 870 172 928 tia
193 871 328 950 gratiae,
351 878 403 931 aut
426 872 629 932 coexistentia
651 870 725 930 nihil
749 878 804 946 est,
827 878 935 931 contra
954 869 1033 933 aab.

213 957 274 1028 55)
307 953 413 1015 Gratia
459 955 515 1013 Dei
560 972 714 1032 nunquam
760 953 805 1016 sic
845 955 989 1014 coexistit
1021 961 1055 1014 ut

126 1036 242 1114 otiosa,
265 1037 320 1097 sed
343 1044 390 1098 est
411 1038 507 1116 vivus,
530 1036 653 1098 mobilis
676 1041 707 1098 et
729 1056 879 1116 operosus
902 1037 1034 1117 spiritus.

213 1122 272 1196 56)
296 1119 363 1184 Nec
384 1139 439 1200 per
449 1121 507 1180 Dei
528 1120 702 1181 absolutam
718 1121 889 1199 potentiam
912 1120 977 1180 lieri
1000 1140 1053 1200 po-

126 1208 206 1281 test,
237 1209 270 1263 ut
290 1212 376 1264 actus
398 1198 628 1282 amicitiae'sit,
656 1209 688 1263 et
710 1205 809 1283 gratia
830 1203 887 1263 Dei
909 1223 1056 1284 praeseus

126 1286 266 1346 nonsit.
312 1285 427 1347 Contra
449 1286 529 1347 Gab.

215 1366 275 1451 57)
298 1369 368 1430 Nou
398 1376 501 1449 potest
521 1369 605 1429 Deus
627 1377 790 1447 acceptare
811 1369 968 1430 homiuem
991 1372 1057 1430 siue

126 1452 232 1534 gratia
253 1451 310 1512 Dei
333 1451 527 1513 iustificante.
572 1451 688 1512 Contra
709 1449 833 1514 Ocea-m.

216 1536 274 1610 56)
299 1535 478 1599 Periculosa
509 1543 557 1595 est
584 1535 662 1595 haec
691 1537 806 1595 oratio:
849 1535 913 1595 Lex
940 1538 1056 1615 praeci-

127 1619 192 1698 pit,
228 1619 310 1697 quod
331 1625 418 1693 actus
440 1620 597 1698 praecepti
620 1616 674 1677 fiat
694 1619 725 1677 in
747 1619 846 1698 gratia
866 1618 933 1681 Dei.
978 1619 1057 1680 Cou-

128 1710 179 1762 tra
202 1701 294 1769 Card,
312 1710 344 1762 et
364 1701 442 1762 aab.

217 1786 274 1861 59)
300 1784 442 1863 Sequitur
465 1805 504 1845 ex
528 1803 582 1860 ea,
605 1783 687 1862 quod
710 1785 841 1863 gratiam
863 1784 920 1845 Dei
944 1784 1058 1846 habere

129 1869 254 1928 sitiam
276 1886 358 1928 nova
380 1867 460 1928 ultra
481 1867 582 1947 legem
605 1869 737 1927 exactio

217 1953 274 2019 60)
299 1950 347 2010 Ex
370 1950 478 2010 eadem
502 1951 654 2028 sequitur,
684 1950 765 2028 quod
790 1956 876 2011 actus
899 1952 1057 2032 praecepti

132 2035 235 2114 possit
258 2032 322 2093 lieri
345 2035 411 2094 sine
432 2034 531 2114 gratia
552 2033 619 2094 Dei.

219 2119 277 2192 61)
300 2117 376 2178 Item
410 2117 560 2195 sequitur,
591 2116 672 2195 quod
702 2116 840 2178 odiosior
873 2114 926 2175 fiat
958 2118 1058 2196 gratia

132 2200 202 2277 Dei,
226 2219 317 2278 quarn
340 2200 395 2261 tuit
416 2200 468 2259 lex
490 2201 566 2278 ipsa.

217 2286 273 2354 62)
298 2282 367 2343 Non
392 2284 537 2361 sequitur,
560 2283 624 2341 Lex
648 2281 740 2343 debet
760 2283 874 2341 servari
892 2288 924 2341 et
937 2282 1056 2362 impleri

133 2368 166 2426 in
191 2367 291 2446 gratia
312 2367 379 2426 Dei.
424 2365 540 2426 Contra
561 2364 640 2426 Gab.

217 2451 273 2522 63)
300 2449 382 2531 Ergo
416 2448 539 2509 assidue
573 2455 695 2528 peccat,
734 2450 784 2526 qui
815 2455 902 2508 extra
927 2450 1056 2530 gratiam

129 2533 188 2592 Dei
212 2543 274 2609 est,
303 2551 364 2594 uon
388 2531 576 2610 occidendo,
598 2551 660 2592 nou
684 2531 892 2609 moechando,
928 2551 989 2592 555
1013 2532 1056 2592 15-

131 2614 242 2676 raudo.

215 2701 272 2776 64)
288 2692 357 2759 'sed
380 2700 530 2777 sequitur,
561 2705 685 2777 peccat,
713 2717 774 2757 555
798 2698 994 2778 spiritualiter
1015 2697 1056 2759 le-

129 2802 202 2864 gem
224 2782 392 2861 implendo.

215 2869 274 2939 65)
299 2864 503 2945 spiritualiter
530 2885 593 2924 non
617 2863 746 2939 occidit,
776 2883 837 2924 non
868 2864 1056 2943 moechatur,

130 2969 193 3010 non
217 2949 346 3025 furatur,
370 2949 419 3026 qui
443 2967 501 3007 nec
522 2949 671 3026 irascitur,
694 2966 751 3006 nec
774 2948 974 3026 concupiscit.

217 3034 275 3108 66)
300 3031 396 3091 Extra
435 3033 564 3110 gratiam
586 3032 642 3090 Dei
675 3030 754 3091 adeo
781 3030 971 3110 impossibile
999 3037 1056 3109 est,

130 3134 194 3174 uon
224 3115 333 3191 irasci,
369 3133 430 3174 nou
462 3116 681 3192 concupiscere
693 3111 744 3193 ²),
773 3121 806 3173 ut
827 3133 884 3174 nec
905 3115 936 3172 iu
959 3115 1058 3194 355115

131 3196 263 3258 satisid
285 3196 349 3256 lieri
372 3199 471 3276 possit
493 3197 531 3256 ad
555 3197 631 3276 legis
653 3196 884 3275 perfectionem.

216 3283 274 3356 67)
296 3280 533 3360 Hypocritarum
573 3288 620 3340 est
641 3281 773 3360 iustitia,
806 3299 901 3359 opere
930 3285 961 3340 et
983 3279 1056 3340 foris

130 3384 195 3424 uon
218 3364 378 3440 occidere,
401 3382 464 3423 uon
487 3364 642 3424 moechari
665 3366 723 3424 etc.
965 3432 970 3439 ³

215 3448 272 3524 66)
298 3446 422 3507 Gratiae
455 3447 515 3507 Dei
543 3454 604 3522 est,
642 3465 700 3506 nec
730 3446 965 3524 concupiscere,
998 3466 1057 3507 nec

128 3549 231 3590 rrascr.

185 3724 215 3786 l)
235 3723 266 3806 In
284 3721 330 3806 ed.
351 3721 420 3778 1530
439 3728 466 3774 ct
486 3721 568 3778 1538:
589 3721 792 3774 diffinitiones(
812 3720 844 3787 2)
866 3722 897 3774 ln
916 3721 958 3775 55.
971 3722 1057 3778 153οι

130 3810 300 3863 concupisci.
