2356 4200
462 318 488 356 a
507 299 578 360 1515
597 299 696 357 habltl.
1006 292 1048 362 73

132 472 181 534 los
202 470 385 550 salvabiles,
413 490 476 534 non
501 472 618 533 timent.
660 470 735 531 ldeo
756 469 831 530 dure
856 475 965 530 contra
994 484 1050 529 eos

125 557 215 617 Rom.
240 558 260 618 2
295 555 451 616 invehitur
486 555 662 636 apostolus:
719 553 765 613 'l'u
799 560 900 614 autem
941 570 1048 612 secun-

127 639 198 699 dum
225 638 368 699 duritiam
396 645 480 699 tuam
510 645 544 699 et
562 639 767 718 impoenitens
790 655 845 696 cor
864 635 1051 696 thesaurizas

127 723 179 783 tibi
204 723 284 792 iram
307 723 339 781 in
361 721 443 782 diem
465 722 528 781 irae
550 728 609 782 etc.
653 722 695 780 At
716 719 808 797 dicis,
841 720 902 779 iam
929 719 1052 798 saepius

125 806 231 865 audivi
253 825 275 866 a
296 810 327 865 te
349 804 430 883 dici,
462 803 545 884 quod
575 803 712 864 infernus
737 821 800 863 non
830 804 869 862 sit
889 801 1053 880 timendus,

125 908 185 949 nec
207 889 295 949 Deua
317 893 444 968 propter
465 888 629 962 infernum,
658 887 761 966 etqui
784 887 872 946 timet
891 885 1053 964 infernum,

123 970 305 1032 descendet
325 971 356 1030 in
382 989 465 1030 eum.
506 969 712 1050 Respondeo,
746 968 809 1029 dixi
840 969 931 1029 etiam
954 968 1052 1028 Deum

123 1053 320 1134 diligendum
343 1071 436 1133 super
466 1054 584 1132 omnia,
619 1055 807 1130 castitatem,
840 1051 1053 1129 humilitatem,

126 1137 331 1197 dilectionem
353 1137 486 1217 proximi
510 1143 542 1196 et
562 1143 666 1196 cetera
686 1134 844 1212 habenda,
866 1140 898 1195 et
918 1135 985 1194 sine
1006 1133 1053 1193 his

126 1220 243 1280 salvari
266 1220 423 1280 neminem
451 1238 559 1299 posse,
597 1226 629 1279 et
661 1227 764 1279 tamen
791 1220 944 1278 neminem
974 1235 1054 1295 esse,

126 1305 178 1383 qui
202 1302 284 1362 haec
304 1301 418 1362 habeat
440 1321 478 1362 eo
509 1300 624 1378 modo,
659 1320 720 1381 quo
752 1301 790 1361 ad
821 1301 950 1361 salutem
973 1298 1053 1360 sulfi-

124 1385 277 1463 ciant*),
311 1385 366 1445 sed
394 1391 614 1465 exspectantur
641 1386 671 1444 in
701 1385 802 1444 futuro
823 1403 879 1465 per
901 1383 1053 1444 Christum

129 1468 290 1530 donanda.
334 1468 380 1528 lta
411 1468 478 1528 eine
508 1469 618 1528 timore
645 1467 755 1528 inferni
784 1467 885 1528 nullus
917 1473 965 1527 est
995 1484 1055 1527 nec

127 1571 199 1612 esse
222 1551 335 1626 debet,
368 1551 427 1610 uisi
449 1552 489 1610 sit
509 1551 758 1630 perfectissimus.
801 1549 876 1611 Ideo
904 1551 1054 1610 iustorum

127 1637 222 1695 timor
255 1652 379 1713 semper
407 1640 455 1693 eat
482 1635 595 1694 mixtus
625 1635 735 1694 timore
757 1640 864 1693 sancto
888 1640 919 1693 ot
940 1632 1054 1711 servili,

127 1716 183 1777 sed
207 1715 375 1796 proliciunt
396 1715 435 1775 dc
457 1716 561 1776 servili
583 1735 705 1797 semper
726 1717 823 1798 magis
835 1717 995 1797 magisque
1014 1715 1054 1776 ad

127 1809 288 1876 sanctum,
316 1797 418 1859 donec
441 1799 516 1859 nihil
539 1800 596 1859 nisi
620 1799 718 1859 Deum
741 1802 878 1860 timeant.
921 1799 999 1859 Nam
1023 1804 1055 1858 et

128 1883 287 1944 hocloco
309 1882 398 1942 istam
423 1881 652 1943 distinctionem
675 1883 761 1942 multi
783 1883 860 1942 false
871 1882 1055 1960 intelligunt.

129 1967 229 2027 Recte
241 1965 439 2045 distinguitur
459 1966 551 2026 timor
569 1965 688 2025 servilis
710 1972 742 2026 et
762 1964 878 2042 filialis,
902 1964 956 2024 sed
978 1964 1056 2024 false

131 2048 330 2128 intelligitur,
366 2047 449 2126 quod
478 2048 598 2108 servilis
620 2067 683 2108 non
706 2050 817 2108 stetin
840 2048 965 2108 homine
987 2066 1056 2106 cum

129 2133 261 2191 caritate
295 2136 327 2189 et
358 2131 466 2211 gratia.
509 2127 618 2209 Neque
649 2131 720 2191 ideo
754 2133 821 2210 quis
854 2129 1056 2206 damnabitur,

128 2217 202 2293 qnia
221 2213 374 2273 infernum
396 2215 500 2288 timet,
533 2233 625 2274 nemo
658 2215 718 2274 hoo
740 2213 852 2274 doceat
873 2219 926 2272 aut
946 2213 1055 2272 intelli-

128 2306 182 2378 gat
203 2297 407 2375 impudenter.
451 2296 529 2355 Nam
558 2301 569 2358 l
589 2296 661 2358 doh.
679 2300 697 2358 4
721 2317 783 2357 non
805 2298 857 2373 ait,
879 2298 990 2356 caritas
1011 2296 1054 2356 fo·

130 2400 182 2440 ras
203 2380 296 2439 mittit
318 2380 475 2461 timorem,
493 2378 548 2439 sed
571 2380 628 2456 ait,
650 2381 788 2459 perlecta
809 2380 930 2455 caritas,
954 2386 986 2438 et
1001 2380 1055 2439 ite-

130 2483 214 2536 rum,
236 2463 410 2540 quitimet,
434 2481 497 2522 non
522 2469 569 2522 est
589 2463 743 2542 perfectus
770 2464 800 2521 in
824 2464 965 2538 caritate,
992 2480 1054 2522 non

131 2548 189 2623 ait,
218 2563 282 2605 non
307 2553 354 2604 est
374 2546 405 2603 in
429 2546 565 2604 caritate.
608 2544 685 2604 Nam
720 2547 831 2606 caritas
853 2546 1002 2625 incipieus
1026 2550 1058 2604 et

130 2631 227 2687 timor
254 2646 386 2706 magnus
410 2628 528 2687 servilis
552 2628 642 2687 simul
663 2635 743 2708 stat,
777 2628 929 2688 decrescit
950 2635 1055 2687 autem

130 2713 232 2786 timor,
256 2716 403 2789 qnantum
427 2711 576 2769 accrescit
587 2711 706 2771 caritas.
750 2711 828 2771 Nam
853 2713 932 2771 sicut
953 2717 1001 2770 est
1015 2709 1055 2770 de

130 2794 273 2853 omnibus
296 2793 474 2868 virtutibus,
502 2793 583 2872 quod
606 2795 695 2853 simul
717 2801 788 2854 sunt
810 2813 877 2853 oum
901 2812 957 2853 sno
980 2794 1055 2852 vitio

130 2877 304 2951 contrario,
327 2874 428 2935 donec
450 2874 504 2936 illo
529 2884 706 2957 expugnato
729 2877 816 2937 solae
837 2882 981 2957 regnent:
1013 2876 1057 2935 ita

130 2961 222 3019 timor
233 2959 291 3017 Dei
306 2964 408 3018 castus
427 2968 459 3018 et
471 2978 534 3018 non
552 2970 653 3020 castus
676 2960 766 3019 simul
789 2969 859 3019 sunt
880 2962 910 3018 in
934 2957 1056 3036 eodem,

130 3041 341 3120 qainondam
365 3048 412 3100 est
427 3041 590 3120 perfectus.
634 3042 685 3102 Sic
707 3044 786 3102 enirn
810 3061 881 3121 spes
904 3047 965 3100 stat
986 3059 1056 3100 oum

131 3124 350 3204 trepidatione,
372 3122 449 3197 fides
472 3144 540 3184 cum
555 3125 762 3202 vacillatione,
785 3127 919 3184 maxime
940 3125 971 3182 in
993 3130 1055 3183 ten-

131 3210 268 3284 tatione,
301 3207 451 3285 patientia
478 3226 546 3266 cum
577 3208 727 3288 clamore,
761 3209 875 3267 mititas
911 3226 979 3266 cum
1002 3207 1056 3285 ira,

132 3292 259 3350 castitas
283 3308 351 3348 oum
375 3289 517 3360 libidine,
549 3290 703 3350 humilitas
731 3310 799 3350 oum
823 3291 868 3349 sui
891 3289 1057 3370 placentia,

130 3373 311 3455 obedientia
342 3391 410 3432 oum
433 3393 601 3451 murmure,
633 3373 800 3434 liberalitas
827 3393 895 3433 oum
919 3373 1057 3450 avaritia,

131 3458 287 3536 sapientia
306 3474 374 3514 cum
398 3456 534 3532 stultitia,
556 3456 705 3517 fortitudo
729 3475 796 3515 cum
812 3456 974 3515 timiditate
998 3461 1055 3516 etc.

131 3542 225 3600 timor
255 3546 380 3598 sauctus
409 3557 477 3599 cum
508 3541 618 3599 timore
646 3539 764 3618 servili,
797 3540 957 3619 gratiaque
986 3556 1055 3596 cum

131 3631 275 3702 peccata.
319 3622 398 3681 Nam
431 3630 463 3682 et
488 3624 518 3681 in
549 3622 769 3683 mutationibus
797 3621 985 3682 naturalibus
1013 3622 1056 3680 ita

185 3799 217 3857 ‘t
239 3797 323 3852 Clara
341 3799 461 3850 veritatis
480 3799 626 3853 confessio.
