2356 4200
417 289 445 344 s.
467 289 600 345 annm
618 288 739 347 recor.
775 252 778 257 ’
993 280 1055 352 297

217 456 256 542 6)
281 458 370 535 Quae
391 459 442 521 vel
456 479 477 519 a
490 458 862 540 presbyterisimpnnitnr‚
885 457 1050 536 arbitri01)

130 542 184 603 vel
205 561 343 621 canone,
372 543 421 603 vel
443 561 661 622 nonnunquam
684 561 703 602 a
723 543 838 602 iustitia
868 541 973 605 divina
993 542 1055 620 exi<

133 626 218 706 gitur
239 626 298 703 hic,
322 626 371 686 vel
392 627 422 685 in
444 627 622 706 purgatorio
645 624 852 686 dissolvenda.

218 708 256 791 7)
281 708 366 770 Siout
409 709 650 787 confessionem,
692 709 752 769 rite
797 707 925 785 factam,
962 726 1055 769 nemo

130 798 258 852 tenetur
278 791 317 853 de
340 791 457 853 eisdem
479 791 664 870 criminibus,
687 792 746 851 nisi
766 791 797 851 in
814 792 925 871 paucis·
934 789 1056 855 casibus

131 875 292 936 reiterare.

216 959 257 1034 8)
278 957 320 1018 Et
349 956 543 1036 quantumvis
572 903 647 1018 ulile
670 956 702 1018 id
725 963 825 1036 esset,
864 975 928 1017 non
949 955 980 1015 id
1002 973 1056 1036 po·

130 1047 194 1102 teat
216 1047 320 1107 tamen
342 1039 399 1102 sibi
421 1041 472 1118 vol
492 1040 670 1120 religiosus,
703 1040 754 1101 vel
774 1059 874 1121 papa,
903 1045 941 1098 ut*
956 1040 1056 1117 iteret,

131 1122 332 1184 demandare.

147 1250 150 1255 -
216 1208 255 1282 9)
280 1208 323 1267 lta
343 1206 577 1267 satisfactoriam
597 1222 733 1286 poenam
754 1206 937 1266 exteriorem
960 1203 1057 1265 semel

128 1288 189 1350 rite
212 1289 367 1369 expletam
389 1307 453 1350 non
475 1294 595 1351 tenetur
615 1287 776 1349 absolutus
793 1287 833 1349 de
859 1288 973 1348 eisdem
986 1307 1057 1368 pec-

130 1373 210 1432 catis
231 1379 385 1452 repetere,
409 1372 594 1432 contrarium
615 1370 720 1431 iubere
741 1377 788 1430 est
810 1390 926 1435 errare.⁴

216 1458 274 1530 111)
297 1454 384 1515 licet
403 1461 560 1532 teneatur,
592 1453 695 1532 quoad
723 1453 850 1531 vixerit,
883 1455 963 1514 intus
986 1460 1056 1514 actu

130 1537 183 1598 vel
212 1537 319 1598 habitu
350 1536 475 1615 dolere5
509 1542 541 1597 et
565 1543 728 1616 peccatum
753 1537 913 1597 remissum
935 1556 1057 1618 semper

130 1619 186 1680 det
173 1622 291 1699 testari,
313 1619 353 1680 de
373 1621 462 1700 propi
464 1620 602 1699 tiatuque
615 1625 733 1699 'peccat
734 1637 822 1680 orum
846 1618 962 1698 absque
974 1626 1058 1681 metu

130 1722 197 1764 non
219 1704 363 1764 existere.
420 1736 424 1743 ·

217 1784 273 1866 11)
297 1785 387 1846 Hane
406 1804 550 1865 poenam,
575 1783 614 1844 ob
637 1791 766 1865 peccata
786 1778 919 1845 coutrita
934 1791 972 1845 et
985 1804 1056 1847 con·

128 1869 213 1929 fessa
239 1869 430 1949 impositam,
457 1886 499 1947 po
501 1872 563 1929 test
589 1886 672 1947 papa
698 1886 754 1947 per
772 1866 981 1947 indulgentias
1002 1887 1053 1988 pe·
1092 1926 1099 1948 ‚

128 1953 213 2011 nitus
236 1952 387 2012 relaxare

214 2037 271 2111 12)
296 2033 368 2096 Sive
398 2033 478 2093 haec
498 2032 538 2093 sit
559 2031 598 2093 ab
621 2050 676 2108 ec,
710 2031 759 2092 vel
782 2031 953 2093 sacerdotis
976 2032 1053 2094 arbi-

128 2118 205 2194 trio,
226 2117 276 2177 vel
300 2134 422 2178 canone
443 2116 598 2194 imposita,
620 2115 670 2175 vel
691 2115 785 2175 etiam
807 2115 922 2175 iustitia
946 2115 1052 2177 divina

128 2199 300 2280 exigenda,
323 2201 372 2260 cui
394 2197 604 2260 contradicere
624 2204 671 2258 est
693 2216 804 2259 errare

186 2285 271 2357 13)
296 2282 358 2343 Sed
378 2283 453 2343 licet
472 2301 528 2361 per
548 2279 754 2360 indulgentias
777 2281 877 2340 omnis
894 2299 999 2360 poena
1021 2281 1052 2341 in

128 2364 287 2445 dispositis
314 2367 389 2427 remi
391 2372 499 2441 ttatur,
528 2382 607 2442 quae
629 2368 677 2423 est
697 2382 753 2442 pro
778 2369 888 2442 peccat
889 2364 914 2422 is
876 2362 1051 2446 trebia,

128 2455 161 2508 ut
183 2467 290 2509 eorum
312 2455 359 2509 est
379 2447 574 2509 vindicativa.

211 2528 269 2612 14)
293 2531 383 2591 Errat
404 2538 516 2608 tamen,
538 2528 591 2608 qui
612 2526 652 2589 ob
675 2527 706 2589 id
729 2528 796 2606 tolli
807 2535 895 2609 putet
907 2548 1051 2609 poenam,

127 2630 208 2691 quae
238 2621 285 2674 est
312 2613 496 2674 medicativa
525 2620 556 2672 et
574 2612 819 2691 praeservativa,
853 2619 1053 2693 cumcontra

127 2694 209 2756 hanc
229 2697 360 2757 iubileus
383 2716 446 2756 non
470 2694 635 2756 ordinetur.

218 2781 272 2854 15)
296 2778 501 2854 Quantumvis
524 2795 598 2857 ergo
621 2776 731 2854 aliquis
753 2777 793 2837 sit
813 2796 869 2856 per
890 2777 1050 2859 indulgen·
1080 2793 1082 2797 ·
1124 2849 1129 2860 x

80 2900 83 2907 ι
126 2863 185 2922 tias
208 2881 283 2922 vere
304 2868 336 2922 et
357 2861 491 2922 totaliter
511 2860 676 2937 relaxatus,
701 2859 784 2937 quod
805 2859 871 2921 fieri
893 2880 997 2940 posse,
1019 2862 1050 2922 in

126 2943 298 3024 disposita
321 2947 373 3024 qui
394 2950 496 3024 negat,
519 2948 610 3002 errat.
859 2989 861 2993 ,

214 3031 268 3099 16)
293 3027 399 3090 Nullat
387 3034 477 3088 tenus
498 3033 602 3086 tamen
624 3024 717 3085 debet
736 3025 873 3086 intermit
861 3031 939 3087 ttere
956 3045 1052 3106 opera

126 3110 349 3189 satisfactoria,
372 3109 456 3189 quod
477 3109 597 3186 vixerit,
619 3107 742 3248 quarrtdo
764 3115 835 3168 sunt
854 3108 1050 3188 reliquiarum

127 3194 284 3272 curative,
307 3200 338 3253 et
358 3212 377 3252 a
398 3193 505 3252 futuris
527 3192 758 3277 praeservativa
775 3197 810 3253 et
832 3191 997 3253 meritoria.

212 3275 268 3359 17)
294 3275 378 3337 Sicut
400 3274 600 3336 Sacramenta
622 3275 758 3332 mosaica
780 3280 851 3335 sunt
873 3274 1048 3334 ieiunaele·

123 3365 245 3438 menta
268 3378 327 3419 nec
347 3358 488 3418 tollentia
507 3356 624 3436 culpas,
645 3374 704 3415 nec
723 3355 927 3434 iustificativa‚

211 3443 266 3519 18)
291 3442 339 3501 Ita
359 3440 504 3502 sacerdot
492 3446 538 3500 tes
560 3438 760 3519 ludaeorum,
791 3459 850 3499 nec
871 3440 976 3520 claves
998 3439 1050 3500 ha·

125 3523 201 3584 bent
222 3543 281 3585 nec
304 3524 524 3602 characterem,
546 3520 627 3581 unde
650 3521 695 3582 illi
716 3522 974 3602 nullampossunt
962 3522 1048 3583 t-cul

123 3626 195 3686 pam
217 3609 308 3668 remit
295 3613 385 3667 ttere.

179 3790 211 3855 1)
232 3788 359 3845 Loesch.:
380 3791 495 3845 arbitro.
