2356 4200
123 253 184 318 306
508 255 667 308 Positiones

125 420 317 533 Secunda
347 416 587 540 disputatio
617 416 820 514 Iohannis
852 414 1043 513 Tetaalii.

124 619 283 700 subscript
284 640 317 680 aa
347 622 518 699 positiones
542 622 573 681 F.
596 621 750 681 lohannes
772 619 895 698 Tetzel,
929 618 1043 681 ordinis

122 703 382 784 praedicatorum,
405 723 511 765 sacrae
532 703 724 785 Theologiae
748 703 988 782 Baccalaureus,
1009 720 1045 762 ac

123 786 298 847 haereticae
320 788 478 867 pravitatis
500 787 709 866 inquisitors
701 807 731 845 m
756 786 857 847 studio
880 783 1044 846 universali

123 869 378 930 Francksordensi
401 871 444 930 cis
466 869 609 948 Oderam,
631 869 764 950 publice,
786 889 823 930 ac
844 871 876 929 in
898 869 984 930 brevi
1006 867 1042 928 ad

126 959 240 1014 certum
275 952 371 1031 diem,
408 972 497 1033 quem
528 955 621 1013 etiam
649 955 833 1034 tempestive
860 937 1043 1048 designabit,

123 1043 188 1096 sust
176 1035 285 1096 tinebit
273 1043 343 1096 tac
364 1002 571 1133 disputabits
562 1055 593 1095 rn
620 1036 728 1134 quibus
750 1036 886 1115 quisquis
908 1034 1045 1115 prohae-

124 1126 171 1179 ret
172 1121 239 1196 ico,
263 1119 417 1179 schismat'
398 1127 475 1199 troo,
505 1121 669 1199 pertinaci,
693 1119 882 1197 contumaci,
905 1135 1046 1195 erroneo,

125 1202 291 1279 seditioso,
315 1202 534 1282 malesananti,
556 1204 731 1278 temerario,
754 1209 785 1262 et
805 1202 954 1262 iniurioso
979 1219 1046 1260 oen·

214 1283 327 1344 sendus
351 1288 403 1364 sit,
426 1288 524 1365 primo
547 1288 657 1346 intuitu
680 1286 770 1366 plane
792 1285 956 1346 videbitur.

124 1420 178 1481 Ad
202 1420 353 1480 laudem
377 1422 458 1499 Dei,
487 1441 530 1480 ac
552 1440 687 1481 sacrae
711 1420 818 1480 sedis
840 1419 1046 1500 Apostoli-

166 1523 233 1564 cae
254 1503 445 1564 honorem.
484 1504 593 1565 Anno
614 1503 757 1564 salutis
781 1503 1007 1563 dominicae

478 1587 516 1647 M.
541 1588 578 1647 D.
600 1587 694 1649 XVII.

60 1821 63 1828 ,
209 1755 247 1828 1)
272 1751 411 1812 Docendi
434 1759 505 1812 sunt
524 1752 696 1833 Christiani,
719 1773 758 1813 ex
780 1771 841 1830 quo
863 1752 894 1811 in
917 1750 1049 1811 ecclesia

126 1837 166 1916 po
171 1843 266 1896 testas
296 1855 396 1915 papae
425 1844 472 1895 est
500 1845 722 1915 suprema,et
690 1836 852 1897 etasolo
874 1834 942 1894 Deo
965 1835 1048 1894 insti-

125 1927 209 1997 tuta,
233 1918 315 1998 quod
339 1937 358 1978 a
380 1919 465 1978 nullo
490 1939 566 1998 puro
589 1919 725 1998 homine,
748 1938 806 1978 nee
828 1937 847 1976 a
869 1925 936 1978 toto
903 1915 1048 1978 tsimnl

126 2003 240 2062 mundo
263 2008 366 2081 potent
387 2003 528 2144 restringi
551 2021 590 2061 au
593 2002 768 2082 tamphiari,
790 2000 844 2061 aed
858 1999 956 2061 asolo
969 2000 1049 2061 Deo

209 2088 246 2160 2)
272 2084 411 2145 Docendi
433 2093 503 2144 sunt
525 2084 699 2180 Christiani,
724 2084 806 2164 quod
828 2102 928 2163 papae
949 2084 1048 2151 ineos

127 2188 235 2230 omnes
266 2168 475 2227 immediatam
506 2157 749 2229 iurisdictionem
782 2166 946 2227 habenti
938 2186 971 2225 nn
992 2165 1049 2244 hia,

127 2271 206 2332 quae
233 2250 272 2311 ad
299 2251 479 2332 religionem
503 2250 612 2311 Christ
593 2257 706 2312 transm
739 2258 770 2311 et
803 2250 842 2310 ad
870 2249 1048 2310 cathedram

127 2337 292 2415 pertinent,
317 2335 341 2393 ai
366 2353 506 2394 consona
527 2335 666 2394 fuerint'
627 2336 715 2395 truri
738 2334 842 2394 divino
866 2333 1048 2411 etnaturali,

128 2417 305 2497 simpliciter
327 2415 453 2477 obedire
475 2423 625 2478 tenentur.

210 2501 246 2580 3)
271 2499 413 2560 Docendi
441 2507 512 2559 sunt
533 2499 713 2579 Christiani,
742 2499 823 2580 quod
856 2519 938 2578 papa
964 2500 1049 2559 iuris·

128 2584 270 2644 dictionis
299 2585 462 2644 autoritate
498 2586 638 2663 superior
665 2591 731 2644 tota
763 2583 929 2643 universali
952 2582 1048 2642 eccle·

128 2669 173 2728 sia
195 2677 226 2728 et
248 2666 400 2746 concilio,
436 2666 581 2746 quodque
603 2669 724 2728 statutis
749 2668 810 2727 suis
834 2665 989 2726 humiliter
1011 2666 1050 2725 sit

127 2750 343 2813 obediendum.

210 2836 246 2904 4)
271 2832 412 2893 Docendi
433 2840 504 2893 sunt
515 2833 688 2912 Christiani,
709 2832 791 2911 quod
808 2851 889 2912 papa
900 2851 948 2910 ea,
972 2850 1050 2910 quae

127 2917 198 2977 fidei
221 2924 300 2996 sunt,
322 2916 405 2977 aolus
426 2916 520 2977 habet
541 2916 754 2994 determinare,
778 2915 921 2995 quodque
943 2933 1050 2974 sacrae

128 3002 297 3080 scripturae
319 3019 426 3060 sensus
449 3001 515 3079 ipse
537 3001 750 3077 autoritative,
784 3005 815 3059 et
836 2998 937 3058 nullos
960 2998 1047 3077 alius,

128 3102 184 3163 pro
208 3102 263 3142 suo
287 3102 395 3162 sensu,
417 3085 648 3163 interpretatur,
672 3090 704 3143 et
725 3081 808 3161 quod
831 3082 962 3142 alioruin
985 3099 1049 3142 om·

128 3169 179 3227 aia
207 3166 288 3226 dicta
318 3167 366 3226 vel
395 3185 489 3246 opera
518 3167 610 3227 habet
643 3166 692 3227 vel
726 3165 898 3246 approbare
928 3171 982 3225 aut
1003 3183 1048 3224 re-

152 3250 274 3312 robore

130 3270 148 3330 p
211 3334 250 3429 5)Ι
272 3332 412 3393 Docendi
435 3339 505 3392 sunt
493 3332 635 3392 tChrist
615 3334 705 3411 trani,
728 3330 811 3411 quod
831 3329 977 3391 iudicium
1000 3350 1051 3411 po-

128 3436 203 3500 pae,
243 3418 272 3475 in
296 3416 443 3494 hisquae
466 3415 645 3494 sunttidei,
669 3415 760 3475 ettad
783 3415 947 3475 humanam
970 3413 1050 3475 saiu—
1080 3417 1084 3424 ’

131 3509 191 3559 tem
215 3500 405 3577 necessaria,
428 3519 528 3559 errare
551 3506 655 3578 potest
677 3499 811 3558 minime.

193 3585 247 3660 o)
273 3545 413 3643 Docendi
436 3589 506 3642 sunt
528 3581 707 3658 Christiani,
731 3580 814 3661 quod
835 3581 894 3643 etsi
915 3599 999 3660 papa
1020 3581 1051 3639 in

128 3663 190 3725 fide
212 3673 340 3744 erraret,
375 3667 456 3727 circa
478 3685 532 3744 ea,
562 3685 641 3744 quae
663 3664 735 3725 fidei
758 3670 843 3742 sunt,
817 3663 986 3723 tmalam
1010 3670 1052 3725 te·

128 3747 231 3809 nendo
254 3750 447 3829 opinionem,
476 3768 538 3810 non
561 3755 664 3809 tamen
689 3749 788 3828 ipsum
812 3766 913 3809 errare
935 3747 1051 3808 contin·
