2356 4200
327 246 500 343 bonuald.
519 250 640 308 tonsu.
659 252 735 306 Eccil
749 252 838 310 Judic.
912 298 923 305 .
982 249 1044 316 481

208 417 289 495 Quid
310 439 394 496 vero,
417 421 443 480 si
465 420 634 500 aequalitas
657 423 715 481 ista
733 422 970 486 censusindioet
989 423 1044 485 tui·

125 502 288 563 nouitatem
309 503 400 582 Petri,
423 510 456 563 ut
478 506 550 583 quia
572 504 704 585 apostoli
727 504 777 564 alii
799 504 887 566 liberi
908 524 927 566 a
949 523 1044 567 ceusu

124 584 255 663 fuerunt,
277 593 311 645 ut
332 594 363 648 et
383 592 485 647 textus
506 584 635 665 indicat,
659 587 741 667 quod
764 606 889 648 censum
913 587 985 651 dare
1006 589 1046 649 sit

124 687 188 736 nou
209 667 341 732 tiliorum
363 670 456 748 regia,
480 669 535 730 sed
549 689 705 731 servorum
720 678 749 732 et
765 671 951 755 inferiorum,
973 670 1044 733 ideo

124 751 263 814 Glrristus
290 770 359 812 cum
386 752 477 813 Petro
506 773 541 813 se
568 753 696 816 subiecit
724 753 933 832 inferioribus,
962 752 1046 833 quod

127 835 194 895 aliis
217 835 365 915 apostolia
387 854 450 896 non
471 838 645 916 praecepit,
674 837 728 897 sed
751 845 782 898 et
803 837 953 917 apostoli,
975 855 1045 899 cum

124 917 202 979 idem
225 925 437 998 argumentum
459 921 673 999 conciperent,
697 921 779 1000 quod
800 921 923 1000 Eccius,
947 921 1046 1001 auspi·

125 1009 230 1062 cantes
254 1002 375 1062 Petrum
399 1002 438 1062 ob
462 1001 491 1062 id
513 1005 644 1082 primum
666 1003 741 1084 fore,
764 1011 933 1083 coeperunt
954 1021 1046 1083 quao-

124 1103 201 1164 rere,
225 1087 293 1164 quis
316 1091 403 1147 esset·
419 1086 528 1150 maior.
563 1085 767 1167 ‘Acceperunt
796 1092 897 1147 autem
920 1086 1046 1146 solutio-

125 1186 194 1229 nem
218 1169 391 1248 argumenti
412 1168 549 1230 eiusdem
582 1189 637 1249 per
658 1165 976 1251 interemtstionem¹)
1001 1187 1047 1230 se-

126 1251 231 1330 quenti
251 1251 398 1331 capitulo,
421 1250 582 1332 prohibiti,
615 1271 655 1314 ne
675 1254 743 1333 quis
772 1253 872 1315 maior
892 1253 971 1312 inter
991 1269 1047 1313 eos

125 1353 198 1397 esse
219 1340 355 1414 cuperet.
882 1385 884 1389 .
989 1355 990 1358 ¹
1029 1389 1032 1397 ,

208 1416 352 1497 Apostoli
374 1423 476 1477 autem
499 1417 682 1478 solutionem
705 1417 827 1496 quidem
850 1423 1047 1500 acceperunt,

125 1500 181 1563 aed
203 1500 315 1561 idacius
336 1499 416 1561 forte
437 1500 535 1560 maior
557 1500 723 1580 apostolis,
746 1510 777 1560 et
798 1502 892 1561 etiam
914 1499 1046 1578 Christo,

124 1581 384 1662 iuconalusibilis,
412 1601 474 1644 non
497 1588 544 1643 est
565 1584 728 1644 contentus
750 1583 904 1645 solutione
925 1582 1048 1666 Christi,

125 1665 227 1729 adbuc
257 1672 359 1727 versat
392 1667 623 1746 quaestionem,
658 1674 689 1726 et
718 1665 900 1726 determinat
928 1673 1048 1746 partem

127 1750 311 1810 contrariam
334 1747 473 1824 Christo,
501 1748 654 1810 laudabili
672 1768 752 1811 more
776 1748 1047 1827 scholasticorum,

125 1840 158 1894 et
183 1833 300 1894 invasit
332 1849 402 1893 cum
441 1833 503 1892 suis
532 1831 732 1894 mendacibus
754 1831 905 1912 sophistis
932 1850 1047 1893 norum

127 1934 224 1996 genus
246 1915 399 1977 illusionis
431 1912 654 1998 (distinctionis
683 1916 765 1976 volui
795 1911 915 1997 dicere)
939 1931 1047 1975 sacrae

125 1997 312 2080 Scripturas,
335 1997 451 2077 dicens,
473 1998 542 2059 Non
563 1999 766 2059 nsioritatem
789 1997 830 2059 ibi
852 1995 1047 2077 prohibitam,

126 2082 180 2142 sed
203 2081 418 2159 ambitionem,
451 2099 521 2141 cum
544 2081 652 2144 eadem
674 2083 794 2142 ratione
816 2079 976 2141 dicendum
998 2080 1047 2158 ait,

122 2162 189 2227 'nou
211 2165 404 2243 servitutem,
426 2165 480 2224 sed
504 2164 701 2245 cupiditatem
724 2164 878 2225 servitutis
901 2180 1047 2244 praecep·

74 2287 76 2291 ψ
126 2255 200 2326 tam,
224 2246 348 2327 quando
370 2246 443 2307 dicit
456 2247 607 2308 Christus:
630 2247 689 2322 Qui
705 2247 770 2308 vult
791 2247 888 2308 maior
909 2264 988 2325 esse,
1008 2246 1048 2307 sit

127 2338 227 2397 vester
249 2349 365 2393 servus.
391 2329 455 2390 Iste
476 2339 556 2391 enim
580 2337 628 2391 est
652 2332 718 2392 ulos
740 2331 904 2410 impiorum
918 2330 1046 2390 istorum

126 2415 373 2494 depravatorum.
416 2413 520 2492 ltaque
542 2421 649 2474 autore
671 2414 766 2474 Eccio
789 2430 851 2473 non
874 2418 921 2473 est
942 2429 1047 2475 necea

128 2499 251 2574 sarium,
274 2503 306 2556 ut
329 2496 496 2556 serviamus
518 2498 661 2574 invicem,
684 2496 738 2557 sed
753 2496 874 2572 sufficit,
897 2502 930 2555 ut
945 2495 1048 2576 cupia-

126 2599 193 2645 mus
216 2576 341 2656 serrire,
363 2580 441 2639 sicut
458 2598 536 2659 opus
559 2587 607 2640 est
628 2579 819 2641 nonambire
835 2577 1049 2657 maturitatem,

125 2669 292 2726 esttamen
317 2663 472 2722 maioritas
493 2662 645 2723 adeunda.
1077 2732 1080 2737 ¹

208 2745 268 2806 Sed
303 2745 459 2805 facessant
491 2746 595 2806 larvae
638 2746 800 2806 lamiarum
836 2751 867 2806 et
907 2743 1049 2805 nocturni

126 2829 211 2891 Eccii
233 2829 384 2905 lemures,
407 2827 545 2889 Christus
568 2830 764 2890 occasionem
786 2827 963 2889 ambitionis
985 2845 1048 2887 am·

125 2913 252 2992 putavit,
275 2912 385 2971 tollens
408 2912 626 2982 maturitatem,
651 2918 682 2971 et
701 2911 830 2991 praebet
851 2911 1049 2972 occasionem

125 2995 316 3071 humilitatis,
344 2995 506 3074 imponens
534 2995 720 3058 servitutem.
760 2994 817 3055 Ille
847 3012 921 3074 ergo
949 2993 1049 3054 maior

125 3087 172 3144 eat
192 3079 222 3138 in
246 3077 395 3158 ecclesia,
430 3096 492 3138 non
528 3078 579 3156 qui
601 3077 698 3138 multa
720 3077 836 3138 ditione
862 3076 1048 3153 dominatur,

125 3161 180 3222 sed
205 3163 255 3240 qui
289 3160 384 3221 multa
405 3160 575 3223 humilitate
607 3161 709 3223 servit.
763 3160 824 3220 Iste
855 3166 902 3220 est
938 3164 1065 3219 sensus*
1115 3211 1124 3219 .

125 3263 219 3324 purus
241 3243 403 3324 evangelii,
427 3245 453 3304 si
474 3243 742 3305 venenaEloaiaua
759 3243 938 3322 excluseris,
961 3241 1047 3302 cuius

124 3328 281 3408 ingenium
304 3326 541 3389 estAbimelecb
553 3326 591 3406 l)
615 3328 735 3397 imitari,
758 3327 898 3387 etcaesis
914 3324 952 3385 de
970 3323 1050 3385 saltu

124 3410 244 3472 aelmon
267 3411 360 3470 ramis
391 3411 494 3490 ignem
527 3410 644 3490 facere,
676 3430 749 3486 seu,
784 3416 818 3470 ut
837 3410 897 3470 Isa.
920 3407 989 3485 44,
1011 3404 1050 3467 de

124 3493 211 3574 ligno
232 3491 407 3573 Scripturas
428 3494 486 3556 sibi
509 3492 627 3555 idolam
646 3493 765 3572 facere,
796 3490 868 3553 dum
890 3507 985 3552 unum
1007 3487 1049 3550 lo-

198 3684 228 3750 1)
242 3685 276 3738 In
295 3683 339 3738 ad.
357 3685 435 3738 iem:
453 3685 720 3755 iuter-pretationem.

177 3757 230 3826 .*)
245 3755 322 3811 Judi.
342 3757 369 3813 9.
609 3780 611 3785 ·
702 3775 704 3780 ·

151 3860 244 3903 Lnthari
256 3872 308 3912 opp.
321 3862 348 3904 V.
362 3860 389 3902 Δ.
404 3859 482 3917 adrat.
496 3859 546 3902 hist.
560 3862 575 3901 i.
595 3871 618 3910 p⁴
632 3860 719 3902 Vol-11.
835 3861 874 3925 31
