2356 4200
352 290 380 348 F.
400 291 466 346 Sllv.
486 292 570 345 Prior.
589 286 624 344 od
642 289 672 342 ll.
692 288 728 342 11.
743 287 822 342 luth.
1004 280 1046 351 93

207 461 283 543 Gap.
319 465 365 527 15.
396 460 479 540 quod
490 463 528 536 b)
564 463 594 521 in
630 459 839 521 ecclesiastica
877 419 1048 520 hier⁰archia

123 565 269 607 romanus
291 544 417 606 Praeaul
439 545 478 604 sit
499 564 635 605 summus
664 543 844 619 hierarcha,
882 540 976 602 iudex
1005 542 1048 601 in·
1150 576 1153 591 ·

123 628 257 690 iollibilie
280 629 434 705 veritatis,
464 635 571 687 contra
593 627 817 705 adversarium,
851 626 902 703 qui
934 625 965 684 iu
987 623 1048 686 hoo

124 712 216 773 valde
237 709 358 773 aberrat
375 716 411 771 et
432 709 616 790 obloquitur,
638 711 722 770 utin
745 710 810 770 eiua
833 707 910 768 libro
932 713 1025 788 patet.

207 795 248 854 Et
268 793 310 854 ibi
333 797 361 856 1.
384 791 457 873 quid
479 794 519 854 ait
537 793 693 874 Papamc)
719 811 812 873 agera
834 799 867 851 ut
888 799 935 851 est
951 788 1046 870 Papa,
1137 816 1140 825 ν

124 885 155 938 et
177 876 333 957 quomodo
357 894 464 937 omnes
486 877 697 956 expositiones
720 875 903 938 Sanctorum
923 879 955 934 et
968 873 1048 933 Doc-

124 963 224 1022 torum
248 962 330 1020 cirea
351 959 411 1021 hoo
432 959 618 1019 reducuntur
638 962 668 1020 in
701 978 809 1037 unam,
845 965 875 1018 et
904 949 1053 1036 quae'eit'
1114 963 1116 965 ’

125 1045 262 1105 omnium
285 1044 464 1124 opinionum
487 1042 593 1121 radix,
616 1050 778 1121 quaeest,
806 1047 838 1102 ut
864 1040 950 1120 Papa
975 1047 1049 1120 agat
1120 1056 1122 1061 ⁴

127 1135 159 1188 ut
180 1127 280 1206 Papa,
314 1125 361 1186 vel
385 1134 496 1207 caput,
524 1127 549 1186 ai
572 1135 674 1186 utatur
695 1126 810 1186 auxilio
832 1123 1048 1200 membrorum,

125 1216 156 1271 et
177 1210 270 1270 saciat
291 1208 373 1269 hona
395 1208 465 1287 lide,
488 1208 571 1287 quod
591 1210 622 1268 iu
645 1227 679 1269 ee
700 1216 756 1286 eat,
779 1215 812 1268 ut
832 1206 983 1286 intelligat
998 1225 1047 1266 ve-

125 1295 258 1370 ritatem,
281 1311 370 1351 secus
393 1291 444 1352 ubi
465 1291 619 1357 malitiose
641 1293 832 1372 procederet.

209 1375 249 1435 Et
270 1376 298 1438 2.
322 1375 405 1453 quod
428 1375 559 1436 ecclesia
580 1375 760 1436 universalia
789 1372 982 1435 decernendo
1011 1373 1049 1431 de

126 1459 189 1519 flde
211 1466 242 1519 et
264 1456 398 1518 moribus
420 1477 521 1519 errare
543 1459 658 1536 nequit.

209 1541 254 1616 nt,
271 1543 299 1606 3.
323 1541 405 1625 quod
427 1541 527 1620 Papa,
557 1543 614 1602 atsi
647 1542 677 1611 in
706 1548 853 1620 quantum
869 1570 870 1577 ι
886 1537 1049 1620 singularia

126 1643 261 1706 persona
282 1632 385 1704 potest
406 1623 487 1684 male
509 1625 629 1704 operari
652 1623 719 1706 et¹)
745 1624 825 1686 male
846 1624 985 1702 credere,
1008 1629 1050 1695 to·

95 1763 97 1767 .
127 1727 198 1769 men
220 1725 282 1779 non
327 1713 408 1767 otest
429 1706 509 1767 male
531 1706 682 1783 decidere,
704 1716 737 1770 ut
757 1707 850 1789 Papa.
890 1704 930 1768 Et
944 1703 1047 1785 hood)

126 1789 275 1872 probatur
295 1726 338 1849 ihi
358 1790 511 1869 inprimis
533 1789 740 1871 probabiliter,
763 1789 873 1852 deinde
896 1808 968 1850 vero
981 1791 1051 1850 irre-

122 1871 323 1959 fragabiliter,
344 1870 456 1933 nedum
478 1892 533 1953 per
555 1892 690 1935 canones
713 1883 743 1934 et
773 1872 916 1954 coucilia,
945 1892 1049 1934 verum

127 1956 221 2018 etiam
244 1974 299 2036 per
318 1955 421 2016 literae
444 1954 572 2018 divinas.

210 2036 250 2099 lllt
269 2039 300 2100 4.
323 2039 405 2117 quod
428 2056 535 2100 omnes
558 2039 790 2100 constitutiones
804 2039 949 2119 Papaauin
972 2037 1051 2101 deoi-

128 2120 230 2183 deudo
254 2120 292 2181 de
314 2120 375 2182 flde
396 2127 427 2182 et
451 2120 625 2205 moribuse)
658 2131 729 2184 aaut
750 2143 768 2184 a
789 2123 885 2203 Papa,
906 2123 937 2183 in
959 2139 1052 2200 quau·

127 2213 192 2266 tum
215 2211 262 2264 eet
282 2204 377 2285 Papa,
399 2205 465 2266 aive
486 2225 553 2265 curn
578 2206 776 2267 assidentium
799 2204 959 2269 oonsilio..

210 2286 252 2347 Et
279 2291 307 2352 5.
334 2287 375 2348 ibi
405 2288 564 2348 solvuntur
587 2287 681 2351 multa
703 2289 856 2351 contraria
878 2285 1053 2370 praedictis,

128 2368 240 2450 quibua
276 2369 389 2430 aemuli
419 2370 580 2432 Romanae
613 2373 694 2432 sedis
729 2379 879 2433 conantur
910 2370 1052 2452 probare,

128 2453 211 2597 puori
234 2452 399 2531 aliquando
421 2450 506 2535 Papa
519 2455 630 2515 nedum
643 2455 811 2536 operando,
834 2474 938 2515 verum
960 2454 1052 2515 etiarn

149 2535 299 2597 ecidendo
323 2537 449 2615 erravit,
471 2545 502 2597 et
523 2537 696 2619 specialiter
718 2540 756 2599 da
778 2538 812 2600 B.
834 2538 938 2619 Petro,
961 2556 1052 2616 quem

128 2619 289 2701 apostolus
310 2619 514 2701 reprehendit.
557 2620 655 2702 Super
676 2641 737 2702 quo
760 2621 951 2684 adversarius
971 2640 1053 2702 mag-

128 2722 200 2764 nam
224 2701 356 2781 quidem,
379 2701 433 2764 aed
455 2705 611 2764 ruinosam
634 2712 815 2766 structuram
838 2703 1004 2766 fabrefecit.

213 2785 287 2866 Gap.
312 2788 361 2850 16.
385 2785 475 2861 Quod
499 2787 528 2847 in
544 2788 753 2850 ecclesiastica
770 2786 940 2849 hierarchia
954 2805 1053 2848 roma·

128 2887 186 2929 uua
216 2867 340 2929 Praesul
374 2870 414 2929 ait
442 2889 579 2930 summus
600 2870 794 2955 hierarchas)
817 2869 981 2932 infallibilia
1003 2889 1053 2931 ve·

127 2951 225 3013 ritatia
245 2951 370 3034 uoluae)
397 2958 504 3014 contra
521 2952 738 3033 adversarium,
762 2956 812 3034 qui
835 2972 981 3035 expresse
1001 2971 1053 3014 vo-

151 3221 153 3227 ‘
183 3218 216 3281 1))
243 3219 278 3271 Et
304 3219 348 3272 hic
376 3218 461 3272 Satan
486 3219 616 3289 loquitur.
663 3219 693 3287 c)
718 3220 793 3287 Papa
823 3224 853 3271 ut
883 3219 958 3287 Papa
987 3218 1055 3287 agit,

130 3289 242 3359 quando
262 3295 389 3358 portatur
415 3307 431 3342 a
456 3292 675 3361 Reserandariie,
707 3297 734 3343 et
757 3293 854 3345 beatos
873 3290 957 3358 pedae
977 3305 1054 3358 prae·

128 3364 177 3416 bet
200 3361 383 3426 osculandos,
412 3363 511 3416 deinde
544 3364 654 3433 quando
680 3380 729 3432 per
755 3364 900 3415 ovantium
924 3363 1055 3415 absorbet

128 3431 274 3501 mundum,
292 3433 437 3502 perditque
457 3438 572 3490 animae.
611 3435 642 3500 d)
665 3435 765 3504 Opinio
785 3434 936 3487 Silvestrie
950 3438 1053 3486 tartaro

129 3505 254 3558 advecta.
293 3506 320 3570 e)
340 3504 417 3557 Sicut
441 3509 590 3573 probatum
611 3513 654 3560 eet
673 3509 826 3561 novissimo
846 3504 977 3571 concillo,
1007 3504 1055 3558 ubl

128 3574 254 3630 demeum
274 3583 328 3638 eet,
356 3578 478 3629 unimam
497 3595 558 3632 esee
576 3579 780 3643 immortalem,
808 3584 836 3630 ct
853 3593 914 3630 esea
933 3577 1055 3629 decimas

128 3663 180 3717 pro
198 3653 295 3700 ventre
314 3649 441 3702 Romano
461 3651 675 3720 extorquendae.
712 3653 736 3714 1)
766 3649 860 3704 Satan.
902 3651 933 3718 g)
954 3646 984 3699 ld
1003 3655 1054 3718 aet,

128 3719 271 3774 solitariae
290 3724 321 3771 ut
340 3735 432 3788 supra.

185 3790 216 3858 1)
238 3790 270 3842 In
289 3791 332 3844 ed.
351 3790 409 3845 Jen.
430 3791 521 3848 deest:
543 3798 578 3847 et.
