2356 4200
491 302 515 342 ι.
537 287 608 345 toln
624 287 721 343 habiti.
1020 282 1062 352 69

137 457 240 539 placat
259 457 340 536 Deo,
362 461 395 518 at
413 455 446 517 id
468 456 587 535 nolunt,
609 456 693 536 quod
715 457 781 518 vult
793 456 890 534 Dans,
912 475 980 517 cum
998 472 1061 517 om·
1099 534 1102 541 ἢ

138 543 189 602 nia
210 539 289 603 fiant
310 541 472 602 voluntate
492 540 560 617 Dei,
585 558 676 620 qnam
699 546 810 621 optant
830 559 893 601 non
916 559 1001 619 esse,
1024 558 1063 600 ao

134 643 192 709 per
212 625 276 685 boc
297 623 393 685 corda
415 629 487 684 sunt
506 623 730 684 maledicentes
753 630 785 684 et
800 623 1061 705 blasphemantes.

218 707 324 782 Quare
359 706 603 787 respondeamus
638 706 678 769 ad
712 707 945 785 quaestionem,
978 705 1062 785 qnod

133 790 218 851 aliud
240 789 492 867 esthorrorDei,
515 789 598 850 aliud
613 790 714 850 timor.
757 789 863 850 Timor
877 795 925 849 est
944 788 1061 850 fructus

133 874 260 952 amoris,
282 872 394 934 horror
415 879 518 933 autem
541 873 738 934 seminarium
765 873 838 934 odii.
880 871 955 933 Ideo
977 872 1061 933 Deus

133 975 197 1017 non
226 955 323 1017 debet
349 956 485 1033 horreri,
515 955 571 1016 sed
598 956 713 1034 timeri,
740 975 780 1016 nc
808 956 881 1016 odio
903 954 1061 1033 habeatur,

134 1040 186 1119 qui
208 1039 306 1100 debet
325 1039 432 1098 amari.
475 1037 554 1098 Nam
566 1044 685 1117 natura,
707 1045 741 1099 nt
759 1037 834 1117 dixi,
855 1038 991 1099 horroris
1013 1044 1062 1098 est

132 1123 251 1204 lugere,
275 1120 372 1200 odire,
385 1121 554 1182 abominari
570 1124 619 1199 *),
642 1121 816 1203 aoperboo
836 1120 1062 1202 blasphemare,

133 1204 335 1284 maledicere,
359 1211 468 1285 optare
488 1224 551 1266 non
575 1223 654 1265 esse.
698 1204 788 1266 Unda
809 1205 902 1265 timor
918 1205 975 1264 Dei
997 1222 1060 1265 me

132 1289 191 1348 lius
211 1288 440 1368 intelligeretur
461 1288 652 1362 reverentia*
667 1293 701 1348 ut
721 1293 808 1369 patet
828 1289 859 1347 in
873 1287 1059 1367 hominibus,

132 1390 213 1451 quos
227 1390 379 1448 amamus,
402 1369 543 1449 colimus,
566 1371 775 1449 aestimamus,
798 1371 941 1430 timemus
963 1369 1058 1431 offen-

132 1453 217 1518 dere.
262 1454 377 1514 Vcrum
398 1453 459 1514 hoc
480 1458 528 1513 est
542 1453 735 1533 impossibile
758 1454 796 1531 ei,
819 1455 870 1533 qni
886 1453 968 1514 alind
992 1453 1058 1514 dili-

131 1539 187 1618 git,
210 1555 302 1617 quam
315 1537 426 1597 Deum.
469 1535 549 1596 Nam
570 1536 643 1597 huic
663 1537 761 1596 amori
783 1537 885 1597 nitens
908 1543 939 1597 et
959 1535 1059 1597 fldens

131 1639 260 1681 securus
287 1620 349 1680 ruit
377 1619 554 1680 necessario
581 1620 612 1678 iu
635 1619 811 1698 horrorem,
839 1638 909 1680 cum
938 1620 1000 1681 tale
1029 1621 1056 1680 ei

131 1703 335 1764 subtrahitur:
359 1703 439 1762 sicut
452 1701 563 1763 domus
585 1720 678 1783 snper
690 1721 815 1763 arenam
836 1702 965 1763 lundata
984 1703 1058 1764 irru-

131 1786 255 1847 entibus
285 1785 392 1866 pluvia
423 1792 590 1864 ventoque.
634 1785 717 1866 Ergo
748 1786 800 1865 qui
831 1787 919 1846 timet
946 1786 1057 1866 Deum,

130 1871 151 1929 i.
173 1889 202 1930 e.
225 1870 278 1949 qui
298 1867 593 1947 reveratur‘Denm,
624 1869 674 1935 hic
702 1868 775 1929 facit
796 1868 895 1949 bona,
924 1888 987 1930 nou
1011 1875 1059 1930 est

129 1951 310 2031 timendum,
333 1950 418 2031 quod
439 1951 534 2011 iaciat
556 1951 648 2012 mala.
690 1951 760 2013 Non
782 1953 888 2030 itaque
908 1952 993 2012 Deus
1008 1953 1058 2012 ·ti·

129 2035 261 2096 mendus
284 2040 333 2095 ast
349 2035 428 2095 sicut
440 2039 549 2113 tortor,
571 2041 624 2094 aut
644 2053 818 2115 percussor,
841 2034 1057 2113 sutdiabolus,

128 2124 182 2179 aut
208 2118 356 2179 infernus.
399 2117 608 2177 Veruntamen
637 2119 705 2177 sine
731 2119 831 2198 gratia
859 2137 922 2178 non
951 2124 1057 2198 potest

128 2221 168 2260 ax
190 2206 302 2260 natura
323 2200 413 2260 aliter
435 2200 546 2278 timeri,
569 2207 602 2260 ut
612 2207 697 2280 patet
718 2202 749 2259 in
772 2200 894 2273 Adamo
916 2200 1054 2281 fugiente

128 2290 160 2344 et
188 2288 270 2344 sesa
287 2281 500 2344 abscondente
528 2285 559 2342 in
592 2283 753 2363 paradiso,
784 2285 846 2344 hoc
875 2291 977 2355 autem
1007 2290 1054 2344 est

128 2366 278 2427 horribile
301 2365 444 2426 omnibus
467 2368 627 2446 separatis.

212 2450 293 2509 Hinc
314 2451 465 2529 scriptura
477 2447 630 2528 duplicem
649 2451 787 2511 continet
803 2451 944 2511 timorem
966 2468 1053 2510 sanc·

127 2542 202 2592 tum.
246 2532 360 2592 Psalm.
378 2534 431 2596 18:
454 2532 560 2592 Timor
580 2533 705 2592 Domini
727 2539 851 2593 sanctus
868 2553 1053 2613 permanens

126 2616 157 2674 in
181 2615 320 2675 seculum
349 2615 461 2692 saculi,
492 2616 512 2674 i.
536 2634 563 2676 e.
586 2617 760 2675 reverentia
780 2617 846 2675 Dei.
892 2616 943 2676 Sic
970 2618 1052 2676 anim

127 2704 265 2758 tremunt
286 2704 318 2757 et
330 2698 433 2777 angeli
457 2704 488 2757 et
500 2704 682 2778 potestates.
724 2698 768 2759 ld.
790 2699 839 2758 Ps.
859 2703 934 2764 110:
960 2699 1055 2759 Sana·

127 2786 193 2840 tum
216 2788 248 2841 et
270 2780 406 2841 terribile
428 2799 542 2840 nomen
566 2783 647 2859 eius,
677 2781 761 2860 quod
790 2781 875 2842 addit
902 2788 1052 2856 sanctum,

127 2863 269 2924 excludit
290 2863 424 2924 terribile
445 2864 617 2943 profanum,
641 2883 702 2943 quo
724 2866 862 2924 tremitur
884 2864 957 2925 odio
980 2882 1052 2924 con-

126 2947 235 3008 traria.
279 2945 330 3007 Sic
351 2946 464 3006 Psalm.
488 2949 523 3008 2:
548 2946 667 3007 Servite
679 2948 813 3008 Domino
836 2949 867 3007 in
889 2948 1000 3007 timore
1023 2953 1055 3006 at

127 3029 282 3088 exsultate
305 3030 334 3089 ei
356 3046 424 3088 cum
448 3035 591 3090 tremore.
634 3031 772 3090 Vocatur
793 3036 895 3090 antam
919 3036 1052 3108 sanctus,

127 3113 200 3190 quia
232 3110 404 3172 sanctificat
434 3119 465 3172 at
492 3113 688 3192 purissimum
721 3114 795 3173 facit
816 3114 990 3190 hominem,
1020 3119 1055 3172 ut

126 3194 202 3254 nihil
229 3214 354 3275 prorsus
384 3195 504 3274 cupiat,
538 3195 620 3274 qnod
655 3215 742 3255 suum
779 3202 842 3274 est,
875 3195 930 3256 sed
952 3195 1052 3254 solum

126 3277 209 3356 quod
224 3277 284 3337 Dei
307 3283 362 3337 est.
406 3279 446 3338 Et
466 3278 516 3337 hic
538 3278 696 3356 quomodo
712 3285 773 3339 stet
795 3298 864 3338 cnm
878 3279 1052 3356 securitate,

123 3360 197 3420 ideo
222 3380 284 3421 nou
315 3361 444 3437 scimus,
474 3362 547 3440 quia
577 3380 639 3421 non
671 3363 728 3422 nisi
758 3362 901 3422 servilem
934 3362 1053 3440 experti

127 3463 243 3503 sumus.
285 3443 347 3503 Dat
377 3449 481 3503 tamen
510 3444 543 3503 B.
565 3444 770 3524 Augustinus,
800 3451 833 3504 ut
855 3444 970 3524 allegat
991 3445 1052 3503 Ma-

126 3527 238 3607 gister,
271 3526 499 3586 similitudinem
530 3525 569 3586 da
599 3547 696 3588 uxore
728 3534 815 3588 casta
843 3535 875 3587 et
904 3527 1051 3586 adultera.

125 3609 218 3669 Hunc
238 3616 355 3669 vocant
376 3609 516 3690 theologi
539 3609 666 3670 filialem
689 3619 720 3672 at
740 3610 885 3689 liberum,
905 3610 1048 3670 servilem

181 3789 214 3858 ·)
235 3789 363 3846 Loasch:
384 3792 548 3849 abominari.
