2356 4192
170 299 232 368 508
416 324 419 331 ·
460 303 537 360 liert
556 303 634 358 Loth.
653 286 786 359 Defensio

169 476 267 553 diem,
296 496 365 538 curu
393 477 471 538 sciat
497 496 546 537 me
573 476 618 537 ita
644 494 706 537 non
739 494 865 557 sapere,
895 481 928 536 et
948 480 1090 535 tumens

170 561 312 643 malignis
334 560 475 622 iratribus
498 558 578 620 hanc
595 558 728 620 libenter
747 565 933 639 acceptans,
956 556 1091 619 ostendit

169 662 204 705 se
225 644 328 720 malle,
350 648 466 725 uttam
488 643 650 723 insigniter
671 661 819 720 errarem,
849 660 911 721 quo
933 640 1044 702 liceret
1064 642 1090 702 ei

169 734 278 787 contra
299 744 349 786 me
368 726 512 807 gloriari,
535 744 625 805 qnam
647 732 679 784 ut
701 743 774 785 vera
795 744 949 805 saperem.
994 722 1089 801 Quam

169 810 298 891 pulchra
317 809 429 887 fuisset,
454 808 605 869 modestia
621 808 772 884 blociano,
802 808 827 867 ei
853 808 922 868 istis
950 807 1089 868 iratribus

167 894 341 971 restitisset,
364 892 484 952 dicens:
506 891 629 951 Falsum
651 910 707 951 vos
721 890 833 967 dicitis,
843 890 968 951 Martini
981 892 1090 971 scripta

168 975 240 1119 pppi,
262 994 323 1035 non
346 975 389 1034 ita
411 974 500 1056 sapit,
524 973 578 1034 sed
600 975 685 1034 iuxta
697 973 896 1036 Bernardum.
942 972 1015 1035 Hoc
1036 992 1088 1055 pro

216 1076 275 1118 cro.
393 1078 396 1083 ·
613 1064 622 1083 ‘
1139 1114 1142 1118 .

251 1141 411 1217 Ceterum,
451 1140 538 1199 huius
575 1138 795 1220 propositionis
825 1139 979 1220 originem
1015 1143 1087 1219 puto

169 1240 248 1298 esee,
271 1223 353 1303 quod
375 1224 497 1302 saepius
520 1221 627 1299 docui,
649 1221 731 1283 bone
754 1240 865 1302 opera,
901 1240 984 1301 quae
1006 1229 1090 1282 extra

168 1308 297 1387 gretiam
311 1306 395 1382 ilunt,
419 1304 490 1364 nihil
507 1324 591 1365 esse:
614 1304 736 1383 deinde,
759 1304 816 1365 soli
836 1303 917 1377 iidei,
940 1305 1089 1386 sineope·

168 1389 251 1450 ribus
283 1389 377 1469 legis,
410 1389 496 1448 iuxta
526 1388 651 1450 Paulum
685 1389 773 1448 tribui
805 1387 963 1447 iustitiam.
1015 1388 1089 1449 'l'um

168 1472 277 1533 iratres
308 1472 369 1550 illi,
401 1489 500 1551 neque
533 1471 605 1550 quid
628 1490 724 1552 opera
755 1470 847 1551 legis,
885 1490 988 1551 neque
1020 1470 1089 1551 quid

170 1574 266 1637 opera
287 1554 369 1616 bona
390 1553 579 1634 significent,
614 1554 715 1631 docti,
751 1573 806 1635 pro
830 1552 977 1633 operibus
1005 1554 1089 1635 legis,

168 1638 435 1718 quaenecesearia
453 1656 513 1698 non
533 1643 612 1715 sunt,
634 1638 696 1697 imo
715 1637 901 1715 noxiasunt,
922 1644 1089 1717 posuerunt

170 1739 263 1801 opera
286 1720 378 1782 bona.
420 1719 499 1781 Nem
523 1720 595 1800 quid
619 1720 657 1780 de
679 1719 748 1800 lege
770 1726 824 1781 aut
844 1718 992 1801 operibus
1014 1719 1090 1800 legis

168 1805 291 1880 scirent,
314 1803 424 1883 quibus
436 1803 587 1884 professio
610 1808 658 1864 est
678 1802 752 1862 nihil
767 1802 845 1863 velle
864 1802 996 1879 discere,
1018 1802 1089 1863 nihil

169 1887 258 1966 scire,
282 1886 336 1947 sed
352 1887 486 1947 visiones
509 1886 617 1966 capitis
640 1888 686 1947 sui
708 1904 765 1967 pro
786 1884 904 1965 pugillo
932 1885 1041 1947 hordei
1063 1892 1091 1946 et

168 1969 317 2050 fragmine
339 1970 427 2055 panis
454 1972 504 2047 (ut
525 1968 694 2030 Ezechielis
718 1967 817 2029 verbis
840 1966 962 2051 dicam)
987 1970 1088 2029 miser·

52 2126 54 2133 γ
168 2053 244 2113 rimo
267 2053 383 2133 populo
406 2052 573 2113 inculcare.

456 2186 523 2248 stat
545 2204 619 2266 ergo
642 2188 807 2248 sententia:

252 2304 319 2364 Non
343 2310 412 2364 sunt
445 2305 635 2375 necessaria,
668 2306 730 2364 imo
762 2310 832 2364 sunt
864 2304 962 2365 noxia
994 2324 1088 2385 opera

170 2387 246 2466 legis
269 2388 490 2467 cuiuscunque,

252 2469 304 2530 sed
339 2471 514 2530 necessaria
546 2480 617 2531 sunt
647 2476 678 2529 et
711 2468 844 2530 salubria
876 2488 973 2550 opera
1008 2467 1088 2528 bona

170 2572 382 2633 quaecunque.

339 2751 541 2812 Articulus
564 2752 706 2814 tertius
729 2751 913 2813 decimus.

250 2877 349 2939 Deum
370 2880 565 2960 praecepisse
586 2879 702 2941 homini
724 2878 935 2959 impossibilia.

251 2960 308 3021 Hic
330 2963 440 3023 multas
464 2963 639 3023 convehens
656 2963 835 3023 autoritates
847 2960 1037 3042 Scripturae,
1059 2964 1086 3021 in

169 3041 277 3120 quibus
299 3045 402 3124 iugum
417 3045 528 3106 Christi
545 3047 623 3123 leve,
645 3045 751 3105 Matth.
777 3048 835 3122 11,
858 3044 1006 3105 mandata
1027 3064 1086 3105 non

168 3127 272 3204 gravia
298 3131 324 3190 l.
347 3127 459 3187 lehun.
481 3134 510 3192 b.
534 3127 642 3208 Quae,
665 3128 853 3207 dispeream,
876 3127 934 3187 nisi
958 3128 1088 3202 simulet,

169 3216 221 3267 aut
242 3211 363 3288 penitus
384 3212 515 3290 ignoret,
538 3210 610 3290 quid
627 3211 730 3271 velint.
760 3210 831 3272 Dixi
853 3228 947 3290 supra
960 3210 1086 3270 Eccium

168 3309 286 3351 mecum
310 3294 438 3369 sentire,
461 3292 545 3372 quod
567 3294 693 3354 liberum
723 3292 877 3354 arbitrium
900 3293 968 3353 siue
989 3295 1088 3374 gratia

168 3391 228 3433 non
253 3375 342 3453 valet,
365 3375 422 3434 nisi
444 3375 481 3436 ad
504 3376 703 3456 peccandum.
750 3375 898 3453 Obsecro,
921 3394 1003 3455 qnae
1026 3386 1087 3435 tan·

168 3454 237 3516 dem
261 3464 307 3517 eet
329 3457 415 3518 tabes
437 3461 524 3518 tanta
544 3459 679 3519 invidiae
696 3460 777 3519 hanc
797 3466 923 3519 nostrae
946 3459 1088 3520 miseriae

167 3544 197 3597 et
220 3540 418 3619 impotentiae
440 3542 598 3602 scientiam
614 3541 805 3603 abscondere
828 3562 846 3602 a
868 3540 1013 3602 iratribus
1037 3561 1088 3602 no·

166 3621 259 3680 stris?
291 3622 323 3684 Si
349 3642 412 3683 noo
435 3625 517 3684 valet
538 3626 595 3684 nisi
617 3643 748 3704 peccare
780 3625 891 3699 homo,
928 3625 1087 3704 quomodo

166 3721 227 3765 non
249 3712 318 3765 sunt
339 3706 541 3788 impossibilia
554 3709 582 3767 ei
601 3706 862 3770 omniamandata
875 3706 957 3768 Dei?
979 3708 1088 3769 Pereat

101 3822 105 3832 ·
159 3790 222 3858 isla
245 3789 414 3859 maledicto
429 3790 638 3877 sophistarum
646 3791 814 3868 s'tmulatio,
830 3797 862 3851 et
873 3789 1089 3870 dissimulatio,
