2356 4200
171 267 234 339 178
417 269 614 326 nauium
633 267 741 338 [ῥίψαι
761 266 841 321 Lutb.

256 440 358 502 Primo
393 458 500 502 omnes
529 437 705 501 nonnedmrt
733 436 859 500 easdem
887 455 957 499 sess
978 454 1099 518 poenus

172 525 343 606 purgatorii
365 531 396 585 et
416 523 525 587 inferni
534 521 564 604 ¹)
588 523 645 584 nisi
657 521 740 602 quod
752 520 894 583 differunt
906 521 1099 582 seternitste.

174 608 216 670 At
243 609 395 689 scripturn
423 607 568 669 describit
593 624 710 687 poenes
732 605 840 666 inferni
861 622 931 665 esse
952 603 1100 666 turbatio·

173 710 254 769 nom,
276 710 436 775 perorem,
457 692 630 767 horrorem,
652 688 772 771 sugam,
794 695 828 748 ut
849 687 929 748 Pssl.
952 691 990 750 1:
1027 686 1101 748 Nou

174 775 219 834 sie
242 775 326 854 impii
349 793 411 835 non
433 775 489 853 sio,
510 773 565 833 sed
587 781 734 851 tunquam
756 771 873 852 pulvis,
896 788 987 850 quem
1009 771 1102 850 proii-

175 858 217 918 cit
239 866 356 918 ventus.
399 856 460 917 Sed
483 864 514 916 et
534 857 565 915 in
588 855 648 918 lob
670 865 702 916 et
721 855 832 934 Esaia,
855 861 885 914 et
906 855 1009 915 multis
1031 852 1101 915 sliis

175 940 253 1001 loeis
276 941 362 1020 impii
384 947 602 1020 comparantur
623 939 755 1021 stipulae
777 943 808 999 et
828 937 957 1017 pulveri,
980 935 1102 999 turbins

175 1024 270 1104 raptis
299 1031 392 1103 etque
425 1023 581 1104 dispersis.
635 1020 670 1083 In
698 1039 759 1101 quo
782 1020 922 1081 nimirum
948 1018 1104 1101 signifieat

175 1105 279 1186 furgum
302 1105 477 1166 horribilem
500 1105 724 1166 damnatorum.
765 1103 841 1164 Item
852 1102 932 1165 Psul.
945 1105 981 1167 2:
1014 1102 1104 1164 Tune

175 1189 318 1268 loquetur
338 1188 378 1249 ad
399 1207 454 1249 eos
475 1189 507 1248 in
527 1189 573 1251 iro.
593 1207 661 1267 sua,
682 1195 714 1248 et
732 1189 764 1247 in
785 1185 888 1246 birote
908 1204 965 1248 suo
980 1192 1104 1247 oontur·

176 1271 263 1333 babit
291 1289 356 1331 eos.
410 1270 450 1331 Et
477 1270 549 1332 Esa.
575 1272 630 1335 28:
681 1270 741 1346 Qui
762 1268 929 1349 cornuin)
952 1271 983 1330 in
1006 1268 1104 1346 illum,

179 1372 242 1415 non
264 1353 476 1430 eontundetur,
498 1352 529 1414 id
547 1362 603 1435 est,
625 1372 686 1415 non
701 1352 866 1435 festinabit,
887 1372 950 1414 nnn
966 1352 1104 1434 pavebit,

178 1454 280 1516 neque
310 1437 407 1517 lugiet
442 1436 588 1499 confusus
617 1445 649 1498 et
674 1436 819 1515 horrens,
857 1438 962 1517 utique
984 1435 1104 1512 volens,

178 1519 262 1600 quod
298 1538 360 1581 uon
395 1519 585 1580 confidentes
617 1520 841 1582 contundentur
873 1527 904 1582 et
936 1518 1105 1600 pavebunt.

178 1602 322 1664 Pr0verb.
354 1607 391 1666 t:
447 1603 505 1679 Qui
534 1623 585 1664 me
606 1604 751 1687 audierit,
778 1603 896 1685 ubsque
923 1611 1039 1664 terrore
1060 1621 1106 1662 re

179 1687 327 1766 quiesset,
348 1695 380 1747 et
401 1685 589 1747 abundantis
608 1687 793 1767 perfruetur,
821 1689 931 1748 timore
953 1685 1106 1747 malornm

180 1769 319 1849 subluto,
349 1776 381 1831 et
406 1769 486 1846 Bssl.
511 1767 638 1845 112.³):
682 1769 730 1830 Ab
760 1770 917 1832 auditione
938 1770 1021 1831 mule
1042 1787 1106 1830 non

180 1852 307 1914 timebit.

151 1975 153 1979 ι
262 1934 317 1996 His
339 1937 419 1996 enim
442 1943 473 1995 et
494 1934 561 1995 aliis
575 1935 651 1998 loeis
667 1937 837 2018 scripturus
858 1943 966 2014 terror,
986 1935 1108 2013 horror,

180 2038 295 2099 pavor,
327 2020 433 2091 timor,
456 2028 571 2080 tremor
598 2020 778 2099 exprimitur
804 2039 906 2101 poene
932 2019 1108 2100 impiorum,

182 2102 306 2181 quondo
336 2103 457 2181 piorum
488 2103 641 2163 contraris
668 2105 783 2164 asserit.
831 2104 971 2182 Denique
1006 2109 1038 2162 et
1073 2100 1108 2162 B.

183 2184 291 2245 Jsoob.
315 2182 451 2266 dirim),
478 2184 561 2263 quod
589 2185 757 2246 doemones
787 2186 915 2247 eredunt
937 2194 967 2246 et
989 2191 1109 2245 tonbe-

185 2269 326 2328 miseunt.
369 2267 409 2327 Et
438 2267 527 2328 Dent.
556 2271 606 2332 32.
634 2269 717 2329 olere
747 2271 946 2349 pronuntiat,
973 2286 1109 2349 poenum

184 2352 268 2432 impii
289 2369 359 2413 esse
379 2369 526 2431 pavorem
549 2351 669 2411 dicens:
693 2351 782 2412 Dabit
792 2353 845 2413 tibi
861 2353 1011 2413 Dominus
1024 2351 1110 2411 Deus

186 2452 240 2495 oor
262 2434 406 2514 pavidum
429 2442 486 2495 ete.
520 2434 598 2494 Nam
615 2436 640 2494 si
662 2455 760 2515 pavor
780 2436 831 2496 ille
853 2455 914 2496 non
937 2443 1030 2513 esset,
1052 2451 1111 2494 nen

186 2534 285 2595 mors,
311 2535 369 2576 neo
396 2517 546 2594 infernus,
575 2536 634 2577 neo
659 2519 722 2579 ullo
743 2539 846 2600 poene
867 2528 949 2579 esset
969 2518 1111 2579 moleste

189 2600 275 2662 Siout
296 2601 338 2659 ait
365 2601 396 2659 in
419 2599 637 2676 conticis**):
680 2602 779 2662 Fortis
806 2609 840 2662 ut
862 2620 943 2663 mors
976 2602 1111 2677 dileetio,

188 2683 264 2743 dura
285 2684 364 2742 siout
384 2683 518 2743 infernus
541 2683 716 2746 aemulatio.
751 2685 841 2761 Quod
858 2687 934 2746 satis
951 2691 1110 2745 ostensum

188 2770 235 2828 est
254 2767 285 2828 in
307 2765 490 2846 martyribus
518 2767 613 2844 odeo,
635 2775 668 2827 ut
694 2768 733 2828 de
759 2770 860 2849 impiis
884 2768 965 2828 diost
987 2768 1112 2849 spiritus

188 2848 267 2909 Psal.
291 2848 388 2918 tto:
410 2849 475 2908 lllio
497 2849 725 2930 trepidaverunt
746 2854 870 2930 timore,
899 2851 950 2912 ubi
973 2869 1036 2912 non
1059 2850 1114 2910 fuit
1144 2845 1151 2852 ’

189 2933 294 3011 timor,
316 2940 348 2993 et
368 2931 513 2994 Proverb.
536 2935 603 2997 28..·
625 2933 712 3014 Fugit
734 2937 845 3016 impius
869 2936 991 2996 nemine
1012 2951 1114 3014 perse

190 3024 313 3094 quente.
356 3016 460 3076 Justus
483 3026 595 3087 sutem,
618 3020 705 3095 qussi
728 3019 777 3078 leo
800 3018 973 3095 oonfidens,
996 3018 1115 3096 ubsque

190 3105 305 3159 terrore
326 3100 391 3161 erit.
437 3099 603 3178 Alioquin,
632 3119 685 3161 our
713 3121 790 3161 unus
819 3103 904 3161 timet
932 3108 1063 3162 mortem
1085 3105 1116 3158 et

191 3182 284 3258 dolet,
308 3182 385 3243 elius
409 3200 482 3242 vero
505 3185 682 3261 contemnit,
706 3186 762 3244 nisi
785 3187 857 3264 quie
876 3186 958 3245 intus
981 3184 1115 3244 iustitiae

191 3264 304 3326 fiducie
326 3265 486 3326 destitutus
509 3266 604 3342 timet,
628 3267 679 3328 ubi
701 3269 807 3328 timere
828 3287 890 3328 non
914 3267 1015 3329 debet.

274 3347 434 3427 Seoundo,
456 3351 475 3412 2
497 3348 605 3410 Thess.
631 3353 666 3412 l:
710 3351 768 3427 Qui
791 3370 852 3413 non
874 3351 1005 3412 eredunt
1024 3369 1117 3410 even·

215 3518 595 3538 Ἢ

248 3625 280 3693 1)
300 3627 332 3679 In
351 3627 394 3680 ed.
412 3627 471 3681 Jen.
491 3628 630 3682 additum:
655 3645 724 3683 esse.
762 3629 795 3692 2)
816 3631 848 3683 In
867 3630 908 3684 ed.
927 3631 1036 3699 prinu:
1056 3647 1117 3686 eon-

194 3697 288 3750 luunt.-
325 3699 358 3764 3)
378 3699 459 3753 lbid.:
481 3700 538 3754 111.
576 3701 609 3766 4)
627 3702 658 3753 In
677 3700 719 3753 ed.
740 3703 842 3769 prinu:
862 3702 903 3758 lb

248 3768 429 3835 quaerut.
468 3772 516 3838 ⁴⁸)
536 3771 602 3825 cin.
619 3773 646 3829 8.
