2356 4200
123 276 145 345 8
204 226 221 247 μ
306 328 322 353 ,
372 279 529 349 Responsio
550 278 584 333 D.
601 277 677 331 liert
697 276 807 331 Lnthcrl

127 449 265 528 incedit,
286 450 353 510 sine
375 450 545 530 scriptura,
568 449 634 508 sine
654 448 809 530 patribus,
831 447 898 507 sine
920 445 1047 508 canoni·

126 533 193 612 bus,
215 533 348 612 denique
373 534 440 593 sine
454 532 523 592 ullis
534 532 713 592 rationibus.
734 531 871 611 Ideoque
885 548 956 590 meo
967 533 1047 610 jure,

124 617 241 694 idest,
277 615 450 677 Christiana
478 615 639 692 libertate,
674 621 705 675 te
727 623 758 676 et
779 615 864 674 illum
887 614 994 674 reiicio
1016 612 1048 673 et

126 719 220 781 nego.
243 701 308 759 lmo
332 699 376 758 ita
399 698 483 779 cogit
506 718 555 757 me
577 699 724 758 autoritas
746 696 935 757 fundamenti
956 696 1048 776 primi

126 789 159 843 et
176 783 277 858 tertii,
307 788 338 840 et
360 780 472 841 suadet
495 780 670 861 exemplum
691 779 856 860 Augustini
882 781 914 839 in
941 777 1047 839 funda-

126 873 231 926 mento
255 864 402 925 secundo.
424 865 502 924 Nam
525 865 550 924 si
572 864 652 943 apud
676 864 901 924 iureconsultos
922 880 1047 943 prover·

126 948 210 1009 bium
234 949 391 1027 recipitur:
413 948 514 1027 Turpe
537 954 584 1006 est
605 948 741 1006 iuristem
764 947 848 1026 loqui
871 947 937 1006 sine
949 950 1048 1020 textu,

125 1037 158 1092 tu
179 1030 261 1107 vide,
283 1049 373 1109 quern
396 1031 435 1090 sit
456 1029 668 1103 honorificum,
691 1030 870 1110 theologum
896 1027 967 1109 (qui
986 1046 1047 1086 ma-

125 1115 208 1174 xime
236 1115 371 1173 omniurn
402 1112 509 1186 debet)
535 1113 619 1191 loqui
644 1115 710 1173 sine
732 1118 836 1189 textu,
860 1130 952 1192 quem
975 1128 1047 1190 apo·

125 1197 223 1257 stolus
250 1194 336 1256 iubet
370 1194 539 1256 calceatum
568 1214 637 1255 esse
673 1194 800 1275 pedibus
829 1196 859 1254 in
885 1212 1046 1275 praepara·

36 1280 40 1288 '
124 1281 209 1340 tione
232 1278 447 1358 evangelii*),
468 1285 500 1339 et
515 1280 694 1359 episcopum
721 1283 898 1358 potentem,
931 1295 994 1336 non
1016 1277 1046 1335 in

127 1361 316 1443 syllogismis
340 1368 369 1420 et
387 1362 581 1441 opinionibus
603 1361 771 1435 hominum,
796 1360 894 1420 sedin
908 1358 1047 1419 doctrina

125 1463 211 1521 sana,
232 1445 372 1503 nimirum
383 1463 430 1522 ea,
454 1464 544 1524 quam
558 1442 630 1504 alibi
644 1444 788 1504 divinitus
799 1444 980 1522 inspiratam
988 1437 1044 1520 ”l

124 1533 226 1600 vocat.
248 1526 317 1586 Hoc
338 1528 420 1586 enim
442 1527 604 1588 consilium
628 1529 653 1586 si
675 1526 783 1586 fuisset
806 1533 972 1602 servatum,
996 1523 1046 1583 mi·

125 1628 183 1670 nus
213 1628 297 1669 nunc
335 1610 468 1670 ecclesia
501 1608 629 1670 haberet
657 1609 807 1669 inutilium
831 1609 1046 1688 quaestionum

126 1699 158 1753 et
178 1693 375 1771 opinionum,
410 1700 441 1752 et
461 1691 530 1772 plus
554 1692 708 1772 evangelii
733 1698 764 1751 et
785 1691 978 1751 Christianae
998 1707 1046 1748 ve·

124 1775 232 1835 ritatis.
256 1773 332 1845 m)

271 1919 340 1980 dam
363 1919 556 1997 accedamus,
579 1928 611 1981 et
631 1921 803 1981 iudicemur
823 1920 922 1980 simul.

187 2056 304 2133 Primo,
334 2061 464 2134 quatuor
490 2054 638 2116 falsitates
669 2057 699 2114 in
728 2054 823 2116 tribus
846 2055 951 2135 primis
975 2073 1045 2115 con-

126 2137 315 2199 clusionibus
326 2157 345 2197 a
358 2157 407 2197 me
430 2138 670 2218 comprehensas
684 2139 880 2218 pronuncies.
903 2137 1046 2213 Primam,

126 2220 209 2300 quod
239 2221 375 2280 salvator
407 2219 596 2299 impossibile
626 2222 764 2297 iusserit,
794 2220 913 2280 scilicet
940 2218 1046 2280 fideles

126 2305 210 2364 omni
231 2309 370 2382 tempore
391 2303 507 2363 habere
527 2310 628 2363 actum
651 2305 873 2382 poenitentiae,
894 2301 1046 2362 interioris

125 2386 176 2445 vel
198 2385 368 2446 exterioris.
393 2385 468 2445 Cum
491 2387 572 2446 enim
595 2386 696 2446 dicat:
726 2386 829 2466 Agite,
852 2404 915 2446 non
949 2384 1046 2464 loqui·

125 2474 172 2528 tur
191 2467 231 2528 de
253 2466 398 2528 habituali
412 2470 558 2529 interiore
573 2470 775 2548 poenitentia,
797 2488 876 2548 quae
891 2467 961 2528 sola
982 2486 1046 2548 per·

125 2558 219 2631 petua
240 2557 297 2629 est,
320 2557 351 2610 et
373 2557 600 2631 consequenter
622 2552 756 2630 loquitur
778 2551 817 2611 de
834 2550 948 2611 actuali
970 2552 1045 2610 inte

126 2635 198 2694 riori
220 2633 270 2693 vel
304 2635 457 2693 exteriori.
500 2633 603 2714 Agere
625 2637 707 2694 enirn
730 2634 779 2694 vel
801 2640 888 2693 actus
911 2633 962 2693 vel
985 2651 1046 2694 non

126 2717 193 2776 sine
215 2722 286 2776 actu
299 2723 354 2777 est.
377 2716 463 2775 Haec
485 2724 546 2776 tua.
568 2718 650 2779 Vere
673 2724 724 2777 tua
738 2723 818 2795 sunt,
839 2716 870 2776 id
888 2723 945 2794 est,
967 2715 1046 2775 adeo

126 2798 312 2860 scholastica
334 2806 364 2859 et
386 2799 577 2876 thomistioa,
613 2801 675 2859 imo
699 2799 909 2870 aristotelica,
945 2805 978 2858 ut
999 2815 1047 2858 me

126 2883 232 2962 pigeat
255 2889 286 2942 et
308 2881 431 2942 taedeat
452 2902 490 2941 ea
512 2883 670 2942 confutare
694 2883 736 2960 ¹).
774 2882 885 2962 Rogo,
921 2881 973 2942 ubi
998 2880 1047 2940 bic

128 2965 291 3044 scriptura,
310 2972 413 3043 patres
436 2971 489 3024 aut
511 2983 647 3026 canones
671 2965 802 3026 sonant?

207 3046 328 3108 Deinde
356 3049 464 3124 miror,
493 3047 575 3125 quod
597 3049 683 3107 iuxta
704 3048 936 3127 peripateticam
957 3045 1046 3106 istam

126 3129 317 3211 theologiam
338 3129 464 3189 verbum
487 3129 579 3207 illud,
602 3131 700 3209 agite,
736 3149 797 3190 non
820 3128 860 3189 ed
883 3128 982 3189 solam
1004 3129 1045 3186 in-

126 3222 243 3273 ternam
265 3213 419 3272 actionem
440 3212 579 3272 retulisti.
602 3213 689 3290 Item,
714 3213 795 3292 qnod
820 3215 846 3272 si
868 3219 899 3272 et
922 3230 981 3291 ego
996 3218 1046 3270 tua
1072 3231 1074 3236 ⁴

125 3294 276 3355 industria
299 3314 370 3354 usus
394 3302 423 3354 te
445 3296 665 3375 calumniarer,
688 3304 719 3356 et
742 3295 891 3368 dicerem,
915 3294 1044 3354 Omnem

125 3379 220 3436 vitam
246 3376 347 3457 (quod
360 3397 419 3458 ego
432 3379 539 3458 posui)
564 3398 627 3439 non
650 3399 720 3439 esse
741 3378 833 3449 idem,
857 3378 939 3456 quod
964 3374 1045 3437 omni

181 3620 211 3688 ⁸)
234 3621 331 3689 Ephes.
352 3621 376 3677 6.
414 3620 462 3689 ·*)
484 3623 590 3678 Mum.
611 3624 636 3677 3.
659 3622 726 3691 sss)
749 3624 890 3677 Inutilium
911 3626 1046 3694 quaestio·

126 3708 193 3745 num
212 3698 240 3746 et
258 3693 421 3761 opinionum
442 3695 530 3763 origo.
898 3715 901 3718 ⁴

183 3766 214 3829 1)
236 3764 266 3816 ln
287 3762 330 3816 ed.
348 3764 424 3817 den:
443 3767 572 3840 refutare.
