2356 4200
338 271 368 328 F.
388 274 455 330 silv.
474 275 559 330 Prior.
577 273 613 328 ad
631 273 666 329 D.
685 275 721 331 ld.
739 273 819 335 nuth.
985 273 1047 349 101

126 442 339 515 Fundamenta
370 451 488 521 autem,
521 441 630 522 quibus
665 443 703 505 ad
737 445 813 505 istos
846 455 965 508 errores
993 466 1047 528 po·

126 525 244 588 nendos
291 532 448 600 movetur,
492 527 692 587 ostenduntur
739 527 870 589 delicere
906 528 1047 612 multipli-

126 610 211 689 citer,
234 609 406 688 specialiter
429 617 545 676 autem,
573 610 687 688 quisq)
724 629 843 671 sacram
866 613 1046 692 scripturam

125 691 207 753 male
228 690 362 768 adducit,
384 699 415 751 et
436 692 522 752 aliter
544 692 705 771 intelligit,
728 711 820 772 quam
841 694 974 756 literales
996 715 1047 757 ex·

124 776 288 855 punitores,
306 782 337 835 at
358 775 507 835 solvendo
530 776 626 835 multa
647 775 774 855 pulchra
795 775 944 838 dicuntur.
965 767 969 778 ‘

205 858 280 936 Cap.
305 859 352 921 12.
374 857 500 934 Rursus,
522 859 604 937 quod
619 858 812 921 adversarius
834 859 915 920 male
936 861 1049 923 sentiat

127 939 166 1002 de
186 941 383 1021 purgatorio,
420 940 470 1001 ubi
494 941 594 1001 denuo
627 941 711 1001 multi
741 960 860 1002 errores
895 949 926 1003 et
952 944 1048 1007 multa

124 1023 203 1084 falsa
224 1042 293 1083 cum
315 1023 378 1082 suis
399 1022 603 1084 fundamentis
626 1030 810 1086 evertuntur.

207 1106 342 1166 Primum
374 1106 483 1166 falsum
513 1125 571 1166 uec
593 1106 756 1186 probatum
778 1107 912 1185 videtur,
940 1109 1047 1188 inquit,

126 1188 194 1250 ullis
215 1196 268 1249 aut
285 1190 440 1268 scripturis
464 1195 517 1248 cut
544 1188 723 1267 rationibus,
746 1190 828 1269 quod
844 1191 1047 1271 unimaapur·

124 1272 236 1352 gaterii
258 1278 329 1332 suut
350 1279 437 1332 extra
459 1279 570 1333 statum
594 1273 709 1349 meriti,
737 1291 790 1333 seu
814 1273 976 1354 augendae
998 1292 1047 1335 ea

124 1355 232 1415 ritatis.
276 1353 362 1414 Haec
384 1355 443 1415 ille.

206 1437 299 1498 Cuius
322 1436 438 1498 falsitas
452 1435 481 1519 r)
508 1437 556 1497 vel
578 1437 609 1496 iu
636 1436 697 1498 hoc
718 1445 857 1518 apparet,
880 1438 965 1519 quod
987 1458 1046 1501 nos

123 1521 302 1602 oppositum
323 1519 521 1599 probavimus
535 1519 664 1598 ratione,
688 1522 851 1582 autoritate
864 1521 1047 1584 Sanctorum

123 1610 155 1664 at
176 1621 348 1678 canonum,
380 1604 452 1663 item
476 1603 639 1664 autoritate
659 1603 877 1683 scripturarum
891 1604 941 1680 l),
973 1605 1046 1669 itant

124 1687 288 1747 animitate
315 1687 484 1766 scripturae
512 1694 543 1745 et
570 1684 752 1746 Sanctorum
781 1687 888 1753 simul.¹
904 1687 939 1749 Β.
965 1688 1045 1755 eninr

125 1768 293 1848 Gregorius
329 1769 359 1828 in
403 1771 432 1851 4:
454 1767 576 1848 Dialog.
612 1768 650 1829 ad
683 1770 881 1849 propositum·
909 1776 1047 1831 nostrum

123 1851 326 1932 probandum,
349 1852 475 1929 seilicet,
498 1850 580 1930 quod
603 1852 633 1910 in
654 1854 832 1933 purgatorio
855 1853 963 1914 merita
984 1872 1047 1915 non

124 1943 288 2011 mutantur,
311 1933 435 1996 adducit
456 1933 567 1995 multas
597 1935 781 2014 scripturas,
814 1940 847 1995 ut
875 1936 973 2015 patuit
998 1954 1048 1998 ca·

123 2017 222 2098 pitulo
246 2017 357 2096 priore.
896 2082 907 2092 Γ
1026 2052 1029 2066 ·

209 2097 351 2160 Secunda
372 2098 499 2173 falsitas,
521 2116 580 2158 uec
601 2098 673 2176 hoc,
694 2099 802 2179 inquit,
825 2099 987 2181 probatum
1009 2101 1051 2161 vi·

124 2182 226 2260 detur,
261 2181 344 2260 quod
373 2183 434 2241 sint
456 2180 494 2240 de
515 2200 572 2240 sua
604 2180 791 2243 beatitudine
819 2191 923 2244 certae
951 2189 983 2243 et
1005 2201 1050 2244 se·

126 2284 232 2344 curae,
264 2265 373 2325 saltem
405 2283 530 2342 omnes,
565 2263 636 2324 licet
666 2283 724 2326 nos
755 2266 915 2327 certissimi
945 2266 1048 2326 simus.

126 2348 214 2410 Haec
235 2347 295 2407 ille.

213 2429 304 2505 Quod
326 2431 475 2508 utiques)
499 2429 608 2489 falsum
636 2437 697 2506 est,
724 2431 796 2509 quia
823 2447 881 2493 nos
909 2429 1051 2512 probaui·

129 2533 196 2575 mus
220 2514 398 2594 oppositum
432 2531 472 2572 ex
502 2511 726 2592 probabilibus,
764 2513 874 2574 deinde
903 2533 976 2575 vero
1009 2533 1050 2577 ex

126 2596 326 2671 necessariis,
366 2603 396 2655 et
417 2614 485 2656 ‘sua
518 2588 718 2657 fundamenta
746 2596 936 2664 ostendimus
967 2596 1050 2657 nulla

126 2699 211 2755 esse,
248 2678 383 2739 maxime
403 2677 485 2737 ‘illud
507 2677 590 2757 quod
613 2682 740 2739 assumit
766 2687 863 2740 totam
886 2679 1049 2740 ecclesiam

126 2771 231 2824 tenere
264 2760 388 2821 easdem
419 2778 489 2820 esse
520 2780 638 2840 poenas
673 2763 841 2842 purgatorii
876 2770 906 2822 et
933 2762 1050 2832 inferni,

127 2865 197 2906 cum
220 2852 322 2904 tamen
345 2842 445 2903 nullus
474 2843 535 2904 hoc
564 2843 659 2921 dicat,
691 2844 745 2905 sed
773 2845 811 2905 sit
843 2845 1049 2922 salsissimum,

127 2948 196 2989 cum
210 2931 236 3004 t)
262 2928 291 2986 in
311 2925 491 3005 Purgatorio
515 2944 576 2986 non
601 2928 638 2984 sit
657 2934 817 3007 peecatum
831 2926 1050 3008 blasphemiae,

126 3018 180 3071 eut
206 3009 430 3089 desperationis
464 3009 676 3087 assequendae
710 3009 843 3090 gloriae,
873 3029 954 3091 quae
981 3015 1052 3070 suut

124 3093 281 3154 maximae
309 3091 450 3151 miseriae
484 3097 515 3150 et
547 3109 669 3171 poenae
703 3093 931 3169 damnatorum,
962 3093 1050 3173 peius

126 3177 207 3237 enim
231 3175 344 3235 malum
367 3173 455 3246 esl2)
482 3173 573 3254 culpa
594 3193 684 3253 quam
714 3193 831 3256 poena,
864 3195 933 3236 cum
961 3175 1052 3255 culpa

125 3259 206 3336 Deo,
229 3277 333 3338 poena
355 3263 458 3317 autem
481 3264 621 3317 creatura
642 3258 750 3338 privat.

200 3415 233 3480 q)
255 3411 345 3476 Quam
365 3410 544 3463 Colonialiter
562 3411 693 3480 loquitur.
732 3407 760 3477 r)
782 3408 971 3461 Pulcherrima
996 3423 1053 3460 om·

127 3485 205 3537 nium
232 3484 433 3550 consequentia
451 3481 592 3549 sylvester
622 3482 779 3552 oppositum
810 3479 891 3547 dicit,
918 3495 986 3548 ergo
1011 3485 1054 3532 est
1101 3479 1104 3487 ’

126 3555 239 3611 salsum.
276 3558 302 3615 a)
322 3552 426 3606 Eadem
447 3555 645 3621 consequentia
661 3552 829 3606 Silvestrica.
866 3551 891 3619 t)
908 3551 969 3604 Non
989 3556 1054 3604 sunt

127 3623 1055 3694 academiculpaaergononeaedempoenae‚iterumSilvestraliter.

202 3696 286 3762 t)1n
319 3696 382 3751 coll.
407 3697 550 3752 Vittemb.:
583 3700 755 3766 scripturam.
801 3695 833 3759 2)
855 3695 886 3747 ln
913 3695 977 3748 coll.
994 3693 1054 3748 Jen.

114 3769 221 3824 deest:
241 3773 290 3822 est
365 3823 374 3829 ,
