2356 4200
329 276 364 328 de
381 279 480 329 virtuts
500 277 745 346 indulgentiarum.
939 272 1000 341 199

80 443 134 503 sed
156 447 312 505 remittens
335 451 443 504 onerat
463 464 498 506 se
518 442 821 509 adsarataortonen
850 438 999 525 proillo,

80 533 110 586 et
133 527 209 587 haee
230 537 276 587 est
298 526 438 590 absurda.

163 610 232 686 Alii,
255 610 337 689 quod
359 618 486 690 prosunt
509 611 547 670 ad
564 611 775 670 remissionem
789 611 998 690 poenitentiae

81 692 270 772 negligenter
297 694 440 754 omissae.
483 693 571 753 Hane
593 693 702 753 Pauor.
734 693 885 752 damnans
916 692 997 769 dioit,

81 774 165 853 quod
187 777 246 836 ista
268 783 443 835 remunerat
463 776 689 856 negligentiam.
719 775 779 835 sed
801 776 1000 836 meoiudicio

81 858 160 917 haeo
181 877 242 918 non
264 856 390 918 omnino
414 866 459 918 est
483 859 573 936 falsa,
609 860 681 937 quia
714 877 785 918 vere
805 861 999 919 remittuntur

79 959 200 1019 poenas
214 959 424 1020 quaeeunque,
447 943 537 1001 etiarn
552 942 744 1021 negligenter
756 943 897 1017 omissae,
913 941 997 1000 dum·

80 1023 173 1084 modo
197 1024 355 1103 displiceat
378 1024 577 1103 negligentia,
607 1026 671 1084 imo
692 1023 884 1084 remittuntur
905 1025 997 1084 etiam

80 1124 141 1166 non
164 1107 355 1187 negligenter
377 1109 510 1166 omissae
531 1116 623 1184 atque
651 1106 751 1166 adhue
780 1107 995 1186 perficiendae.

115 1224 118 1231 ·
164 1190 239 1267 Alii,
269 1188 350 1268 quod
382 1189 504 1250 valeant
535 1187 575 1249 ad
602 1189 822 1250 relaxationem
844 1191 999 1249 iniunotae

79 1274 303 1351 poenitentiae,
326 1273 492 1332 dummodo
515 1271 677 1339 sanandos,
701 1273 751 1351 qni
773 1273 904 1332 iniunxit
924 1290 997 1352 pos·

81 1355 248 1432 nitentium,
270 1358 434 1434 permittat,
456 1365 488 1414 ut
511 1356 608 1432 possit
630 1362 819 1415 oornmutare
840 1357 998 1435 poeniten·

81 1438 154 1496 tiam
177 1455 246 1497 oum
270 1437 508 1497 remissionibus.
551 1437 592 1496 Et
619 1436 698 1497 liaeo
729 1444 775 1497 est
807 1437 905 1517 proba
931 1457 998 1498 sen·

79 1521 176 1580 tentia
198 1529 228 1580 et
250 1539 321 1579 vera
341 1523 371 1579 in
395 1540 437 1597 re,
459 1521 515 1578 nisi
539 1519 622 1599 quod
643 1520 797 1598 restringit
812 1527 997 1600 potestatem

79 1603 264 1663 conterentis
297 1602 511 1682 indulgentias.
553 1603 680 1662 'Verum
709 1613 757 1662 est
784 1604 880 1680 enim,
915 1602 998 1683 qnod

78 1687 231 1745 iniunotas
252 1688 457 1766 poenitentias
479 1685 634 1764 relaxant,
663 1685 717 1744 sed
747 1702 808 1745 non
838 1687 999 1766 requiritur

80 1786 250 1828 consensus
272 1770 348 1847 eius,
368 1770 420 1847 qui
437 1769 576 1827 iniunxit.

163 1850 268 1929 Sexta,
290 1870 380 1931 quam
403 1852 482 1911 ultra
504 1853 578 1910 istas
601 1852 734 1928 quinque
749 1851 780 1909 in
793 1851 897 1930 glossa
912 1869 998 1930 prae·

82 1933 163 1993 dieta
183 1936 301 2013 positas
323 1934 431 1996 Pauor.
454 1934 594 2012 addnoit,
625 1933 707 2012 qaod
729 1940 874 2012 prosunt,
908 1939 1001 2013 prout

47 2027 194 2081 ,sonant
215 2016 324 2092 rerba,
355 2023 385 2077 et
407 2015 508 2095 quoad
531 2016 646 2091 Deum,
678 2022 709 2074 et
730 2015 873 2093 quoad1)
898 2016 1002 2095 poeni-

82 2101 220 2174 tentiam,
242 2100 293 2158 hio
313 2102 491 2193 iniunctam,
514 2106 543 2158 et
565 2098 646 2158 hane
667 2097 740 2157 dieii
762 2100 858 2157 teneri
878 2115 898 2156 a
920 2097 1000 2159 Goff.

80 2182 167 2242 Host.
179 2183 221 2240 ln
235 2182 339 2245 An..²t
363 2166 491 2241 Eth‘ane
513 2200 571 2260 ego
595 2198 717 2259 quoque
739 2186 841 2249 teneo
864 2187 897 2239 ut
918 2182 1001 2240 iacet

81 2267 252 2324 e'tsonat
245 2284 274 2323 ru
297 2265 407 2325 verbis
452 2264 512 2325 Sed
544 2282 606 2324 non
635 2274 747 2343 sequor
768 2263 997 2342 intelligentiam

82 2348 229 2424 omnium,
241 2350 376 2407 maxime
390 2356 481 2427 propt
483 2368 514 2407 er
471 2346 608 2407 tistutl
621 2345 757 2420 verbum,
776 2346 877 2425 quoad
890 2346 1000 2422 Deum,

81 2449 137 2508 per
155 2429 241 2508 >quod
264 2431 288 2488 si
312 2431 482 2509 intelligunt
509 2431 600 2489 etiam
622 2447 740 2509 poenas
768 2430 876 2490 aDeo
904 2430 1000 2508 imp'o·

81 2514 155 2572 sitas
178 2513 298 2590 remitti,
322 2515 387 2572 sive
409 2514 458 2573 hie
479 2513 544 2571 sive
567 2514 597 2571 in
620 2513 809 2591 purgatorio,
832 2512 910 2571 ultra
928 2529 1000 2591 poe·
1075 2572 1081 2579 ,

82 2596 223 2654 nitentias
246 2595 284 2654 ab
307 2597 439 2655 eeclesia
461 2597 508 2655 vel
537 2594 707 2655 canonibus
738 2595 906 2669 iniunctus,
938 2612 1000 2653 non

82 2677 174 2737 oredo
196 2697 312 2753 verum,
335 2679 392 2737 nisi
415 2679 471 2737 sub
488 2678 540 2738 tali
556 2677 776 2755 moderatione,
798 2678 1001 2754 quiapoenae

82 2761 250 2840 purgatorii
283 2764 474 2821 remittuntur
505 2763 571 2819 sine
598 2766 751 2840 potestate
782 2759 913 2819 olavium
945 2777 1002 2838 per

81 2843 178 2902 solam
215 2845 438 2904 contritionem.
480 2843 554 2903 Ideo
589 2843 613 2901 si
648 2843 715 2920 quis
751 2842 885 2920 periente
913 2841 1003 2900 tuerit

82 2927 239 2991 contritus,
265 2926 356 2985 oredo
380 2926 462 3005 qnod
476 2928 522 3000 sit,
545 2924 648 3003 quoad
661 2925 769 3000 Duum,
792 2925 1000 3003 apnrgatorio
1096 2953 1100 2960 .

81 3007 251 3068 absolutus.
301 3008 411 3083 Quoad
446 3027 563 3089 poenas
593 3015 694 3068 autern
728 3007 816 3066 huius
844 3008 1001 3086 temporis,

82 3091 168 3160 dieo,
199 3090 331 3168 quodid
355 3093 468 3152 nullam
492 3089 584 3155 habet
606 3090 815 3160 autoritatem,
849 3098 881 3148 at
908 3106 1000 3168 supra

81 3176 155 3232 satis
181 3173 292 3232 dietum
317 3185 364 3234 est
353 3174 512 3236 tOonelu
535 3177 563 3237 5
603 3172 671 3231 Non
695 3180 740 3231 est
762 3175 841 3231 enirn
863 3173 1001 3231 nomina·

83 3256 152 3315 bilis
174 3257 227 3316 illa
248 3274 359 3335 poena,
382 3279 461 3338 qnae
483 3255 586 3334 quoad
600 3255 697 3314 Deum
720 3256 830 3314 remitti
854 3255 1002 3314 credatur.

164 3338 241 3399 Ideo
264 3357 324 3417 ego
347 3343 491 3415 dicerem,
514 3338 596 3418 quod
618 3337 702 3409 illud,
724 3338 826 3416 quoad
849 3336 1001 3413 Deum³],

83 3421 174 3480 debet
195 3420 322 3504 intelligi
345 3445 405 3485 non
431 3427 468 3485 de
489 3424 598 3502 poenis
621 3440 639 3480 a
660 3421 728 3480 Deo
749 3421 918 3500 impositis,
947 3416 1001 3479 sed

156 3616 184 3680 t)
208 3616 287 3669 thid:
319 3621 346 3666 et
365 3619 438 3684 quod
466 3615 499 3667 ad
536 3619 683 3671 Deumt
656 3622 683 3670 et
712 3634 766 3685 quo
794 3633 876 3684 poem
878 3617 1001 3669 entiam

81 3686 155 3811 331¹ss
159 3703 192 3811 gu
195 3686 352 3811 11tiottredo
372 3689 518 3755 Hostiensi,
536 3691 599 3744 Jnn
611 3689 730 3742 Andrea
769 3688 800 3755 3)
825 3688 906 3742 lbid:
927 3687 1001 3757 quod
