2356 4200
376 281 410 336 de
429 274 528 336 nnus
541 270 825 365 ‘indulgenltatmauffi
879 249 883 255 ¹
992 279 1090 348 227,

114 447 297 529 'poenarum
321 451 550 528 remissionem,
581 451 653 530 quia
673 457 759 513 tenet
778 451 934 532 remissio,
961 452 1055 512 etism

128 533 155 591 si
177 530 256 591 fictis
268 532 469 611 concedatur,
490 552 560 593 cum
577 535 658 593 sitin
673 549 758 594 mers
774 539 929 613 potestate
941 552 1052 615 papae.

184 630 197 643 ’·
210 613 257 675 llli
278 630 364 693 vcro,
386 624 419 676 ut
442 635 534 697 supra
555 634 679 696 quoquc
699 615 815 676 dictum
836 622 898 695 cst,
929 617 955 678 si
976 616 1055 678 ulios

127 715 245 778 poenas
291 716 382 777 quam
418 700 576 759 criminum
613 699 722 760 volunt
757 699 890 777 remitti,
925 699 1053 781 scilicet,

148 779 420 863 norumcunquel)
461 782 635 842 mortalium
675 788 888 860 peccatorum,
930 781 1054 862 faciunt,

127 799 206 923 dum
223 863 353 923 nimium
371 860 796 944 magnificantindulgentiss,
816 871 853 925 at
871 863 974 924 nullae
993 866 1055 926 sint

126 944 351 1026 indulgentiae,
389 949 461 1027 quia
489 964 547 1007 nec
574 946 786 1028 indulgentiae
815 946 937 1027 quidem
971 955 1053 1029 sunt,

126 1029 311 1090 stinccrtse
339 1036 418 1090 sunt.
468 1029 607 1090 incertae
626 1049 711 1091 *vero
740 1035 824 1108 sunt,
859 1030 885 1089 si
917 1030 1055 1092 nituntur

126 1122 221 1192 snper
239 1112 422 1173 absolvendi
444 1113 685 1188 conscientiam,
716 1130 777 1174 non
808 1130 901 1192 super
920 1112 1052 1173 clavium

126 1200 324 1274 potestatem,
347 1196 481 1256 maxime
502 1214 587 1270 vero,
610 1197 635 1254 si
660 1202 691 1255 et
712 1214 805 1276 super
823 1197 960 1256 omnium
983 1214 1054 1277 pcc-

125 1283 265 1338 catorum
296 1279 488 1357 mortalium,
525 1296 587 1338 non
619 1285 737 1338 tantum
765 1279 925 1339 criminum
959 1279 1054 1349 mani·
1143 1285 1147 1294 “

124 1359 272 1420 festorum
295 1347 648 1437 contritionemtunlur,
672 1379 745 1421 cum·
762 1361 865 1421 nullus
886 1369 988 1423 certus
1003 1363 1053 1440 sit,
1075 1402 1078 1407 -

125 1460 161 1503 se
182 1443 249 1503 sine
280 1450 411 1523 peccato
440 1444 563 1504 mortali
590 1462 668 1503 esse.
713 1443 821 1509 Certus
852 1453 954 1505 autem
984 1462 1054 1505 esse
1100 1500 1103 1506 .

123 1528 238 1605 potest,
261 1525 344 1605 qnod
366 1528 433 1585 sine
455 1527 581 1587 crimine
604 1532 660 1604 est,
682 1526 712 1586 id
736 1533 799 1606 est,
822 1528 888 1587 sins
910 1534 1050 1607 peccato,

123 1608 167 1676 do
182 1626 248 1688 ·quo
278 1626 382 1668 coram
416 1609 548 1669 ccclesia
577 1611 678 1690 possit
705 1610 861 1684 accusari,
888 1620 922 1670 ut
951 1629 1052 1691 snpra.

78 1705 82 1711 ·
123 1690 199 1752 ldeo
227 1690 314 1750 illam
344 1691 576 1752 conclusionem
609 1710 690 1773 nego
723 1708 794 1765 esse
827 1711 948 1769 veram,
982 1710 1054 1755 meo

124 1790 217 1834 sensu
248 1772 389 1852 loquens.
433 1774 526 1836 Posui
548 1783 669 1854 eutem,
703 1781 737 1835 nt
764 1773 904 1836 viderent
930 1775 974 1836 illi
1002 1774 1054 1839 sl>

126 1856 306 1916 surditatem
342 1874 415 1917 sune
451 1858 634 1935 iactantiae,
665 1874 728 1938 qus
760 1857 968 1939 indulgentius
1001 1878 1054 1920 ax·

124 1938 264 2000 tendunt.
702 1964 704 1969 ·

198 2109 219 2139 ,
313 2074 319 2091 ·
399 2032 778 2131 ConclusidXXXl.
865 2123 904 2144 ¹.

165 2178 179 2208 ⁸
209 2183 308 2259 Quam
328 2203 412 2243 rarus
435 2191 483 2244 est
505 2204 578 2245 vere
599 2186 780 2265 poenitens,
811 2192 871 2245 tam
893 2204 978 2246 rarus
1001 2194 1049 2246 ost

126 2286 200 2340 sere
221 2266 427 2348 indulgentias
449 2267 614 2347 redimens,
637 2267 668 2328 id
689 2281 746 2345 set,
769 2269 953 2329 rarissimus.
1073 2278 1076 2283 '

192 2348 319 2415 >Iterum
344 2366 448 2427 eorum
473 2350 585 2430 loquor
606 2352 769 2430 sententia,
791 2358 825 2411 ut
838 2351 964 2414 videant
977 2370 1052 2413 susc

124 2432 307 2492 licentiosae
328 2432 566 2513 praedicationis
587 2436 809 2513 temeritatem,
837 2436 900 2496 imo
931 2442 1052 2496 contra·
1136 2458 1142 2465 ·

124 2515 310 2593 dictionem,
330 2517 381 2594 qui
405 2533 471 2575 cum
496 2525 556 2575 tam
579 2517 682 2577 multis
705 2535 758 2577 eus
779 2517 929 2597 prodesse
949 2517 1053 2579 clami·

124 2605 201 2674 tent,
215 2605 248 2658 et
261 2602 365 2658 lernen
383 2597 573 2659 ‘confitentur
588 2618 704 2679 paucos
722 2618 802 2677 esse,
815 2601 876 2680 ‚qui
889 2607 1050 2681 angustam

124 2683 207 2741 viam
221 2679 388 2760 ambulant,
410 2679 546 2741 nondum
562 2682 755 2761 erubescunt,
775 2701 876 2763 neque
889 2682 1053 2744 attendunt

124 2762 198 2845 quid
219 2763 393 2843 loquamur.
437 2764 497 2824 Sed
520 2783 579 2824 nec
600 2767 725 2844 mirum,
755 2766 928 2843 nonenim
949 2782 1052 2826 susce·

123 2853 236 2927 parunt
264 2845 399 2906 officium
430 2848 624 2908 contritionis
657 2855 689 2908 et
721 2855 871 2933 angustas
897 2849 968 2910 vise
997 2846 1051 2910 do·

123 2926 252 2991 candae.
281 2928 382 2989 Meum
404 2929 509 3008 itaque
527 2948 651 2990 sensum
666 2929 747 3010 dico,
767 2931 851 3011 qnod
876 2932 933 2992 etsi
956 2932 1047 3012 pauci

123 3012 186 3072 sint
208 3013 340 3089 contriti,
363 3012 459 3089 multi,
481 3013 544 3073 imo
567 3030 675 3073 omnes
696 3014 728 3073 in
750 3021 817 3077 tots
830 3014 1047 3094 ecclesiapos·

123 3100 197 3161 sunt
217 3111 287 3154 esse
307 3095 396 3156 liberi
417 3114 436 3154 a
456 3095 568 3175 poenis
588 3113 758 3175 canonum,
782 3114 840 3178 per
860 3095 1047 3158 ablationem

123 3176 288 3256 canonum,
311 3179 391 3239 sicut
410 3185 442 3238 et
462 3195 537 3239 rere
558 3196 640 3239 nunc
660 3187 742 3242 sunt.
823 3201 824 3205 ¹

394 3294 611 3377 Conclusio
634 3312 785 3383 XXXII.
810 3329 816 3346 ‘

209 3427 441 3490 Damnabuntur
466 3432 499 3491 in
520 3440 678 3493 aeternum
704 3452 774 3494 oum
804 3434 866 3493 suis
888 3433 1050 3515 magistris,

123 3513 178 3590 qui
198 3530 253 3654 pap
272 3511 384 3655 tliteras
413 3515 570 3575 veniarum
597 3534 724 3586 securos
759 3534 829 3577 sese
856 3515 984 3578 credunt
1010 3516 1052 3578 de

123 3613 181 3655 sua
204 3614 238 3655 ss
252 3615 270 3654 u
285 3614 312 3656 s.

124 3704 551 3735 -·-·-··-·-----....t-.

198 3763 229 3834 1)
251 3767 281 3817 ln
300 3765 343 3820 ed.
362 3768 467 3835 princ:
487 3775 738 3853 quma-cunque?

769 3872 838 3939 ro*
885 3854 890 3871 “
