2356 4200
125 269 192 343 400,
425 270 606 329 Probatioues
626 269 752 325 conclus.

125 446 190 504 stus
211 440 341 501 retraxit
362 445 393 500 ct
419 440 452 500 iu
474 459 508 501 sc
530 441 629 520 ipsum
653 439 774 501 reduxit
796 440 862 501 cius
884 439 1046 521 volatilem

125 523 293 604 cogitatum
316 521 482 602 quaerendi
510 522 609 582 Deum
632 521 721 602 alibi,
745 521 874 583 dicens:
897 522 1049 602 Philipps,

125 607 176 685 qui
189 605 275 666 videt
284 624 333 667 me
347 605 431 666 videt
440 606 597 667 etPatrem
611 624 721 683 meum,
733 625 806 686 ergo
815 607 846 665 in
856 604 977 668 Christo
985 624 1048 665 cru·

101 733 104 745 .
126 687 218 769 cifixo
227 695 274 749 est
281 707 354 750 vera
367 689 525 770 theologia
536 694 568 749 et
579 688 792 768 cognitioDei.
813 687 854 749 Et
865 687 979 750 Johan.
994 690 1052 754 10:

124 771 224 832 Neruo
253 772 337 832 venit
362 771 404 832 ad
430 771 567 851 Patrem,
601 773 659 831 nisi
695 791 751 852 per
772 791 829 833 me.
873 769 943 852 Ego
980 790 1048 832 sum

126 855 240 935 ostium
262 862 322 919 etc..

536 981 616 1042 XXI.

208 1099 388 1180 Theologus
419 1097 537 1178 gloriae
566 1097 640 1159 dicit
666 1098 778 1162 malum
801 1099 916 1161 bonum
943 1107 976 1161 et
996 1101 1051 1165 bo

126 1205 199 1246 num
223 1183 346 1260 malum,
368 1181 533 1260 theologus
555 1183 653 1243 crucis
670 1180 753 1255 dicit,
774 1181 806 1243 id
817 1182 900 1262 quod
922 1203 972 1247 res
994 1191 1056 1249 aaa,

211 1266 316 1343 Patet,
350 1266 437 1343 quia,
467 1263 538 1323 dum
567 1264 690 1345 ignorat
725 1264 896 1343 Christum,
927 1268 1053 1347 ignorat

130 1351 230 1411 Deum
262 1347 476 1409 absconditum
509 1347 538 1406 iu
567 1348 779 1426 passionibus,
812 1347 883 1409 ideo
916 1350 1051 1430 praefert

128 1451 224 1513 opera
246 1429 456 1511 passionibus,
488 1436 519 1489 et
540 1430 670 1510 gloriam
692 1433 791 1510 cruci,
813 1434 984 1511 potentiam
1007 1435 1049 1494 iu-

127 1516 280 1598 firmitati,
313 1533 347 1574 sa
369 1514 493 1579 ientiam
517 1513 678 1592 stultitiae,
709 1520 740 1574 et
761 1515 975 1578 universaliter
995 1515 1049 1578 bo·

129 1618 202 1659 num
224 1596 317 1681 malo.
339 1534 430 1657 ”Pales
453 1601 532 1675 suut,
555 1613 633 1676 quos
655 1598 815 1677 apostolus
837 1606 930 1662 vocat
950 1599 1051 1669 inimi·

128 1677 193 1744 cos¹
210 1682 308 1743 crucis
340 1678 505 1755 Christi.*)
549 1677 662 1758 Utique
694 1681 766 1759 quia
795 1679 904 1741 odiunt
922 1699 1048 1743 crucem

130 1771 162 1837 et
181 1756 353 1849 passiones,
375 1767 480 1822 amant
502 1779 576 1822 vero
595 1780 690 1843 opera
712 1769 744 1823 et
764 1763 894 1843 gloriam
915 1763 1049 1845 illorum,

129 1866 166 1908 ac
180 1847 224 1909 sio
238 1846 353 1908 bonum
365 1845 462 1907 crucis
471 1843 706 1923 dicuntmalum,
725 1854 756 1906 et
763 1845 877 1907 malum
887 1849 990 1927 operis
1006 1846 1049 1913 di

129 1929 335 1991 cuutbonum.
356 1928 573 1989 AtDeumuon
582 1929 722 2006 inveniri,
744 1930 803 1989 nisi
814 1931 846 1990 iu
855 1930 1053 2009 passionibus

129 2019 161 2074 et
183 2031 282 2091 cruce,
304 2013 365 2073 iam
388 2010 502 2071 dictum
525 2018 580 2071 est.
618 2009 692 2071 ldeo
715 2012 805 2072 amici
827 2015 924 2073 crucis
947 2013 1052 2074 dicunt

129 2114 331 2156 crucemesse
347 2094 470 2172 bonam,
495 2100 526 2154 et
537 2113 631 2172 opera
647 2094 737 2174 mala,
759 2097 830 2174 quia
851 2093 907 2176 per
929 2115 1050 2158 crucem

133 2179 329 2253 destruuntur
362 2196 472 2257 opera,
502 2181 534 2237 et
559 2176 744 2258 crucifigitur·
764 2178 881 2258 Adam,
914 2181 966 2259 qui
995 2199 1051 2262 per

129 2282 225 2344 opera
246 2262 349 2342 potius
380 2258 565 2333 aedificatur.
608 2259 786 2341 lmposibile
821 2269 868 2322 est
896 2264 988 2342 euim,
1018 2269 1052 2324 ut

133 2364 195 2407 nou
219 2343 340 2407 infletur
362 2343 505 2422 operibus
528 2343 591 2403 suis
613 2343 712 2423 bona,
736 2344 785 2423 qul
809 2364 871 2406 non
892 2346 1050 2425 priuaexi-

130 2429 252 2490 nanitus
274 2435 309 2489 et
328 2426 498 2488 destructus
521 2431 568 2486 est
588 2427 783 2505 passionibus
806 2435 838 2488 et
860 2427 964 2506 malis,
995 2427 1052 2492 do·

129 2531 188 2573 nec
209 2510 437 2591 sciatseipsum
460 2528 530 2571 esse
550 2509 634 2589 nihil,
657 2517 688 2571 et
709 2529 805 2590 opera
826 2530 889 2573 non
905 2530 976 2591 sua,
995 2511 1049 2573 sad

130 2595 187 2659 Dei
210 2615 288 2658 asse.

188 2917 191 2920 Δ
213 2838 371 2920 Sapientis
393 2832 459 2916 illa',
477 2860 556 2919 quae
577 2838 742 2912 invisibilia
763 2840 820 2900 Dei
842 2839 987 2920 operibus
1007 2841 1056 2905 ium

132 2919 257 2984 tellecta
269 2923 430 3002 conspicit,
445 2925 574 2985 omnino
588 2921 683 2999 inflat,
697 2929 846 2983 excaecat
866 2928 898 2984 et
918 2921 1050 2988 indurat.

213 3004 245 3065 ld
262 3005 322 3065 iam
345 3005 543 3084 dictumest,
567 3005 652 3084 quia,
677 3025 716 3064 ex
738 3023 798 3086 quo
822 3024 942 3067 erucem
965 3009 1052 3088 igno·

130 3096 199 3159 rant
228 3094 321 3167 atque
354 3088 477 3167 odiunt,
515 3088 690 3158 necessario
724 3089 877 3149 contraria
910 3088 1051 3170 diliguat,

132 3171 257 3251 seilicet,
280 3172 471 3250 sapientiam,
493 3171 624 3252 gloriam
648 3177 679 3231 et
698 3173 869 3251 potentiam
895 3179 952 3232 etc.
976 3172 1050 3234 ldoo

132 3253 186 3314 tali
209 3272 316 3315 amore
338 3255 434 3335 magis
457 3261 662 3315 excaecantur
684 3261 715 3314 et
725 3253 913 3325 indurantur.
935 3254 1052 3335 Impos

131 3335 219 3397 sibile
247 3343 294 3396 est
327 3337 417 3416 enim,
441 3336 523 3416 quod
546 3336 697 3418 cupiditas
720 3339 847 3398 satietur
874 3335 936 3416 his,
970 3357 1051 3418 quae

131 3419 224 3500 cupit,
246 3421 411 3498 acquisitis.
454 3419 539 3481 Sicut
560 3421 641 3482 enim
670 3422 780 3481 crescit
807 3439 895 3481 amor
925 3423 1052 3500 nummi,

132 3509 277 3584 quantum
306 3503 374 3582 ipsa
401 3505 532 3584 pecunia
555 3504 674 3564 crescit.
717 3502 768 3564 Sia
789 3502 965 3583 hydropisis
988 3508 1050 3567 ani·

132 3659 550 3674 *Μ

174 3738 354 3838 mannan.
374 3768 400 3823 a.
467 3771 468 3775 ¹
