2356 4200
335 295 370 352 ds
388 298 489 351 nrum
504 237 749 392 indulgentiarum.
939 287 1003 358 1213

80 465 184 525 sinunt
206 461 300 525 libere
320 483 422 545 cgere,
443 482 502 525 nec
523 469 639 542 oursnt,
661 469 695 524 ut
713 462 788 523 liant
804 461 1002 540 notoriiiurc,

81 545 248 609 secundum
276 546 351 607 illud
375 554 572 629 praeceptum
596 546 770 624 Christi*):
814 544 871 606 Dic
897 542 1003 606 llools·

81 630 155 706 sinc,
177 629 201 688 si
226 629 391 692 ecclesium
413 649 475 691 non
498 629 616 691 uudirst
636 635 696 690 otc.

163 710 325 790 Secundo,
358 713 451 774 credo
474 713 614 774 omnibus
636 719 759 793 potere,
790 707 872 789 quod
901 708 1001 770 solum

80 813 137 876 pro
166 794 340 856 criminibus
361 796 558 876 imponuntur
579 813 699 877 poenus
721 794 903 863 onnonicss,
926 809 1002 872 crgo

80 876 288 958 indulgentiae
311 879 355 956 (si
376 886 448 939 sunt
468 879 663 939 remissiones
685 879 930 953 canonumJnon
943 875 1002 935 nisi

82 961 253 1023 criminosis
267 968 338 1021 sunt
352 960 451 1022 utiles.
483 960 556 1022 Ideo
577 962 629 1040 qui
641 960 794 1021 communi
814 960 877 1019 vito
897 964 1002 1039 agunt,

82 1061 163 1123 quus
184 1045 250 1104 sins
272 1044 408 1125 peccatis
429 1042 598 1105 venialibus
621 1061 683 1104 non
706 1043 821 1122 agitur,
856 1059 919 1103 non
951 1040 1002 1101 bs·

82 1125 155 1186 beni
176 1144 254 1206 opus
276 1127 389 1204 veniis,
416 1127 551 1187 maxime
572 1145 642 1187 cum
663 1144 722 1187 noc
750 1122 861 1186 debent
888 1123 1002 1184 institui

82 1226 184 1289 poeno
209 1209 389 1285 venialibus,
410 1210 472 1270 imo
494 1229 552 1270 noc
566 1207 884 1283 confiteritenesnlur‚
906 1205 1002 1267 multo

82 1293 181 1352 minus
204 1293 309 1352 venias
332 1291 483 1353 redimere
504 1310 582 1371 opus
604 1290 727 1353 hubent.
760 1290 905 1369 Alioquin
919 1295 1003 1350 cssct

82 1392 226 1452 necesso,
260 1391 377 1456 poenus
410 1377 576 1435 canonicas
598 1371 638 1435 sb
660 1372 801 1434 omnibus
824 1373 906 1433 omni
928 1379 1002 1433 tcm-

82 1475 158 1537 pors
177 1456 257 1534 ferri,
279 1476 348 1518 cum
367 1476 458 1530 nemo
480 1465 531 1529 (ut
546 1454 628 1532 dixi)
648 1457 714 1517 sins
727 1455 897 1517 venialibus
909 1456 1001 1517 vivut.

82 1539 184 1619 Atqus
206 1540 336 1620 amplius
359 1539 481 1620 loquor,
510 1557 568 1600 neo
589 1557 646 1619 pro
669 1539 752 1599 omni
774 1545 902 1619 peccalo
925 1554 1002 1599 mor·

81 1621 134 1683 tsli
167 1630 238 1683 sunt
273 1623 382 1683 vsnise
403 1622 614 1697 redimendus,
651 1620 734 1701 quod
767 1622 812 1682 sic
848 1620 1001 1682 ostendo:

82 1704 180 1766 Nsmo
203 1712 303 1766 certus
326 1710 383 1782 cst,
404 1723 439 1766 so
459 1725 521 1768 non
541 1723 663 1785 semper
678 1722 809 1785 peccare
826 1703 1002 1780 mortaliter,
1076 1707 1081 1718 '

81 1794 207 1868 propter
239 1787 477 1848 occultissimum
506 1787 668 1868 superbius
697 1788 812 1848 vitium.
865 1785 897 1848 Si
927 1804 1002 1867 crgo
1090 1829 1093 1841 .

83 1889 176 1951 super
197 1872 282 1930 omni
304 1869 425 1933 mortali
445 1878 561 1931 starent
582 1871 752 1931 canonicus
773 1887 913 1950 poenus,
938 1887 1001 1930 non

83 1960 165 2014 esset
185 1959 251 2013 tots
272 1954 335 2013 vits
355 1951 506 2034 fidelium,
537 1953 615 2014 ultrs
636 1971 756 2013 crucem
779 1951 1003 2033 evangelican,

84 2036 141 2096 nisi
162 2036 254 2096 etism
270 2037 486 2097 canonicarum
502 2054 668 2116 poenarum
682 2034 866 2100 carnificina.
899 2032 1002 2110 Qusrs

84 2126 115 2178 st
133 2136 255 2199 semper
274 2117 471 2180 redimendus
493 2127 597 2178 essent
617 2118 834 2198 indulgentius,
856 2123 947 2196 utque
960 2118 1004 2178 ni·

85 2200 127 2262 hil
149 2200 231 2262 aliud
254 2200 416 2281 agendum.
449 2200 539 2276 Quod
562 2202 588 2260 si
609 2200 670 2261 hoc
689 2199 853 2261 absurdum
874 2208 933 2277 est,
950 2219 1003 2281 ps·

88 2290 141 2364 tet,
164 2283 369 2363 indulgentius
391 2302 454 2344 non
477 2303 545 2344 esse
566 2284 624 2347 nisi
646 2302 739 2364 super
761 2282 940 2363 pecentino
956 2300 1004 2344 cs·
1106 2280 1111 2285 ’

86 2365 218 2426 nonibus
239 2367 362 2446 punitis.
406 2367 537 2427 Pecccts
550 2375 659 2440 sutem
684 2386 703 2427 a
720 2365 889 2427 canonibus
904 2366 1004 2447 puniri

84 2448 168 2509 nulls
186 2456 332 2530 possunt,
355 2449 412 2509 nisi
435 2456 518 2509 certo
539 2458 570 2510 st
590 2448 715 2529 publicu
735 2450 876 2526 crimina,
904 2448 1002 2512 amsi

85 2531 211 2592 multum
239 2550 365 2612 urgear,
399 2530 523 2611 schem,
554 2550 636 2611 quus
660 2531 717 2592 sibi
739 2541 824 2593 cortu
844 2538 915 2592 sunt
935 2549 1004 2592 esse

85 2615 220 2682 crimina,
241 2623 275 2674 ut
296 2614 359 2675 dixi
381 2614 420 2675 ds
439 2614 608 2694 adulterio,
640 2614 737 2684 furto.
758 2614 923 2676 homicidio
946 2622 1004 2678 etc.

84 2698 115 2758 id
138 2704 193 2778 est,
217 2697 377 2758 manifesto
399 2715 493 2778 opera
513 2697 596 2759 loris.
640 2696 742 2772 Quare
763 2716 932 2759 consensus
955 2717 1005 2759 ou

84 2782 253 2859 iuscunqne
286 2779 422 2840 mortalis
444 2799 505 2840 non
527 2781 659 2860 pertinet
680 2779 719 2840 nd
741 2781 907 2841 canonicos
932 2798 1004 2863 pos

83 2882 140 2923 nss
162 2863 210 2923 vel
231 2861 433 2944 imponendos
456 2862 505 2923 vel
522 2862 729 2940 remittendos,
745 2869 777 2923 ut
797 2881 856 2923 nso
878 2863 1003 2925 verbum

85 2947 157 3026 oris,
179 2946 235 3008 nisi
257 2949 297 3006 sit
318 2947 442 3007 occasio
465 2948 574 3026 operis
587 2945 689 3024 futuri,
711 2954 744 3006 ut
765 2947 855 3007 etism
878 2965 918 3007 ex
940 2965 1004 3006 vor·

86 3028 131 3089 bis
154 3047 305 3090 cononum
328 3035 422 3109 patet.
939 3027 941 3032 ’

56 3170 62 3187 ,
166 3111 285 3190 Tertio,
316 3130 374 3171 noc
401 3111 446 3170 sic
467 3116 537 3170 sunt
558 3110 733 3172 criminibus
755 3113 890 3192 impositi
912 3129 1004 3173 cono·

85 3214 148 3263 uss,
171 3195 243 3273 quin
266 3199 395 3263 cessent,
417 3194 442 3253 si
466 3194 532 3273 quis
556 3194 664 3254 melius
687 3194 759 3273 qnid
783 3199 939 3276 operetur,
972 3199 1006 3255 ut

86 3279 112 3337 si
134 3279 224 3337 intret
245 3277 482 3358 monasterium,
509 3284 562 3340 sut
584 3295 617 3337 ss
639 3276 766 3358 deputet
785 3277 909 3338 servitio
931 3296 1004 3357 psu-

86 3379 192 3440 perum
215 3366 246 3420 et
272 3359 448 3439 hospitalis,
480 3367 534 3420 sut
554 3378 611 3440 pro
636 3359 756 3421 Christo
778 3361 924 3440 potiatur,
952 3365 1006 3421 sut

87 3461 143 3524 pro
166 3442 324 3502 voluntate
346 3440 403 3502 Dei
425 3443 587 3515 moristur,
615 3450 668 3503 out
696 3443 793 3504 simile
826 3443 875 3502 vel
908 3443 1006 3502 moins

87 3527 243 3606 quippiam
266 3525 312 3585 his
334 3524 446 3585 fecerit.
489 3525 522 3586 ln
543 3525 621 3601 iis¹)
647 3526 756 3604 claret,
779 3524 861 3605 quod
883 3524 1007 3586 cunoni·

141 3713 172 3782 1)
194 3704 288 3769 loidi
301 3712 372 3765 his:

142 3787 173 3852 ⁰)
195 3785 286 3838 natm.
307 3784 349 3840 18.
