2356 4200
418 290 448 346 F.
463 289 588 346 silvestri
608 290 755 345 Prieristts.
982 280 1042 354 361

124 469 217 542 retur,
242 462 373 545 quilibet
392 468 495 524 tamen
507 461 577 524 Deo
600 469 705 544 gratus
728 480 767 522 ex
789 461 916 523 aliorum
931 461 1045 523 meritis

125 546 243 628 aliquid
265 546 341 608 boni
364 546 504 627 percipit,
525 551 600 626 puta
621 546 847 626 protectionem
867 545 940 624 Dei,
968 546 1047 607 sicut

124 633 208 693 Deus
243 629 422 692 recordatus
458 627 603 690 Abrahae
634 628 776 690 liberavit
811 628 870 688 Lot
907 634 1047 709 tempore

124 715 299 776 eversionis
332 711 499 790 Sodomae,
537 712 588 772 vel
620 712 729 772 saltem
762 711 1047 855 ipsuffipeudium,

125 796 209 880 quod
239 797 368 878 quisque
398 795 499 857 bonus
520 795 613 856 habet
635 794 674 855 de
694 794 778 856 bono
801 792 841 856 ali
883 810 918 874 o,
942 813 1047 855 secun-

125 881 196 943 dum
215 879 294 940 illud
317 875 564 962 Psalmistae*):
592 878 773 958 Participem
796 897 846 938 ms
867 877 932 957 fac,
953 878 1047 952 Deus,

126 965 263 1026 omnium
287 963 456 1024 timentium
480 969 510 1022 te
532 968 590 1022 etc.
623 960 683 1022 Sed
701 961 1047 1043 quiahccparticipium

145 1047 233 1108 aucis
255 1064 320 1107 non
341 1050 446 1127 potest
457 1043 550 1124 plene
564 1044 694 1124 absolvi,
707 1043 882 1104 dimittatur.
918 1043 950 1104 Si
972 1061 1048 1105 vero

125 1068 263 1210 lbquaris
293 1127 332 1189 de
365 1128 482 1188 eisdem
510 1127 621 1188 christi
651 1134 682 1188 st
709 1127 860 1187 ecclesiae
894 1125 1048 1209 operibus,

126 1214 228 1295 gratia
249 1211 478 1286 satisfactionis,
501 1209 570 1271 dico
594 1229 663 1270 cum
679 1210 751 1272 divo
767 1210 896 1289 Thoma,
918 1209 1000 1289 quod
1017 1211 1048 1269 in
1067 1260 1069 1265 ,

127 1295 324 1358 absolutione
345 1314 365 1354 a
384 1293 521 1374 peccatis
544 1313 583 1354 ex
604 1293 742 1354 bonitate
753 1293 811 1354 Dei
826 1294 1049 1354 interveniente

128 1378 242 1440 Christi
264 1378 410 1458 martyrio
434 1395 556 1456 semper
577 1376 691 1455 aliquid
713 1377 870 1437 relaxatur
880 1375 919 1437 de
936 1395 1050 1458 poena,

127 1481 189 1523 non
213 1467 319 1521 autern
341 1477 445 1540 poena
466 1465 548 1538 tota,
577 1459 713 1538 alioquin
741 1459 833 1539 plene
854 1459 985 1540 implens
1006 1460 1049 1519 in·

127 1546 265 1606 iunctum
288 1563 307 1603 a
328 1541 490 1603 sacerdote
510 1542 561 1602 vel
584 1561 713 1621 canone,
735 1543 855 1602 etiamsi
878 1561 940 1603 non
958 1543 1052 1622 plene

128 1626 312 1688 satisfecerit
332 1626 410 1703 Deo,
434 1623 582 1704 evolaret,
605 1624 688 1704 quod
711 1625 965 1705 esthaereticum,
987 1627 1050 1687 imo

129 1729 190 1772 non
214 1715 375 1790 oporteret
395 1705 589 1768 sacerdotem
621 1710 784 1787 quicquam
806 1709 976 1788 imponere,
993 1709 1052 1768 nisi

128 1792 207 1854 torte
234 1810 292 1873 per
319 1792 400 1850 viam
421 1790 595 1851 medicinae
616 1791 654 1851 ad
677 1791 924 1871 praecavendum
944 1792 973 1851 in
997 1810 1051 1871 po·

130 1882 254 1936 uterum.

212 1959 270 2035 38)
296 1957 382 2017 Mart.
404 1956 558 2016 Remissio
581 1962 683 2016 tamen
699 1962 731 2016 et
742 1957 937 2037 participatio
950 1974 1052 2036 papae

130 2042 214 2103 nullo
238 2039 333 2102 modo
356 2044 404 2100 est
425 2038 661 2117 contemnenda,
683 2040 755 2118 quia
778 2042 830 2115 (ut
841 2038 922 2116 dixi)
941 2045 988 2099 est
1001 2038 1051 2099 de·

130 2124 257 2184 'claratio
281 2123 471 2183 remissionis
494 2120 625 2182 divinae.

213 2205 267 2268 Sil.
296 2205 368 2266 Sive
394 2204 433 2264 de
459 2203 565 2283 culpa,
598 2205 664 2264 sive
693 2204 731 2264 de
758 2223 861 2285 poena
886 2202 1051 2283 intelligas,

130 2289 294 2367 utrobique
317 2286 532 2348 damnabiliter
549 2306 641 2363 erras,
665 2289 736 2366 quia
751 2293 782 2347 et
799 2287 921 2366 culpam
933 2285 1053 2346 relaxat

130 2372 314 2452 dispositive
343 2376 374 2430 et
401 2369 656 2446 ministerialiter,
687 2377 718 2430 et
746 2370 887 2431 similiter
916 2388 1051 2449 poenam

128 2455 374 2536 pervenissent
398 2451 505 2513 crebro
527 2454 588 2512 iam
612 2453 726 2512 dictum
750 2461 805 2514 est.

211 2536 270 2617 39)
295 2537 381 2598 Mart.
413 2534 632 2595 Difficillimum
655 2543 718 2614 est,
748 2537 840 2597 etiam
866 2535 1051 2595 doctissimis

128 2619 300 2701 theologis,
333 2618 423 2678 simul
451 2618 600 2678 extollere
632 2619 789 2678 veniarum
818 2619 991 2698 largitatem
1022 2612 1052 2677 et

129 2703 325 2764 contritionis
348 2702 508 2761 veritatem
533 2721 637 2761 coram
660 2700 786 2781 populo.

213 2785 267 2846 sil.
290 2785 467 2863 Postquam,
490 2783 631 2862 Martiae,
660 2803 806 2863 perverse
828 2782 969 2860 docuisti,
991 2782 1051 2840 iam

128 2888 211 2929 nunc
233 2867 395 2927 detrahere
417 2867 536 2945 incipis,
560 2873 590 2926 et
611 2868 769 2926 veniarum
794 2863 1051 2926 declamatoribus

128 2958 160 3010 et
197 2949 337 3031 pontifici
372 2956 604 3028 cousequenter.
658 2948 749 3024 Quod
783 2956 885 3009 autem
927 2946 1052 3007 difficile

127 3034 250 3110 astruis,
273 3052 332 3113 ego
355 3031 546 3112 impossibile
569 3039 673 3093 astruo
690 3031 754 3111 tibi,
777 3034 882 3112 tuique
894 3028 1052 3108 similibus,

128 3117 179 3197 qui
203 3134 267 3176 non
290 3135 324 3175 es
350 3115 445 3196 (pace
468 3121 520 3174 tua
542 3114 690 3190 dixerim)
715 3115 864 3176 bonarum
880 3111 1053 3192 disciplina

127 3218 195 3259 rum
217 3199 392 3278 praeceptis
420 3199 593 3274 institutus,
625 3200 676 3277 qui
705 3198 766 3258 duo
789 3199 866 3258 falsa
886 3202 1053 3274 praecepta

126 3290 231 3358 tenes,
261 3300 341 3360 quae
363 3281 470 3340 venias
493 3288 642 3341 evertunt.
687 3281 787 3342 Unum
812 3279 946 3360 quidem,
969 3278 1051 3356 quod

127 3383 202 3425 vera
230 3363 374 3424 contritio
403 3363 528 3423 aboleat
558 3382 680 3423 omnem
712 3383 862 3444 poenam,
895 3369 929 3421 ut
961 3380 1053 3441 supra

126 3448 243 3508 videris
265 3447 408 3523 innuere,
436 3445 533 3522 aliud,
562 3446 644 3524 quod
673 3466 747 3507 vera
769 3446 912 3507 contritio
935 3463 1052 3525 poenas

126 3531 227 3591 veniis
257 3530 428 3610 praeeligat
455 3548 593 3608 semper,
630 3536 661 3587 ut
690 3531 828 3607 sequenti
851 3528 1053 3589 conclusione

126 3613 255 3694 patebit.

186 3791 214 3860 ⁶)
236 3789 327 3843 Psalm
351 3788 408 3843 119.
