2356 4200
122 271 165 337 84
248 230 250 235 Ι
329 333 340 345 ,
425 270 595 330 ‘Sermones
614 234 761 329 lutheri·

123 443 198 504 dore
235 442 404 522 illustrant,
448 443 606 507 dicentes:
657 445 698 506 Se
741 443 844 505 dicere
885 448 1046 523 peccatum

124 527 235 605 fratris,
258 532 292 586 ut
313 526 390 586 alius
412 536 522 588 caveat
544 548 623 592 eum.
666 528 735 588 Hoc
757 535 804 587 est
826 527 958 589 eximiae
981 545 1048 606 spe

81 685 84 689 .
126 611 206 669 ciem
228 610 353 688 pietatis
376 615 407 669 et
428 611 575 671 inducere
603 612 704 670 fucum
733 612 882 687 caritatis,
916 609 1049 688 ideoque

126 699 174 752 est
196 712 321 752 aureum
344 699 375 752 θῖ
396 695 498 753 solare
520 694 720 754 meridianum
736 694 943 770 daemonium,
965 691 1049 772 quod

126 775 245 835 scilicet
264 776 374 836 volunt
395 778 515 837 avisare
537 777 640 838 aliurn.
671 776 731 838 Sed
752 776 824 855 quid
844 783 952 837 contra
971 776 1049 836 haec

124 858 403 938 possumdicere?
446 879 508 919 non
540 880 702 939 possumus
736 878 867 942 negare,
901 860 1048 937 quoniam

125 942 186 1001 lroc
215 941 400 1020 quandoque
429 961 548 1002 summe
578 945 617 1003 sit
643 945 866 1021 necessarium,
901 943 972 1020 quia
1005 943 1050 1002 sic

126 1026 316 1105 Augustinus
329 1036 360 1083 et
370 1026 522 1086 Doctores
538 1034 646 1087 contra
658 1026 840 1104 haereticos,
853 1027 897 1085 sic
911 1025 1049 1086 Christus

125 1115 233 1168 contra
253 1108 445 1188 Pharisaeos,
469 1110 513 1168 sic
541 1109 702 1188 apostolus
724 1115 831 1169 contra
852 1108 1047 1190 pseudoapo-

124 1191 234 1252 stolos.
277 1190 423 1270 Magnum
446 1192 561 1252 habent
583 1193 633 1252 hic
654 1194 870 1271 patrocinium,
892 1190 948 1251 sed
964 1190 1048 1252 vidc-

124 1280 191 1351 ant,
215 1280 248 1332 ut
269 1275 330 1332 sint
351 1275 445 1353 tales,
479 1276 586 1353 quales
609 1276 652 1334 illi
676 1276 810 1353 fuerunt,
833 1283 864 1335 et
885 1294 924 1334 ea
944 1281 1049 1335 mente

124 1355 187 1433 fiat,
209 1375 310 1434 eoque
334 1359 467 1437 motivo,
493 1360 536 1417 eis
559 1360 699 1437 personis
723 1365 780 1418 etc.
802 1360 822 1419 i.
845 1378 872 1418 θ.
902 1357 1047 1417 iudicium

124 1459 187 1500 non
210 1442 478 1518 praetermittatur.

208 1521 270 1593 Sex
293 1532 363 1584 suot
386 1524 470 1584 modi
493 1524 701 1599 detractionis,
724 1523 763 1585 de
786 1522 894 1602 quibus
910 1521 1050 1583 videatur

124 1604 318 1665 Bernhardus
340 1608 372 1665 in
394 1606 659 1687 Quadragesimali
682 1607 779 1668 Serm.
801 1609 850 1671 23.
879 1613 911 1666 et
941 1605 979 1664 de
1000 1623 1048 1665 re·

124 1689 283 1748 stitutione
305 1688 432 1749 honoris
451 1689 609 1753 Serm.3li.
631 1690 696 1750 Art.
719 1693 747 1754 3.
771 1690 821 1749 ubi
844 1689 933 1749 dicit:
957 1687 1047 1762 Quod

124 1770 280 1831 detractor
310 1779 358 1832 θεῖ
379 1772 599 1833 daemoniacus
621 1773 689 1849 ille,
716 1775 818 1851 quiin
841 1773 1048 1832 monumentis

125 1852 312 1932 morabatur,
335 1857 355 1914 i.
379 1876 403 1916 θ.
430 1857 460 1914 in
476 1855 656 1935 gutturibus.
691 1855 870 1936 Sepulcrum
893 1856 974 1914 enim
996 1873 1048 1932 pa-

125 1944 195 1996 tens
217 1944 265 1996 est
287 1945 391 2017 guttur
416 1957 539 2021 eorum,
563 1947 594 1999 et
616 1939 741 2016 eodem,
776 1945 924 1999 moreest
945 1945 1049 2018 guttur

124 2038 231 2080 eorum
256 2027 287 2080 et
309 2021 476 2080 suntnihil
498 2023 556 2081 nisi
580 2019 685 2102 lingua
707 2031 738 2082 et
754 2029 865 2102 guttur,
881 2021 1047 2082 illeautcm

123 2102 228 2162 habuit
260 2104 416 2184 legionem
444 2103 647 2182 daemonum,
680 2111 727 2165 tot
753 2105 847 2165 habet
873 2106 904 2164 in
926 2109 1047 2183 gutture

124 2185 308 2264 daemones,
336 2195 411 2265 quot
446 2187 660 2247 detractiones.
714 2187 804 2248 Unde
836 2185 1047 2247 Bernhardus:

126 2268 281 2329 detractor
303 2275 334 2329 et
354 2269 454 2331 libens
475 2270 680 2331 detractorum
703 2271 825 2330 auditor
846 2275 973 2349 uterque
985 2269 1048 2328 dia·

125 2352 229 2411 bolum
252 2351 360 2430 habet,
392 2353 445 2412 ille
474 2355 503 2413 in
535 2354 658 2434 lingua,
692 2352 792 2413 hiciu
815 2372 897 2412 aure.
918 2350 1049 2413 'Omnis

124 2435 232 2514 lingua
244 2434 424 2495 detractoris
437 2445 485 2496 est
496 2437 601 2516 lingua
614 2435 739 2515 diaboli,
752 2439 822 2515 quia
833 2435 990 2495 sicutJobi
997 2436 1047 2501 40.

125 2517 274 2596 dicuntur,
288 2518 456 2579 Umbilicus
470 2521 570 2580 carnis
582 2527 613 2579 et
621 2519 714 2579 lumbi
726 2521 860 2580 virorum
871 2520 967 2598 ipsius
978 2537 1047 2578 esse

126 2607 253 2679 propter
267 2603 558 2680 concupiscentiam,
573 2604 616 2661 ita
631 2602 790 2680 quodlibet
808 2602 977 2662 membrum
992 2602 1047 2661 ini-

125 2702 186 2761 qua
201 2684 326 2763 faciens,
341 2686 419 2745 sieut
434 2705 451 2745 e
469 2687 623 2745 contrario
640 2685 777 2745 Christus
800 2685 893 2745 habet
910 2683 1048 2746 membre

125 2785 266 2845 suorum,
304 2786 378 2848 ergo
407 2787 480 2828 vere
501 2768 580 2828 illins
604 2768 710 2848 lingua
731 2775 778 2829 est
801 2767 931 2846 diaboli,
958 2767 1046 2827 huius

125 2850 205 2908 auris
228 2856 276 2909 θεῖ
296 2850 444 2911 eiusdem.
495 2851 578 2910 Nihil
603 2851 710 2911 iustius
732 2871 752 2909 a
773 2851 856 2929 Deo,
886 2870 977 2929 quarn
1005 2857 1048 2928 ut,

125 2933 176 3009 qui
198 2934 355 3012 propriam
377 2937 537 2994 veritatem
567 2940 598 2994 et
620 2941 736 2994 stercus
759 2953 821 2994 non
845 2934 954 2993 volunt
976 2952 1048 2994 cou-

125 3014 260 3076 siderare
273 3023 307 3075 ut
322 3024 500 3096 purgentur,
522 3017 645 3076 naribus
664 3023 695 3076 et
714 3017 855 3078 dentibus
876 3018 1049 3096 impingant

124 3098 155 3155 in
173 3098 284 3158 aliena.
315 3099 506 3160 Namomnis
525 3099 680 3160 detractor
697 3100 772 3159 nihil
789 3099 872 3160 aliud
894 3101 967 3179 agit,
989 3100 1048 3158 nisi

125 3181 208 3259 quod
227 3182 371 3242 dentibus
394 3183 481 3243 molit
502 3183 586 3242 oleta
607 3183 765 3243 hominum
788 3190 819 3243 et
840 3183 963 3243 naribus
985 3184 1047 3242 suis

125 3265 155 3322 in
178 3264 249 3324 lutis
272 3283 377 3325 eorum
401 3265 554 3343 observat,
578 3266 657 3325 sicut
678 3285 739 3343 sus,
762 3266 844 3326 unde
866 3266 1048 3326 stercusho·

124 3348 239 3406 minum
262 3348 394 3408 maxime
419 3350 554 3409 omnium
576 3348 691 3426 foedat,
714 3348 769 3408 sed
792 3368 883 3428 super
903 3349 964 3409 hoc
986 3348 1047 3409 dia

124 3429 187 3490 boli
209 3431 438 3507 (bruletobrccl).
474 3430 552 3506 Quid
572 3450 646 3511 ergo
669 3434 754 3491 iuvat
776 3425 949 3492 tealiorum
973 3439 1047 3492 ster·

124 3531 198 3572 cora
211 3513 402 3573 circumferre
425 3522 456 3575 et
468 3523 498 3574 te
509 3516 610 3593 ipsum
621 3515 659 3572 iis
672 3514 798 3575 foedare
810 3522 902 3593 atque
916 3514 1044 3575 odorem

123 3594 300 3675 pestiferum
312 3615 466 3676 spargere.
493 3597 597 3657 Bonus
613 3599 693 3656 enim
708 3598 786 3658 odor
798 3604 845 3657 est
861 3598 1047 3674 bonafama,

124 3686 213 3738 natus
242 3677 281 3737 de
303 3687 460 3759 unguento
483 3680 521 3741 ab
544 3687 633 3740 extra
654 3679 745 3758 dato,
777 3680 875 3740 malus
899 3680 978 3742 odor
1000 3689 1048 3740 est

124 3760 206 3821 mala
221 3761 352 3822 famade
373 3770 509 3825 stercore
529 3763 662 3824 abiatra
682 3771 766 3827 nato.
809 3764 974 3825 Detractor
997 3783 1047 3823 au-
