2356 4200
299 274 335 339 st
352 267 494 339 uoluntate
514 269 636 325 hominis
653 270 721 345 stas.
732 271 848 343 grstia
964 264 1027 337 253

368 457 371 466 ¹
409 488 674 551 corollarium
695 488 732 552 11.

188 600 267 663 (ium
301 601 437 663 eredenti
471 603 575 664 omnia
607 600 709 678 sint*)
735 600 895 683 possibilie
917 609 1025 666 autore

102 682 245 763 Christo,
278 685 522 766 superstitiosum
546 693 608 765 est,
636 685 771 746 humano
800 684 925 747 arbitrio
955 682 1023 747 aliis

101 768 220 832 mustis
241 766 304 829 alia
324 767 464 849 deputari
484 767 608 829 auxilia.
725 820 728 824 .

107 861 110 866 '
187 849 279 927 Quod
302 852 408 913 omnia
430 850 566 913 eredenti
587 851 649 912 sint
668 850 838 932 possibilia,
861 849 939 912 dixit
960 849 1024 913 Sal-
1136 852 1139 859 '

101 931 215 1012 vultor,
237 932 330 995 Maro.
351 938 381 1012 5,
403 933 444 994 id.
461 932 566 998 Matth.
590 935 646 997 21:
689 932 802 996 Omnia
823 951 1024 1015 quaeeunque

100 1016 133 1075 in
156 1017 285 1078 nomine
304 1036 374 1078 meo
396 1017 554 1097 petieritis,
576 1015 753 1096 eredentes,
781 1016 948 1097 accipietis.
991 1014 1025 1079 si

101 1116 179 1178 ergo
201 1098 362 1161 eredentes
384 1098 463 1160 hseo
483 1101 589 1161 omnia
614 1106 762 1180 possunt,
789 1101 886 1161 multo
914 1092 1034 1177 sortiti}-

99 1179 187 1243 suoi.
224 1181 288 1261 Ubi
309 1183 394 1245 Deus
419 1183 477 1244 erit
499 1182 604 1244 omnis
624 1183 656 1244 in
680 1181 839 1263 omnibus,
867 1180 953 1264 patet
974 1201 1021 1244 su·

100 1263 312 1344 perstitiosum
334 1284 413 1344 esse,
435 1266 506 1326 huia
525 1271 635 1329 sanato
655 1262 725 1344 hoo,
747 1264 799 1327 alii
818 1264 1021 1328 aliudnostro
1042 1330 1049 1338 ,

101 1345 230 1409 arbitrio
252 1347 400 1428 deputare
421 1348 579 1411 auxilium.
617 1346 668 1408 Ad
685 1348 768 1409 idem
784 1357 832 1409 est
852 1347 926 1409 illud
948 1367 1022 1428 apo-

100 1429 176 1492 stoli
218 1434 245 1493 1.
274 1431 344 1494 Cor.
372 1434 406 1496 3:
450 1430 562 1493 Omnia
591 1437 712 1510 uestra,
745 1433 810 1492 sive
837 1433 916 1511 vite,
956 1432 1022 1494 sive

101 1530 202 1592 mens,
224 1515 292 1583 sive
311 1515 486 1594 praeterita,
507 1515 574 1576 sive
586 1514 696 1593 lutura,
718 1522 750 1576 et
761 1514 850 1577 Rom.
867 1516 902 1593 δε
934 1513 1020 1589 ‚Quo-

101 1595 198 1658 modo
233 1615 298 1665 non
330 1598 436 1663 omnis
462 1598 494 1659 in
520 1597 574 1659 illo
601 1594 768 1661 donavitl.
796 1588 957 1679 Aukustin.
981 1597 1020 1659 de

99 1677 188 1743 drot
223 1677 299 1760 Gap.
333 1682 370 1744 3:
414 1679 475 1743 Sed
498 1686 528 1742 et
548 1679 602 1745 illa
621 1681 813 1761 ignorantia,
845 1699 924 1762 quae
956 1699 1020 1755 uon

100 1767 150 1845 est
172 1779 290 1841 eorum,
312 1765 364 1842 qui
385 1764 463 1825 soire
484 1761 681 1843 nolunt,'sed
704 1781 820 1843 eorum,
844 1764 895 1843 qui
908 1762 1021 1846 simpli·

99 1845 177 1911 oiter
197 1846 349 1925 nesciunt,
370 1847 524 1917 neminem
546 1846 591 1907 sio
612 1853 755 1926 excusat,
778 1853 812 1906 ut
832 1847 1020 1930 sempiterno

98 1928 173 2008 igue
195 1946 258 1989 nou
280 1929 396 1993 ardeat.
438 1927 473 1992 Si
492 1936 658 2009 propterea
679 1948 741 1991 uon
776 1918 920 2008 eredidit,
949 1930 1020 2010 quia

100 2028 163 2073 nou
186 2009 313 2090 audivit,
334 2012 462 2074 omuino
484 2011 608 2092 quidem
632 2012 779 2092 erederet,
801 2011 856 2073 sed
878 2011 1018 2074 fortassis

98 2098 133 2153 ut
154 2094 255 2155 minus
276 2094 393 2157 ardeat.
435 2093 543 2158 dietih.
572 2097 609 2160 19
645 2094 750 2157 dieunt
781 2093 940 2179 discipuli:
983 2093 1016 2157 si

97 2176 142 2236 ito
163 2183 212 2239 est
233 2195 326 2238 eausa
346 2177 479 2239 hominis
501 2197 570 2239 oum
592 2196 703 2255 uxore,
730 2196 794 2239 non
816 2176 942 2261 expedit
962 2198 1015 2239 nu·

94 2252 189 2339 luere3
211 2259 361 2321 Dominus
382 2260 563 2341 respondet:
596 2252 667 2341 Non
690 2279 797 2322 omnes
819 2280 856 2323 oa
878 2261 1016 2323 inuthoo

93 2341 234 2421 verbum,
257 2343 311 2405 sed
334 2344 442 2423 quibus
465 2343 569 2405 datum
592 2350 647 2406 est
686 2343 728 2405 Sa
750 2389 758 2406 .
781 2338 815 2415 8:
868 2363 938 2406 emo
959 2364 1014 2425 po-

93 2431 156 2486 test
177 2445 246 2486 esse
267 2428 439 2506 continens,
459 2428 517 2488 nisi
538 2428 621 2488 Deus
640 2423 702 2489 det.
729 2365 845 2487 d'aulm
862 2430 889 2490 1.
902 2426 1013 2492 Timr

92 2506 184 2569 dioit:
222 2507 344 2571 Gratias
370 2510 538 2591 egelido,
566 2510 618 2590 qui
646 2509 699 2571 dat
725 2509 814 2572 nobis
843 2510 1013 2573 victoriam.

92 2589 195 2663 idem:
238 2591 367 2665 Cursum
391 2593 616 2672 consummavi,
646 2592 739 2654 fidem
767 2594 903 2672 servavi3
929 2593 1013 2673 alibi,

91 2692 205 2743 munus
228 2682 412 2739 oonseeutus
434 2695 520 2756 sum,
541 2682 575 2736 ut
595 2675 694 2737 fidelis
717 2695 836 2755 essem3
867 2675 947 2758 Eph.
975 2677 1010 2741 2:

90 2756 193 2837 Ipsius
215 2777 320 2821 sumus
341 2757 531 2840 figmentum,
554 2760 648 2820 oresti
669 2761 700 2819 in
722 2759 843 2821 Christo
867 2758 958 2838 Jesu,
979 2758 1012 2823 in

91 2841 235 2903 omnibus
251 2842 396 2922 operibus
418 2842 517 2904 bonis.
548 2841 755 2922 Augustinus:
797 2841 869 2904 Nou
891 2847 939 2903 est
958 2838 1012 2902 illa

89 2924 218 3002 arsatio,
240 2942 301 3003 qus
322 2925 464 2986 homines
486 2925 558 2986 faeti
580 2944 701 3003 sumus,
739 2924 794 2986 sed
818 2945 864 3004 ea,
887 2924 926 2986 de
949 2945 1010 3007 qua

88 3006 143 3067 ille
165 3005 297 3082 dioebat,
320 3009 372 3087 qui
393 3009 455 3069 iam
476 3008 570 3070 homo
593 3014 674 3086 erat,
696 3027 750 3068 oor
771 3008 916 3069 mundum
939 3027 1010 3079 ores

88 3090 120 3148 iu
142 3109 203 3168 rne,
224 3090 317 3154 Deus.
360 3089 570 3171 Augustinus:
613 3090 720 3153 Gratia
742 3091 855 3172 quippe
876 3091 1011 3171 adiuuat,-

88 3178 123 3232 ut
143 3171 222 3254 legis
244 3175 374 3254 quisque
393 3175 432 3234 sit
454 3183 549 3252 sotor,
571 3175 720 3253 sineque
741 3176 841 3255 gratia
861 3174 917 3235 sub
939 3173 1009 3255 lege

86 3256 192 3335 potius
215 3255 309 3318 homo
332 3259 389 3318 erit
404 3258 481 3338 legis
495 3257 625 3318 auditor.
659 3257 734 3318 Cum
748 3277 803 3338 per
812 3256 1007 3318 Ezechielem

87 3337 164 3399 dioit
176 3335 326 3401 Dominus
342 3340 416 3422 Cap.
432 3343 487 3404 ll:
510 3340 656 3401 Auferam
671 3340 760 3402 abiis
774 3359 828 3401 oor
849 3339 1004 3431 lapideum

86 3427 121 3482 et
141 3418 223 3484 dabo
251 3425 296 3484 eis
325 3442 380 3485 oor
407 3442 569 3498 carneum,
598 3443 662 3486 non
691 3405 924 3506 intelligendum
951 3431 1007 3501 est,

86 3504 172 3584 qnod
185 3505 348 3567 carnaliter
359 3507 473 3586 vivant,
487 3508 537 3585 qui
554 3506 668 3567 debent
680 3506 876 3588 spiritualiter
890 3507 1005 3586 vivere,

143 3700 175 3766 ⁶)
197 3701 226 3751 ln
246 3699 289 3751 ed.
309 3699 438 3753 Wittenb.
459 3715 492 3753 ao
509 3699 569 3753 len.
590 3715 640 3753 neo
659 3702 761 3753 nonin
786 3700 922 3755 Thesibus
942 3708 1005 3754 ente

85 3786 201 3825 vorem:
221 3771 374 3840 possibilia,
393 3777 458 3824 sunt
477 3771 575 3826 verbs:
601 3776 699 3825 sutore
719 3770 838 3826 Christo.
