2356 4200
123 259 164 326 52
376 262 533 331 Responsio
553 262 581 313 i).
599 260 679 316 Mart.
698 236 809 315 botheri

123 430 273 492 factiones
291 430 475 511 intelligere,
497 431 556 490 nisi
574 432 691 512 optima
703 449 799 510 opera
811 427 1045 507 meritoriasqus

123 530 252 592 poenas,
275 518 305 571 et
325 513 394 593 ipsa
415 514 512 574 aDeo
535 513 720 593 praecepta?
742 512 823 588 Quid
841 530 914 600 ego
931 510 1046 592 magui-

123 596 225 677 facere
246 598 478 675 praesumimus,
501 598 582 675 quod
604 599 637 656 in
660 617 693 656 se
715 596 790 656 nihil
812 600 874 674 est,
896 595 957 653 nisi
979 610 1045 673 per-

123 680 228 738 missio
249 677 418 757 deterioris,
442 698 481 739 ne
500 688 646 759 peccetur
667 679 705 740 ab
726 678 863 739 infirmis.

205 760 254 821 Ad
292 762 557 842 quadragesimam
591 769 728 842 quartam
763 781 862 823 novus
894 761 1046 838 interpres

123 845 293 923 scripturae
314 844 400 922 dicis,
421 847 548 924 pauperi
570 864 664 925 posse
686 846 792 925 negari
814 842 1046 922 eleemosynam

124 928 190 987 sine
212 934 340 1006 peccato
363 928 502 1007 mortali,
532 927 605 987 licet
628 947 691 988 uon
713 930 779 988 sine
806 926 928 988 veniali.
970 923 1045 995 Ideo

124 1010 356 1070 conclusionem
392 1030 492 1070 meam
522 1011 629 1070 falsam
654 1016 712 1070 etc.
756 1010 877 1070 Gratias
908 1007 964 1069 tibi
983 1007 1047 1088 agit

125 1099 158 1152 ut
179 1094 296 1172 optimo
325 1100 458 1172 patrono
487 1094 615 1174 insignis
647 1093 702 1152 illa
732 1092 824 1153 belua
845 1091 1045 1173 Philargyria,

126 1176 197 1254 quia
229 1175 319 1234 discit
349 1194 382 1234 se
405 1194 497 1254 posse
521 1196 634 1257 negare
665 1177 782 1256 petenti
815 1176 1044 1255 eleemosynam

124 1259 192 1318 sinc
213 1258 334 1319 mortali
350 1266 490 1337 peccato.
523 1259 602 1319 Proh
625 1259 716 1319 dolor
737 1263 768 1320 et
788 1258 899 1319 horror
921 1257 1071 1318 horren·

79 1378 82 1387 ι
126 1340 192 1417 dns,
216 1339 289 1419 quid
306 1341 446 1401 audimus
458 1343 489 1400 in
503 1341 656 1401 ecclesia?
679 1341 739 1401 Gur
756 1340 1043 1422 ergodohannes⁸)

125 1422 207 1501 dicit,
231 1426 388 1484 caritatem
411 1442 474 1485 non
498 1444 622 1485 manere
642 1425 674 1484 in
696 1444 751 1500 eo,
782 1425 833 1504 qui
858 1420 975 1484 claudit
1003 1422 1044 1482 vi·

125 1524 212 1566 saera
233 1525 289 1565 sua
310 1526 329 1566 a
350 1508 492 1586 proximo
520 1526 584 1567 suo.
635 1507 683 1569 An
715 1508 825 1573 caritas
849 1507 941 1567 etiam
963 1523 1045 1566 rece-

125 1587 201 1648 dens
234 1608 296 1648 uon
328 1589 472 1668 relinquit
501 1597 661 1669 peccatum
694 1590 846 1650 mortale?
875 1591 939 1649 imo
963 1587 1045 1649 Chri-

127 1676 191 1730 stus
205 1669 260 1747 l⁹⁹1⁸)
285 1674 317 1730 iu
339 1672 466 1748 iudicio,
491 1691 542 1732 cur
565 1672 722 1733 damnabit
744 1692 815 1750 eos,
838 1673 889 1751 qui
912 1672 1044 1732 esurien-

126 1761 188 1813 tem
211 1773 274 1815 non
306 1755 505 1814 cibaverunt?
543 1762 600 1815 etc.
649 1755 708 1815 Sed
742 1755 820 1816 forte
852 1757 883 1814 iu
911 1772 1046 1835 persona

126 1838 400 1916 impropriistarum
434 1838 494 1897 ista
528 1838 640 1898 dixisti.
698 1838 755 1898 Est
789 1839 898 1917 aliquis
936 1854 1043 1897 sensus

125 1938 231 1998 verus,
265 1938 356 1998 quem
388 1940 428 1980 ex
450 1921 534 1981 india
555 1920 633 1981 forte
656 1920 790 1981 adduces
812 1928 938 1999 postea,
973 1918 1050 1980 ideo·

123 2003 245 2062 interim
275 2003 473 2082 exspectabo.
528 2001 617 2078 Quod
651 2004 676 2063 si
705 2003 833 2083 dixeris,
868 2007 943 2066 tuno
978 2018 1043 2062 cum

125 2086 239 2145 veniali
261 2092 390 2166 peccato
418 2086 540 2166 negari,
577 2086 699 2165 quando
727 2106 845 2166 pauper
872 2105 934 2146 non
966 2091 1044 2167 eget,

125 2173 179 2228 aut
199 2168 275 2227 alias
296 2170 377 2229 iusta
398 2177 445 2229 est
465 2188 573 2247 causa,
596 2170 746 2248 breviter,
774 2172 798 2229 si
827 2176 873 2230 est
893 2170 975 2228 iusta
996 2187 1045 2228 ue-

125 2251 219 2331 gandi
242 2270 350 2330 causa,
384 2253 451 2311 sine
472 2258 601 2332 peccato
624 2259 768 2333 negatur,
798 2256 843 2312 sin
876 2258 924 2312 est
952 2251 1045 2328 nulls,

124 2339 285 2412 peccatum
321 2335 450 2394 mortale
481 2338 528 2395 est
561 2355 701 2416 negasse.
757 2335 808 2396 Sic
832 2333 1044 2416 Evangelium,

126 2417 170 2475 sic
192 2417 334 2495 Apostoli
356 2417 529 2495 loquuntur.

209 2499 368 2578 Secundo,
391 2518 444 2559 cur
465 2519 527 2560 non
551 2503 632 2580 pari,
654 2501 716 2560 imo
740 2502 847 2561 maiori
870 2500 972 2561 studio
998 2517 1046 2559 ex·

127 2582 238 2660 quiris,
276 2582 431 2661 quomodo
464 2583 557 2643 liceat
584 2584 690 2643 venias
716 2603 779 2643 nou
806 2583 972 2661 redimere,
1009 2579 1046 2642 ud

49 2716 52 2722 .
127 2665 256 2724 salutem
278 2665 401 2724 inutiles
432 2671 463 2724 ct
483 2685 546 2726 non
577 2668 782 2746 necessariae,
812 2668 863 2746 qui
886 2674 948 2726 tam
970 2664 1046 2745 peri·

127 2748 233 2808 culoso
255 2755 286 2807 et
307 2754 396 2808 acute
414 2750 557 2827 exquiris,
580 2748 736 2827 quomodo
749 2749 832 2809 bona
849 2768 945 2830 opera
957 2748 1062 2808 liceat·

127 2831 278 2909 omittere,
301 2831 369 2891 sola
389 2833 565 2891 necessaria
586 2838 616 2891 et
631 2831 717 2891 utilia
738 2832 777 2891 ad
800 2833 940 2908 salutern,
964 2830 1044 2892 deui-

127 2932 187 2992 que
212 2920 377 2993 praecepta
398 2913 436 2974 ab
458 2915 525 2993 ipso
549 2914 637 2974 Deo?
658 2914 708 2973 An
731 2914 912 2994 obsequium
927 2915 996 2974 Deo
1017 2919 1046 2973 te

127 2995 282 3056 arbitraris
304 3003 472 3076 praestare,
495 2998 519 3054 si
543 2996 737 3057 calumnieris
760 3004 927 3078 praecepta
938 2997 997 3058 Dei
1018 3000 1046 3055 et

127 3078 211 3139 bone
232 3097 343 3158 opera,
372 3085 488 3139 tantum
511 3086 544 3139 ut
564 3081 687 3158 venias,
721 3099 780 3140 uec
801 3102 819 3141 a
840 3081 907 3141 Deo
930 3099 989 3141 neo
1010 3076 1045 3138 ab

127 3161 252 3222 homine
274 3170 464 3242 praeceptas,
486 3161 595 3222 efferas
617 3162 805 3224 immodice?
834 3163 928 3245 Finge
949 3162 1045 3222 nullas

128 3263 197 3304 esse
223 3247 329 3305 venias
356 3247 386 3305 in
418 3245 563 3322 ecclesia,
593 3245 646 3306 sed
677 3266 784 3306 omnes
816 3266 872 3327 per
901 3266 934 3306 se
964 3245 1046 3306 satis-

126 3327 244 3405 facere,
275 3330 352 3387 siout
374 3328 447 3388 olim
483 3327 585 3388 fiebat.
635 3329 744 3410 Rogo,
774 3336 841 3390 utra
868 3329 963 3391 facies
997 3325 1046 3389 tibi

127 3410 283 3490 placeret?
305 3413 462 3470 veniarum
485 3430 522 3470 an
542 3413 806 3472 satisfactionum?
829 3413 887 3474 Vel
914 3431 989 3496 ergo
1017 3417 1046 3470 tu

127 3512 190 3552 nou
210 3499 295 3553 recte
316 3494 461 3573 intelligis
487 3495 710 3574 indulgentias,
740 3497 789 3556 vel
819 3497 900 3556 mala
928 3495 1046 3556 simuls-

127 3577 213 3636 ticue
234 3576 350 3636 moliris
373 3577 556 3637 calumniam
578 3578 666 3638 bouis
690 3580 843 3658 operibus.

200 3755 228 3823 *)
250 3757 274 3810 i.
293 3756 393 3809 Johan.
415 3759 441 3813 3.
482 3760 528 3824 ”t
550 3759 643 3811 Matth.
663 3758 697 3813 25
