2356 4200
334 280 369 337 da
387 283 488 339 uirtute
505 280 751 353 indulgentiarum.
935 278 998 349 251

78 451 162 533 quod
185 457 257 513 ante
280 451 384 512 omnia
405 449 498 512 debet
518 450 658 532 pontifex
680 471 699 513 a
720 452 782 513 suis
805 451 933 533 subditis
946 471 998 534 op·

77 545 160 597 tere·
173 537 362 612 orationem,
395 534 471 594 siout
500 543 531 595 et
558 533 589 596 S.
609 533 723 607 Paulus
752 535 874 615 saepius
896 556 916 596 a
936 535 999 607 suis

78 620 206 699 optavit.
247 617 287 678 Et
308 617 386 679 haee
406 624 455 678 est
475 617 571 679 multo
587 617 696 697 iustior
712 618 869 679 veniarum
883 614 999 685 danda·

77 722 145 763 rum
167 720 275 779 eausa,
299 700 437 780 quamsi
459 699 544 760 mille
566 706 752 761 struerentur
773 701 936 776 basilicae,
959 720 998 769 eu

74 788 162 866 ‘qued
191 803 326 845 summus
356 782 496 864 pontifex
523 790 570 845 tot
595 784 741 845 monstris
763 782 947 847 misenum
969 789 1001 851 st

76 869 240 949 impiorum
262 866 419 926 hominum
441 865 585 927 obsessus
616 866 713 947 magis
748 886 839 947 quam
868 866 998 947 stipatus

78 971 140 1012 non
163 951 262 1030 possit
282 968 393 1025 errare,
415 949 473 1008 nisi
495 968 563 1009 oum
585 950 678 1010 totius
695 949 845 1010 eeclesiae
864 949 997 1010 maximo

78 1034 171 1111 malo,
194 1041 266 1092 tune
287 1034 436 1109 maxime,
458 1033 484 1091 si
506 1031 636 1093 libenter
657 1031 787 1092 audierit
807 1032 888 1093 hane
908 1033 999 1112 pesti-

77 1117 192 1176 lentem
216 1115 388 1176 Sirenerum
412 1132 533 1174 suarum
551 1126 692 1174 voeemz‘
711 1113 782 1175 Non
795 1116 1001 1194 praesumitur

77 1205 183 1260 tantae
215 1197 403 1259 celsitudinis
442 1216 524 1278 apex
557 1216 667 1259 errare.
721 1198 798 1261 Item
833 1204 865 1258 et
899 1198 999 1258 illam:

78 1280 190 1344 Omnis
219 1282 287 1342 iure
314 1281 448 1360 positiva
478 1281 612 1353 suntin
644 1281 756 1341 serinio
788 1282 922 1360 pectoris
944 1281 1000 1343 sui.

77 1365 148 1426 Nou
171 1365 375 1444 praesumitur
402 1361 523 1441 quidem
553 1381 670 1440 errare,
699 1363 754 1425 sed
781 1382 819 1423 an
853 1363 937 1425 bona
962 1364 1002 1425 sit

77 1447 133 1508 ilia
155 1448 374 1527 praesumptio,
398 1446 560 1524 quaeritur.
596 1445 637 1507 ut
657 1453 728 1507 sunt
750 1445 872 1525 quidem
886 1448 917 1507 in
930 1446 1001 1509 sori·

80 1532 133 1591 nio
157 1529 291 1615 pectoris
312 1530 378 1589 sius
402 1528 506 1588 omnia
532 1529 599 1588 iura
626 1547 696 1607 sua,
736 1528 793 1589 sed
818 1549 858 1589 an
894 1535 1001 1609 peetus

79 1613 146 1675 eius
165 1611 280 1673 honum
301 1613 354 1689 sit,
378 1612 545 1691 quaeritur,
572 1611 604 1671 id
632 1611 713 1673 enim
736 1612 875 1673 oratione
896 1631 1001 1673 rursm

79 1695 164 1757 dum.
192 1701 246 1756 est.
297 1693 357 1755 eed
386 1693 425 1755 de
452 1692 511 1753 hee
539 1693 611 1768 rel)
642 1693 1002 1774 omniumpuleherrime

77 1779 113 1842 B.
135 1776 336 1843 Bernhardus
365 1777 404 1837 ad
433 1775 603 1856 Eugenium
632 1795 763 1857 papam,
794 1776 833 1837 de
856 1776 1001 1852 Conside—

77 1863 207 1931 ratione
990 1912 993 1919 .

286 2096 288 2101 ·
360 1984 577 2120 (ionolusio
600 2058 723 2121 XLIX.

109 2254 112 2263 ¹
161 2187 299 2248 Doeendi
316 2193 386 2247 sunt
400 2185 572 2266 Christiani,
589 2185 672 2264 quod
683 2187 793 2248 venias
808 2207 908 2268 papae
930 2193 1002 2251 sunt

78 2270 185 2346 utiles,
215 2270 241 2329 si
263 2271 377 2330 nonin
401 2287 453 2330 eas
468 2267 649 2346 redddam,
677 2267 731 2329 sed
754 2271 1001 2352 noeentissimee,

78 2352 104 2411 si
129 2353 269 2413 timorem
290 2352 348 2415 Dei
372 2372 426 2432 per
447 2370 500 2412 ees
518 2352 668 2413 amit-taut.
942 2414 944 2419 ,

162 2433 240 2495 Vide
261 2435 364 2519 itaque
386 2433 571 2515 perieulum,
591 2424 715 2514 populo
744 2436 854 2499 veniae
872 2436 1001 2517 praedi·

78 2524 204 2596 eentur,
226 2517 341 2578 directe
362 2517 509 2579 adversus
530 2519 689 2578 veritatem
712 2519 809 2578 erneis
832 2526 863 2579 et
885 2520 1000 2591 timeris

76 2600 146 2675 Det,
169 2601 240 2679 quia
261 2601 443 2680 permittitur
464 2598 588 2661 libertas
602 2618 707 2661 eorum
721 2601 873 2680 aposuis,
891 2601 1002 2667 deinde

78 2684 227 2743 securitas
250 2683 447 2743 remissorum
469 2689 676 2762 peecatorum.
719 2681 760 2743 Et
790 2683 916 2747 evidens
943 2685 1001 2766 sig-

78 2785 151 2825 num
173 2765 310 2844 videtur,
343 2766 449 2827 venias
478 2765 531 2825 teli
556 2766 705 2837 iaetantia
725 2765 917 2844 praedicatas
938 2787 1000 2829 non

76 2867 148 2909 esse
191 2867 231 2908 ex
275 2848 359 2927 Deo,
402 2846 485 2927 quod
524 2847 657 2928 populus
701 2849 827 2927 pronius
861 2850 1001 2928 aoeurrit,

77 2936 230 3010 aeoeptat,
252 2929 406 3008 observat,
427 2948 519 3010 quam
540 2932 638 3010 ipsum
656 2937 794 2991 sanetum
807 2931 1001 3013 evangelium

76 3014 153 3089 Dei,
174 3020 208 3073 ut
228 3012 375 3092 probetur
395 3012 523 3092 veritas,
550 3012 630 3088 Quia
646 3012 735 3093 'quod
757 3033 796 3074 ex
817 3013 883 3074 Deo
903 3017 1000 3093 venit,

77 3093 195 3156 fastidit
224 3093 417 3173 mundus*)‚
450 3095 527 3155 alius
549 3097 684 3157 venitin
706 3097 830 3157 nomine
859 3115 933 3175 suo,
968 3106 1001 3158 et

42 3200 58 3231 .·
77 3179 158 3238 hune
180 3179 315 3258 suscipit.
358 3176 398 3238 Et
419 3178 529 3239 erroris
551 3198 645 3245 eausa
665 3185 736 3240 sunt
757 3180 815 3259 ipsi
830 3178 999 3243 fabularum

77 3261 184 3322 talium
206 3261 357 3342 magistri,
386 3260 594 3340 quisedulius
617 3270 648 3323 et
675 3263 873 3343 pomposius,
909 3281 1000 3342 quam

77 3343 271 3424 evangelium
295 3363 347 3405 eas
368 3342 557 3423 praedicant,
570 3350 643 3415 ,tum
667 3342 750 3424 quod
763 3343 999 3425 omnibuspree

78 3427 200 3505 disent,
234 3445 314 3506 quae
334 3445 502 3506 paucorum
530 3432 608 3489 sunt.
650 3426 730 3489 Nam
760 3434 905 3506 utsupra
926 3429 999 3490 satis

14 3511 18 3515 ’
76 3511 186 3590 patuit,
207 3510 319 3589 venies
333 3515 404 3570 sunt
414 3509 632 3588 relaxationes,
654 3508 807 3585 licentiae,
827 3512 999 3589 permissio-

132 3702 163 3844 ἒξ
179 3701 276 3828 puhed.
297 3704 382 3832 pbrine.
403 3701 494 3756 deest:
513 3668 555 3754 re,

196 3789 213 3828 o
233 3790 298 3829 ann.
329 3814 335 3828 .
