2356 4200
162 288 225 363 276
530 294 668 356 sacrans

163 469 230 526 stes
251 465 282 525 in
304 465 433 527 articulo
455 467 562 527 mortis
583 465 752 546 plenariam
766 464 901 525 omnium
913 480 1084 543 poenarum

160 553 192 609 et
212 553 412 629 peccatorum
433 547 665 629 indulgentiam,
688 555 720 609 et
740 546 855 609 habere
876 545 1083 626 participatio-

63 648 72 661 ·
159 649 230 712 nem
269 631 405 695 omnium
441 630 594 694 bonorum
631 631 850 713 spiritualium,
892 647 971 708 quae
1006 625 1084 687 fiunt

157 715 195 781 in,
221 713 372 776 militante
403 715 537 776 ecclesia
566 723 598 777 et
625 717 656 777 in
686 713 837 776 membris.
852 713 927 773 eius.
970 710 1082 772 Nonne

160 792 363 877 cognoscitis,
385 795 479 877 quod,
503 799 530 858 si
552 800 712 879 contingat
731 797 866 876 aliquem
886 796 932 856 ire
952 793 1084 866 Romam

159 877 210 945 vol
242 876 281 940 ad
309 879 387 940 alias
417 880 610 960 periculosas
638 888 757 962 partes,
788 880 911 940 mittant
934 877 1084 959 pecunias

160 980 232 1023 suas
253 963 284 1022 in
306 960 417 1042 banco,
440 970 472 1024 et
492 964 545 1025 ille
562 984 619 1045 pro
637 963 774 1044 quolibet
790 967 913 1023 centum
927 960 981 1022 dat
998 960 1082 1039 quin-

160 1063 228 1128 que
242 1051 296 1107 aut
318 1064 374 1106 sex
396 1053 449 1107 aut
469 1046 592 1128 decem,
627 1048 660 1108 ut
680 1047 800 1114 Romae
828 1043 879 1106 vel
908 1042 981 1105 alibi
1013 1060 1083 1107 cum

159 1127 257 1195 literis
286 1127 359 1189 dicti
391 1128 483 1190 banci
514 1149 637 1192 neeman
668 1129 839 1197 rehabeatz.
864 1133 896 1188 et
929 1145 987 1188 vos
1018 1126 1083 1186 non

160 1211 251 1273 uultis
275 1230 332 1291 pro
356 1219 464 1290 quarta
485 1219 573 1293 parte
594 1213 704 1275 floreni
732 1213 870 1292 recipere
890 1210 946 1271 has
968 1208 1084 1288 literas,

114 1307 115 1310 ’
161 1313 289 1375 quarum
311 1295 423 1355 virtute
446 1313 510 1356 non
532 1297 690 1377 pecunias,
714 1293 768 1356 sed
790 1295 924 1354 animam
947 1291 1083 1354 divinam

161 1383 194 1443 st
212 1376 421 1439 immortalem
437 1383 582 1440 tutemet
603 1397 741 1440 securam
762 1377 875 1439 ducere
892 1377 1023 1457 potestis
1043 1374 1083 1436 ad

160 1460 292 1541 patriam
317 1459 461 1541 paradisi.
512 1460 585 1524 Ideo
620 1461 766 1539 musula,
789 1460 964 1539 committo,
992 1464 1023 1519 et
1050 1459 1083 1518 in
1152 1480 1155 1493 ·

161 1549 308 1629 quantum
330 1549 363 1603 ut
384 1550 492 1623 pastor
512 1544 643 1624 mando,
671 1550 704 1604 ut
731 1562 793 1603 una
813 1560 933 1603 mecum
956 1559 993 1602 sc
1014 1540 1083 1602 aliis

160 1624 371 1705 sacedotibus
392 1625 527 1691 habeant
548 1629 716 1709 pretiosum
738 1626 914 1688 thesaurum
934 1625 1084 1705 recipere,

161 1716 305 1787 etqnam
334 1711 469 1771 maxime
498 1710 561 1791 illi,
595 1711 646 1790 qui
673 1711 704 1769 in
738 1710 798 1770 isto
830 1727 919 1770 sacro
947 1706 1083 1770 iubilaeo

161 1791 296 1859 confessi
317 1811 381 1854 non
409 1793 551 1874 fuerunt,
584 1812 675 1873 quem
703 1794 734 1853 in
763 1792 896 1853 futurum
925 1791 1084 1871 acquirere

161 1874 318 1959 poterunt,
341 1876 414 1955 quia
434 1882 543 1957 posset
563 1875 652 1939 vobis
675 1876 855 1956 contingere
877 1893 976 1953 casus,
999 1872 1082 1954 quod

161 1957 273 2038 velitis,
295 1964 327 2019 et
348 1959 474 2021 minime
495 1958 609 2022 habere
630 1959 773 2040 possetis.

243 2040 330 2119 Item,
352 2048 502 2122 exparte
524 2043 708 2105 sanctissimi
732 2039 848 2103 domini
869 2039 968 2101 nostri
979 2039 1084 2119 Papae

163 2123 438 2205 sanctissimaeque
460 2125 541 2194 sedis
564 2125 765 2207 apostolicae,
787 2142 825 2184 ac
836 2119 1083 2185 reverendissimi

162 2205 280 2270 domini
302 2209 363 2268 mei
384 2208 489 2290 legati,
511 2209 653 2271 omnibus
675 2214 707 2269 et
729 2206 866 2287 singulis,
889 2207 940 2285 qui
963 2223 1084 2267 sacrum

161 2289 328 2353 iubilseum
361 2297 392 2351 et
419 2292 658 2354 confessionalis
682 2296 866 2372 receperunt
886 2307 923 2349 ac
942 2307 999 2369 pro
1020 2288 1081 2349 isto

162 2391 259 2453 parvo
283 2378 422 2454 tempore
444 2376 602 2456 recipient,
623 2393 660 2436 ac
682 2374 840 2455 praefatae
861 2371 995 2434 fabricae
1008 2389 1081 2451 apo·

163 2455 312 2519 stolorum
345 2457 491 2539 principis
521 2478 636 2538 ,manus
676 2457 840 2519 adiutrices
871 2455 1082 2536 apposuerint,

161 2539 194 2604 iu
216 2538 357 2600 omnibus
369 2539 522 2620 precibus,
539 2541 701 2622 suffragiis,
712 2540 929 2620 eleemosynis,
950 2537 1082 2616 ieiuniis,

61 2694 63 2698 Α
163 2622 363 2701 orationibus,
385 2624 496 2704 missis,
517 2624 601 2687 horis
623 2625 796 2704 canonicis,
818 2621 1002 2703 disciplinis,
1029 2638 1082 2702 pe-

162 2703 435 2788 regrinationibus,
458 2707 641 2769 stationibus
664 2707 841 2789 papalibus,
861 2702 1082 2768 benedictioni-

166 2788 222 2852 bus
243 2794 276 2848 et
297 2789 405 2849 ceteris
426 2789 496 2851 aliis
517 2790 722 2872 spiritualibus
744 2789 844 2866 bonis,
867 2807 946 2868 quae
968 2793 1084 2849 suntet

162 2869 228 2937 teri
249 2878 396 2951 poterunt
421 2874 452 2933 in
473 2880 656 2957 perpetuum
676 2875 707 2934 in
730 2873 851 2934 militari
874 2872 1026 2934 ecclesiae
1051 2877 1083 2932 et

162 2955 194 3016 in
216 2954 357 3016 omnibus
379 2956 523 3019 membris
546 2958 621 3037 eius,
643 2965 706 3021 tem
727 2957 786 3037 ipsi
808 2974 900 3035 quam
916 2954 1082 3036 suip'aren·

162 3043 219 3117 tes,
243 3040 466 3119 consanguinei
487 3047 519 3101 et
531 3040 743 3103 benefactores
760 3038 903 3117 defuncti,
916 3039 1082 3118 participes

163 3126 195 3185 et
216 3119 377 3182 consortes
400 3119 475 3183 fient
494 3124 526 3183 in
547 3129 747 3205 perpetuum,
770 3130 802 3184 et
822 3129 855 3183 ut
875 3122 934 3202 ipsi
956 3123 1083 3182 cantate

164 3204 250 3284 moti,
272 3205 316 3264 ita
334 3204 418 3265 Deus
442 3211 472 3266 et
493 3208 591 3268 sancti
612 3207 720 3268 Petrus
735 3212 767 3265 et
777 3205 899 3285 Paulus,
921 3210 953 3265 et
974 3222 1082 3266 omnes

164 3288 279 3366 sanct,
322 3305 451 3366 quorum
490 3308 621 3370 corpora
653 3290 772 3351 Romae
799 3289 1012 3368 requiescunt,
1050 3288 1082 3347 in

163 3369 223 3433 hoc
251 3369 334 3430 valle
361 3371 391 3429 iu
421 3390 499 3451 pace
528 3374 594 3433 eius
625 3371 800 3434 custodiant
831 3379 862 3433 et
889 3370 927 3431 ad
951 3389 1083 3451 superna

163 3472 261 3535 regna
291 3453 475 3535 perducent:
520 3455 605 3536 Ages
634 3454 799 3536 praedictis
836 3452 1011 3517 nominibus
1052 3458 1084 3514 et

164 3555 235 3599 meo
261 3536 375 3617 gratim
403 3538 592 3600 immortales
612 3536 789 3600 reverendis
812 3545 873 3600 tam
895 3536 1082 3600 secularibus

163 3618 375 3682 sacerdotibus
398 3625 429 3680 et
448 3621 594 3700 praelatis
616 3627 675 3682 etc.

244 3702 371 3764 Praeter
392 3701 471 3765 haec
491 3703 680 3766 Chemnitius
702 3704 791 3767 nobis
814 3704 979 3784 quaedam,
1004 3722 1083 3784 quae

163 3785 196 3848 in
209 3785 348 3871 ,Tenelii
368 3784 474 3852 libello
496 3786 766 3869 proponebantur,
793 3786 918 3848 tradidit
945 3789 978 3850 in
1002 3787 1082 3859 Exa-
