2356 4200
362 268 399 323 ad
416 268 450 325 D.
468 269 615 325 llartinann
632 266 790 335 lotherum.
1005 265 1045 345 it

126 458 162 503 ss
183 439 294 518 intrlit,
315 441 347 500 in
370 456 494 501 arenam
516 438 565 499 his
586 439 655 500 talis
672 439 837 501 instructus
853 437 1049 518 descendam,

125 523 196 586 Deo
218 522 295 583 duce
318 530 350 585 et
371 523 484 585 comite
505 523 650 598 veritate,
672 521 762 602 quod
777 522 838 585 uisi
859 523 1049 596 teomuium

126 605 241 666 iudicio
275 614 411 667 stravero
448 612 478 665 et
509 604 721 665 demonstraro
746 604 796 683 ¹)—
814 604 915 684 (quod
947 611 1050 671 aman

125 688 304 769 theologice
328 689 441 749 dictum
464 685 579 770 volo),
616 688 884 764 demonstravero,
914 689 1051 769 iuquam,

125 771 212 852 quod
240 780 293 832 tua
321 772 403 833 diota
431 771 583 833 haeresim
603 772 806 852 complicant,
835 771 914 833 nolo
939 773 1050 845 vivere.

126 853 189 919 Sed
210 853 250 915 de
271 855 319 915 his
341 873 423 915 nuno
444 855 528 916 satis.
935 863 938 868 ⁴

210 937 331 1000 Deinde
373 957 448 998 vero
480 943 546 998 toto
583 956 663 1017 pene
691 937 798 998 libello
827 944 881 998 tuo
911 937 1050 1016 irriseris,

127 1019 212 1102 quod
234 1021 311 1081 nihil
331 1020 482 1102 probem,
515 1019 599 1100 quod
627 1040 697 1080 cum
719 1019 840 1082 Thoma
868 1038 939 1080 meo
961 1019 1050 1083 nudis

124 1102 230 1179 serbis
252 1111 329 1165 utar.
372 1102 463 1178 Quod
492 1121 582 1183 quam
610 1104 696 1164 iuste·
711 1103 818 1180 iacias,
840 1103 958 1163 cunctis
982 1123 1051 1169 mea

122 1187 316 1259 ,intuentibus
343 1187 456 1265 liquet,
484 1187 598 1266 quippe
626 1187 677 1265 qui
707 1193 738 1246 et
762 1187 796 1247 in
818 1185 945 1247 exordio
968 1194 1001 1247 et
1017 1187 1051 1249 in

124 1270 215 1330 calce
235 1269 354 1350 dialogi
376 1269 568 1349 apertissime
588 1268 689 1347 docui,
713 1288 763 1330 me
778 1269 854 1329 nihil
873 1267 957 1331 aliud
977 1260 1052 1331 tune

128 1351 253 1446 efficere
282 1353 434 1429 voluisse,
467 1353 525 1412 nisi
554 1353 725 1432 positiones
748 1359 858 1413 contra
879 1359 947 1413 tuas
968 1353 1050 1433 posi·

127 1437 234 1499 tiones-
251 1437 282 1497 iu
305 1435 458 1517 publicum
483 1433 609 1512 afferre,
631 1434 722 1495 simul
743 1441 777 1494 ut
798 1454 909 1497 cavere
928 1434 1051 1497 didicis·

128 1527 199 1588 sent
232 1519 389 1599 simplices
417 1524 485 1579 tuas
512 1517 685 1596 falsitates,
719 1524 791 1579 eta
819 1525 850 1578 te
872 1525 925 1589 tua
945 1517 1051 1579 lunda·

128 1607 234 1664 menta
259 1610 490 1680 extorquerem,
514 1601 566 1680 qui
587 1599 693 1661 itidem
716 1600 814 1661 nudas
836 1607 906 1662 tuas
925 1602 1052 1683 positio-

123 1705 184 1747 nes
221 1684 311 1748 nobis
339 1683 502 1762 intuleras,
532 1691 565 1744 et
596 1683 676 1744 adeo
705 1683 987 1765 amphibologicas,
1019 1693 1053 1745 ut

127 1768 288 1849 perplures
310 1768 454 1828 inearum
475 1766 631 1847 plerisque
652 1766 727 1827 nihil
750 1767 809 1828 nisi
829 1768 1051 1848 praesumptio·

128 1871 202 1913 nem
224 1858 256 1912 et
276 1851 438 1911 audaciam
461 1858 492 1909 et
514 1849 667 1910 eiusmodi
687 1850 799 1911 intueri
820 1856 957 1930 possent.
983 1849 1052 1913 Hoc

129 1940 235 1996 antem
257 1953 297 1994 ex
319 1939 405 2013 parte
427 1933 509 2010 feci,
538 1933 610 2012 quia
632 1932 733 1993 nullus
762 1940 810 1993 est
829 1939 891 1994 tam
915 1933 1051 2012 insanus,

130 2019 188 2098 qui·
203 2023 312 2078 nostra
333 2016 473 2077 conferat
494 2016 554 2076 tuis
576 2021 608 2075 et
628 2033 691 2076 non
712 2015 875 2095 praeferat.
978 2031 984 2075 2
1023 2074 1026 2080 .

191 2100 278 2171 ltem,
300 2100 393 2160 etiam
416 2105 448 2159 tu
471 2099 502 2158 in
514 2097 731 2178 probationem
752 2105 872 2159 tuorum
886 2098 1051 2161 maximam

117 2184 316 2263 ,farraginem
329 2181 460 2259 edidisti,
481 2183 513 2241 in
536 2200 596 2260 qua
607 2181 738 2260 liqueat,
761 2180 835 2260 quid
853 2180 958 2241 valeas
969 2200 1052 2259 vere,

128 2273 161 2329 et
183 2265 256 2346 quid
277 2272 395 2342 tecum,
423 2266 456 2324 in
477 2283 539 2342 qua
560 2264 651 2325 etiam
677 2263 782 2325 divina
804 2264 982 2342 eloquentia
1002 2276 1053 2339 'oo

127 2350 305 2431 piosissime
332 2346 470 2427 quidem,
499 2345 555 2406 sed
583 2354 686 2407 tamen
717 2367 804 2408 more
832 2346 1053 2409 declamatorio

128 2434 226 2511 citas,
255 2438 286 2492 et
313 2431 393 2491 adeo
417 2431 589 2512 sapienter,
619 2437 652 2490 ut
673 2450 754 2510 pene
782 2430 858 2491 nihil
889 2431 1053 2510 proposito

122 2523 163 2586 ¹et
181 2516 322 2576 instituto
345 2519 398 2575 tuo
419 2514 558 2574 attineat.
602 2512 663 2575 Sed
685 2532 788 2592 nequo
808 2512 883 2575 illud
906 2513 1053 2575 miraculo

130 2597 356 2677 adscripserim,
379 2597 493 2677 quippe
516 2598 567 2675 qui
589 2615 639 2656 mo
660 2596 903 2658 etThomastros
929 2601 980 2668 (ut
1001 2603 1054 2657 tuo

130 2688 200 2743 utar
219 2681 356 2741 irrisorio
380 2678 553 2756 vocabulo)
579 2687 610 2739 et
632 2679 782 2740 Thomam
805 2680 906 2759 ipsum
928 2678 1054 2740 irrideas

130 2771 164 2826 et
185 2763 373 2838 crimineris,
403 2760 487 2840 quod
509 2761 755 2823 distinctionibus
789 2763 902 2824 assueti
923 2761 970 2822 his
989 2780 1055 2823 ore-

130 2845 187 2909 bro
210 2848 331 2907 utimur.
354 2844 380 2905 Ο
403 2864 549 2925 magnum
570 2844 797 2906 Thomistarum
820 2844 971 2922 dedecus,
993 2847 1054 2905 imo

130 2931 297 2993 maximam
340 2928 480 3008 gloriam.
528 2927 574 2988 Tu
609 2929 708 3006 enim,
750 2929 801 3006 qui
834 2934 886 2988 tua
916 2927 1057 2992 doctrina

133 3013 280 3074 mundum
302 3012 518 3071 innovaturum
540 3016 640 3090 putas,
663 3015 695 3070 et
716 3028 896 3071 eversurum
917 3012 1055 3091 antiquo-

130 3117 200 3159 rum
222 3100 438 3171 monumenta,
462 3092 533 3152 dum
558 3094 723 3172 scripturas
748 3092 925 3155 indistincte
947 3093 1056 3155 iutelli-

131 3180 195 3262 gis,
225 3179 312 3258 quasi
335 3175 411 3236 nihil
432 3176 698 3254 aequivocationis
726 3181 778 3237 aut
799 3175 964 3257 analogiae
985 3195 1057 3238 oon-

133 3264 272 3340 tinsant,
302 3268 528 3338 consequenter
557 3265 661 3320 autem
692 3259 820 3320 confuse
847 3259 1004 3340 intelligas
1028 3265 1059 3320 ct

133 3345 251 3410 scribas
268 3351 299 3405 et
320 3341 444 3419 doceas,
467 3361 596 3403 necesse
619 3348 674 3402 est.
702 3340 911 3421 Quodutique
931 3344 1058 3402 istatua

132 3447 249 3509 magna
270 3427 392 3506 farrago
405 3424 550 3504 probarit,
573 3427 603 3485 in
627 3444 688 3504 qua
701 3427 759 3485 tuis
782 3424 870 3485 dictis
882 3425 926 3485 ita
947 3424 1057 3487 cohae-

132 3518 207 3573 rent
228 3517 281 3571 tua
297 3527 383 3588 ,quae
404 3509 480 3568 citas
495 3509 680 3586 testimonia,
701 3509 781 3571 sicut
802 3515 887 3569 catus
910 3514 941 3568 et
961 3510 1046 3570 sima·

193 3732 224 3802 *J
245 3733 276 3785 ln
296 3733 338 3786 ed.
356 3731 436 3791 lem:
459 3730 696 3784 demonstravero.
802 3761 813 3791 ,-
