2356 4200
374 274 410 337 de
428 285 529 337 virtute
546 281 792 352 indulgentiarum.
988 277 1049 344 157

118 441 158 512 ¹in
186 452 324 512 medicos
353 458 419 513 tota
448 452 619 514 substantia
661 452 748 532 peius
782 457 813 511 et
841 451 929 529 peius
957 449 1049 512 habe·

129 542 192 599 ant.

211 617 300 678 Fides
327 618 426 697 primo
455 619 487 678 in
510 618 677 695 Christum,
705 617 868 698 gratuitum
897 617 1051 677 remissior

127 704 175 761 nis
188 701 375 781 largitorem,
398 700 539 762 docenda
562 709 637 780 erat,
660 707 691 761 et
712 700 886 780 desperatio
906 698 1050 779 propriae

128 785 321 845 contritionis
345 790 377 844 et
398 784 616 845 satisfactionis
629 782 852 865 persuadenda,
877 783 963 842 utsic
976 779 1049 841 fidu-

127 869 175 928 cia
198 875 229 928 et
250 867 363 947 gaudio
387 867 497 938 cordis,
520 867 559 928 de
583 865 911 928 misericordiaChristi
929 863 1050 943 firmati,

127 949 252 1011 tandem
288 951 424 1011 hilariter
454 951 574 1011 odirent
591 957 768 1030 peccatum,
781 973 790 989 ⁵
803 956 834 1009 et
854 956 1050 1009 contereren-

127 1042 175 1094 tur
197 1031 241 1176 ¹31,
265 1042 295 1093 et
317 1033 537 1096 satisfacerent.

239 1136 275 1177 ec
307 1117 433 1177 iuristae
463 1117 599 1177 eiusdem
627 1114 822 1177 carnificinae
845 1118 956 1207 segn'es
978 1118 1050 1175 sunt

127 1209 260 1279 autores,
285 1201 345 1278 qui,
369 1199 439 1260 durn
464 1202 557 1260 nimio
574 1199 675 1260 studio
686 1198 839 1259 extollunt
859 1204 1048 1278 potestatem

127 1302 237 1364 papae,
260 1282 328 1362 plus
350 1283 489 1343 fecerunt
505 1285 660 1343 aestimari
678 1291 709 1342 et
732 1282 833 1342 mirari
863 1288 1048 1360 potestatem

127 1385 239 1446 papae,
261 1385 352 1445 qnam
376 1366 501 1426 verbum
511 1367 623 1426 Christi
644 1366 791 1425 honorari
814 1363 884 1439 fide,
904 1384 973 1424 curn
996 1363 1050 1425 do·
1079 1395 1094 1427 .-

126 1448 214 1508 cendi
239 1450 300 1508 sint
321 1448 486 1526 homines,
521 1456 553 1508 nt
582 1469 642 1510 non
677 1450 707 1507 in
730 1454 916 1527 potestatem
939 1466 1049 1528 papae,

126 1531 233 1591 sedin
256 1533 381 1592 verbum
406 1531 517 1592 Christi
540 1552 640 1612 papae
664 1531 868 1610 promittentis
892 1529 1051 1591 confidere

126 1608 265 1688 discant,
287 1616 311 1674 si
335 1614 428 1676 modo
451 1616 547 1675 veiint
569 1634 638 1675 esse
659 1615 759 1694 pacati
791 1614 821 1673 in
850 1614 1049 1674 conscientiis

126 1698 199 1760 suis.
242 1696 311 1757 Non
336 1699 427 1776 enim,
450 1700 521 1777 qnia
542 1718 623 1778 papa
645 1696 706 1775 dat,
729 1696 844 1775 aliquid
864 1695 970 1773 habes,
993 1695 1048 1758 sed

126 1782 151 1841 si
174 1780 339 1841 credideris
362 1784 554 1862 reaccipere,
577 1781 683 1856 habes,
698 1787 815 1839 tantum
831 1780 938 1858 habes,
954 1799 1048 1859 quan-

126 1873 189 1923 tum
213 1864 321 1940 credis,
344 1872 470 1943 propter
492 1865 727 1944 promissionem
751 1863 872 1933 Christi,

208 1946 274 2007 Nisi
296 1957 397 2007 autem
416 1955 555 2027 potestas
579 1948 709 2007 clavium
732 1948 775 2004 sic
798 1945 914 2006 valeret
935 1944 975 2005 ad
995 1966 1048 2026 pn-

125 2049 192 2088 cem
228 2030 328 2090 cordis
359 2037 389 2089 et
416 2032 628 2091 remissionem
652 2030 777 2108 cnlpae,
812 2035 874 2088 tum
901 2047 973 2088 vere
998 2027 1049 2110 (ut

127 2115 213 2172 aiunt
255 2113 397 2192 quidam)
441 2112 658 2174 iilifrearentur
697 2111 916 2191 indulgentiae.
967 2110 1047 2186 Quid
1113 2156 1121 2171 r

127 2198 208 2255 enim
233 2198 336 2276 magni
360 2196 529 2276 confertur,
558 2199 582 2256 si
613 2196 752 2257 remissio
777 2213 946 2274 poenarum
975 2214 1047 2255 con-

126 2279 233 2355 fertur,
262 2298 329 2338 cnm
368 2279 678 2382 Christianorumxsit
706 2279 797 2338 etiarn
821 2285 950 2337 mortem
974 2296 1045 2337 con·

125 2370 274 2422 temnere.

207 2445 283 2504 Item
304 2464 358 2504 cnr
380 2444 457 2505 dixit
478 2445 614 2505 Christus
638 2442 693 2525 *):
737 2443 877 2518 Quorum
897 2445 1047 2505 remiseri-

125 2529 164 2587 tis
187 2535 324 2607 peccata‚
346 2530 539 2588 remittuntur
562 2530 616 2607 eis,
638 2528 696 2586 nisi
718 2527 800 2606 quod
824 2547 885 2587 non
910 2534 981 2587 sunt
1002 2547 1047 2589 re·

126 2612 218 2671 missa
241 2611 310 2689 ulti,
333 2612 391 2671 nisi
413 2613 586 2672 remittente
609 2608 769 2671 sacerdote
798 2611 904 2671 credat
924 2610 983 2672 sibi
1003 2631 1047 2672 re·

126 2694 224 2754 mitti?
266 2695 339 2755 ldeo
363 2695 393 2753 in
416 2695 525 2756 verbo:
548 2693 684 2769 Quorum
707 2695 884 2753 remiseritis
907 2701 1048 2774 peccata,

124 2777 280 2837 confertur
301 2785 462 2857 potestas,
485 2777 539 2837 scd
563 2781 594 2836 in
616 2776 732 2837 verbo:
763 2776 970 2837 Remittuntnr
992 2778 1048 2856 eis,

124 2867 311 2940 provocatur
332 2873 478 2940 peccator
499 2861 537 2920 ad
562 2859 653 2921 fidem
675 2861 874 2922 remissionis.
910 2859 995 2921 Sicut
1016 2869 1049 2922 et

123 2944 154 3001 in
177 2944 288 3004 verbo:
333 2943 544 3022 Quodcunque
567 2944 705 3019 scironia,
731 2949 869 3022 potestas
892 2941 989 3007 datur.
1012 2944 1046 3004 ln

125 3028 240 3089 verbo:
284 3027 391 3087 Solnta
413 3035 521 3101 erunt,
556 3025 633 3085 fides
655 3032 762 3086 nostra
784 3027 943 3087 excitatur.
986 3023 1047 3087 Po-

124 3119 204 3174 terat
226 3111 307 3169 enim
330 3110 448 3170 dicere:
493 3109 630 3183 Quorum
658 3109 833 3169 remiseritis
854 3129 973 3190 poenas
995 3110 1046 3170 vel

124 3195 286 3267 vindictas,
308 3194 332 3252 si
355 3195 504 3255 voluisset
526 3194 556 3252 id
570 3192 751 3272 intelligere,
775 3191 940 3272 sedsoivit,
963 3192 1045 3273 quod

124 3279 316 3340 conscientia
345 3277 405 3336 iam
427 3275 589 3336 iustificata
611 3296 666 3356 per
687 3277 815 3356 gratiam
845 3295 901 3335 sua
923 3275 1045 3355 trepidi·

123 3369 187 3422 tate
195 3366 353 3420 evomeret
373 3361 512 3439 gratiam,
535 3360 593 3419 nisi
604 3368 830 3419 succurreretur
843 3359 870 3418 ei
885 3378 939 3439 per
953 3355 1045 3419 tidem

122 3446 162 3506 de
185 3446 302 3526 gratiae
324 3445 498 3521 praesentia
514 3444 682 3503 ministerio
695 3443 874 3519 sacerdotis,
897 3442 958 3502 imo
974 3459 1048 3524 pec-¹

196 3705 226 3774 1)
248 3707 279 3757 In
297 3704 338 3757 ed.
360 3707 458 3772 princ:
480 3707 730 3777 contemnerentur.

198 3779 228 3844 ⁵)
249 3777 350 3831 Johan.
368 3777 413 3831 90.
