2356 4200
436 302 463 342 a.
482 287 552 342 mis
571 287 667 342 habit.
1006 268 1048 352 ab

128 473 197 534 prae
217 453 279 515 illis
308 455 485 519 invisibilia.
528 457 695 519 Invisibilia
722 459 831 518 autem
851 457 921 518 dico
943 457 1045 518 solum

128 556 175 614 ec,
196 556 279 618 quae
301 541 423 599 suntin
446 540 530 618 Deo,
552 540 683 601 visibilia
705 547 822 616 autem,
845 557 1046 619 quaecuuque

127 638 185 680 non
212 627 286 680 sunt
311 621 396 682 Deua
425 624 508 702 ipse,
536 630 570 682 ut
598 625 765 702 sapientia,
794 625 936 699 virtutes,
965 622 1048 682 dona

121 704 250 783 gratae.
295 703 382 765 Haec
404 707 486 765 enim
508 706 565 766 etsi
587 724 650 767 non
673 707 734 765 siut
755 705 910 765 sensualia
932 710 963 765 et
984 725 1048 765 car-

123 785 213 865 nalis,
236 787 305 846 sive
326 788 517 868 corporalia,
540 797 725 848 sunttamen
744 789 926 867 apparentia
947 794 977 847 et
993 788 1047 848 ho·
1155 857 1161 863 ‚

124 870 194 929 mini
224 871 477 949 praesentialiter
503 873 637 952 cognita.
680 870 755 931 ldeo
783 873 814 930 in
844 871 891 930 his
915 873 1047 931 maxime

124 957 253 1031 pereunt
280 952 428 1015 haeretici
457 960 488 1014 et
517 954 657 1034 superbi,
686 954 756 1013 dum
787 973 824 1013 ea
850 953 1048 1032 pertinaciter

123 1033 270 1116 diligunt,
294 1038 381 1114 quasi
403 1036 474 1097 ideo
492 1038 591 1097 Deum
613 1037 758 1116 diligant,
790 1037 862 1114 quia
883 1035 961 1094 baec
982 1035 1048 1094 dili·

124 1125 197 1198 gunt
210 1121 261 1195 ⁸).
306 1119 383 1179 lude
404 1121 484 1180 enim
508 1120 611 1179 celant
631 1127 663 1178 et
678 1120 800 1194 furiunt,
823 1118 872 1177 ubi
885 1117 1048 1196 repreben-

123 1201 237 1260 duntur
258 1203 291 1261 in
313 1202 391 1280 istis,
413 1210 445 1262 et
466 1202 634 1263 defendunt
655 1222 699 1279 se,
722 1202 880 1261 acceium
904 1202 959 1260 Dei
982 1201 1049 1260 sine

123 1285 257 1344 scicntia
269 1292 428 1346 exornent
463 1287 577 1346 Verum
591 1291 800 1364 pracceptum,
822 1284 933 1362 diliges
948 1283 1048 1343 Deum

124 1373 206 1426 tuum
237 1385 332 1446 super
359 1370 479 1446 omnia,
511 1387 573 1429 non
604 1368 679 1428 dicit
704 1368 789 1426 dona
808 1367 866 1425 Dei
889 1373 963 1442 eta,
992 1364 1047 1424 sed

124 1449 308 1529 simpliciter
328 1451 494 1511 invisibilia
518 1453 668 1530 praecipit
688 1450 783 1531 diligi,
805 1450 934 1527 quaein
955 1449 1047 1507 ratio·

125 1551 193 1592 nem
216 1532 353 1592 hominis
375 1552 438 1594 non
460 1534 645 1609 ascendunt,
667 1552 726 1592 nec
747 1532 855 1591 oculus
876 1530 967 1606 vidit,
990 1548 1049 1589 nec

125 1617 204 1674 curis
217 1614 346 1675 audivit.
389 1615 464 1677 lude
486 1619 566 1676 enim
589 1618 650 1694 isti,
674 1614 898 1694 quantumlibet
929 1614 1050 1692 sapiant

126 1704 154 1757 et
180 1697 265 1760 bene
296 1698 415 1777 vivant,
446 1707 530 1759 recte
559 1699 661 1758 adbuc
688 1698 727 1758 de
760 1698 912 1777 sapientia
948 1696 1048 1754 carnis

126 1782 229 1840 vivere
275 1779 398 1842 dicendi
421 1789 504 1859 sunt,
526 1785 589 1842 imo
612 1781 817 1842 abundantius
839 1780 934 1856 sorte,
957 1797 1049 1856 quam

127 1881 235 1924 omnes
275 1863 344 1942 alii,
383 1867 435 1945 qui
467 1865 641 1946 corporalia
676 1862 890 1925 tantummodo
927 1862 1050 1940 sapiant

128 1945 219 2007 bona.
263 1944 391 2026 Signum
407 1947 515 2008 horum
531 1954 587 2026 est,
600 1947 683 2026 quod
695 1947 774 2006 servi
787 1947 848 2005 sint
859 1946 925 2004 sine
940 1945 1049 2003 timore

129 2047 163 2088 cc
193 2029 406 2090 occultissime
438 2032 571 2111 superbi.
617 2031 819 2109 Praeceptum
850 2029 930 2087 enim
957 2026 1049 2104 istud,

128 2111 235 2192 diligen
261 2111 429 2173 Dominum
453 2115 552 2174 Deum
575 2122 673 2189 tuum,
698 2114 772 2172 satis
795 2110 917 2171 abunde
940 2103 1048 2168 utrius·

129 2213 186 2273 que
197 2194 340 2256 morbum
354 2197 479 2276 indicat,
502 2197 573 2256 dum
587 2198 775 2276 inspicimus,
798 2214 877 2273 quae
896 2193 1049 2272 diligimus

129 2277 277 2357 visibilia,
307 2286 338 2338 et
366 2279 474 2339 eadem
498 2281 643 2359 sapimus,
666 2298 745 2358 quae
767 2287 869 2338 tamen
889 2275 1051 2355 prohiben-

130 2367 175 2419 tur
195 2360 250 2420 ibi.
293 2360 359 2421 lmo
382 2382 438 2442 pro
461 2362 685 2423 illuminatione
706 2362 833 2421 rationis
860 2361 1051 2419 incarnatum

130 2450 175 2502 est
198 2443 342 2523 verbum,
374 2445 525 2525 sapientia
553 2448 663 2525 patris,
697 2452 728 2504 et
754 2463 810 2523 pro
834 2441 973 2502 sananda
1000 2460 1051 2500 vo-

131 2525 247 2587 luntate
264 2528 376 2586 missus
390 2535 438 2588 est
451 2528 590 2608 Spiritus,
613 2530 667 2606 sic,
691 2539 723 2587 ut
744 2528 796 2586 ille
818 2527 916 2585 lucem
929 2525 1052 2602 rationi,

130 2608 176 2669 hic
198 2611 305 2690 ignem
329 2611 480 2671 voluntati
502 2612 665 2688 conferret,
689 2630 727 2670 ac
748 2612 793 2669 sic
813 2609 999 2688 intelligeret
1021 2615 1052 2666 et

131 2699 247 2753 amaret
268 2693 435 2755 invisibilia
456 2701 488 2754 et
517 2714 609 2774 supra
631 2714 664 2753 se
687 2693 866 2770 existentia,
896 2710 975 2770 quae
997 2709 1052 2769 per

131 2777 303 2854 synteresiu
326 2783 400 2855 apta
420 2786 469 2837 est
489 2778 662 2857 intelligere
685 2796 722 2836 ac
744 2795 857 2852 amare,
880 2773 935 2835 sed
957 2775 1051 2852 impe-

131 2857 233 2918 diente
256 2859 385 2918 rationis
408 2867 440 2919 et
452 2861 620 2921 voluntatis
644 2860 765 2920 defectu
788 2878 850 2917 non
874 2857 973 2936 diligit
994 2875 1052 2915 uec

130 2940 283 3022 intelligit.
338 2942 412 3002 Ideo
448 2962 570 3023 semper
609 2942 792 3023 gemendum
829 2947 861 3000 et
893 2938 1050 3000 orandum.

131 3022 235 3085 Simile
259 3032 397 3095 osteum
420 3026 573 3087 medicina
588 3028 717 3106 aegroti,
741 3026 812 3104 quia
833 3030 978 3103 aegrotus
1001 3022 1051 3082 cd-

131 3104 188 3166 huc
209 3107 316 3186 utique
338 3108 432 3169 habet
453 3113 624 3188 synteresin
648 3110 797 3185 sanitatis,
822 3127 913 3185 quain
939 3105 1049 3166 medici

131 3198 245 3250 vocant
265 3191 346 3250 vires
360 3197 497 3269 naturae,
521 3194 593 3272 quia
607 3201 677 3252 sunt
689 3194 753 3272 apti
766 3199 797 3250 et
809 3191 945 3250 inclinati
958 3208 1051 3269 agere

131 3291 181 3351 ea,
204 3292 286 3353 quae
316 3276 383 3333 sani
404 3282 515 3354 agunt,
546 3277 685 3336 sednon
718 3280 848 3354 possunt
874 3292 976 3354 agere.
1020 3272 1051 3334 Si

131 3357 209 3416 euim
233 3375 298 3416 non
322 3364 406 3417 esset
426 3358 581 3418 residuum
609 3361 749 3419 sanitatis
772 3355 914 3436 aliquod,
943 3355 1050 3436 despe-
1097 3371 1100 3376 ’

131 3447 195 3500 rata
217 3446 304 3500 esset
324 3439 484 3520 aegritudo
500 3447 532 3502 et
552 3441 743 3518 incurabilis,
765 3446 964 3500 veruntamen
987 3459 1049 3499 nou

132 3522 199 3582 ideo
223 3542 332 3582 sanum
356 3542 389 3583 se
412 3523 505 3584 debet
525 3524 681 3603 arbitrari,
706 3526 757 3602 qui
785 3524 965 3599 electuaria,
990 3544 1049 3582 me-

133 3604 262 3685 dicinas,
295 3605 462 3685 pharmaca
491 3608 654 3667 comedere
677 3614 796 3687 potest,
826 3607 928 3668 donec
957 3607 1048 3666 etiam

187 3799 217 3863 ⁰)
239 3797 404 3851 Observatio
424 3799 545 3867 egregia.

155 3919 244 3958 mam
254 3929 303 3964 opp.
324 3919 345 3956 ν,
358 3918 385 3955 x.
400 3919 431 3957 aa
440 3920 481 3958 rer.
495 3920 546 3961 uni.
559 3921 574 3961 ι,
587 3933 611 3972 ρ.
629 3924 676 3966 vor.
691 3925 710 3967 1.
822 3900 842 3967 5
