2356 4200
93 282 99 298 =
123 253 186 323 128
450 259 599 316 Sermones
616 259 728 315 Lntlreri

124 411 205 492 dum,
237 411 319 491 quod
341 413 400 474 tria
421 414 481 474 sint
501 432 617 494 genera
639 412 720 474 male
741 412 940 493 habentium,
970 431 1045 493 qno-

122 516 189 556 rum
211 515 304 555 uuum
331 503 449 557 tantum
476 497 625 558 Dominus
654 497 704 556 hic
734 495 875 576 adducit,
912 515 1044 576 quorum

115 598 157 661 vse
180 578 333 640 medicum
352 579 473 644 latetur.
515 580 608 640 Primi
636 586 707 640 sunt
728 581 813 660 aegri
835 588 866 640 et
888 580 1040 659 nesciunt,

131 662 301 741 noluntque
325 662 449 724 credere
478 682 513 722 se
539 682 667 744 aegros,
706 663 848 723 videntur
877 662 937 725 sibi
968 663 1047 742 sani,

113 746 248 824 ¹qualem
273 753 304 806 et
325 746 446 806 Persius
475 745 619 808 describit
644 745 742 826 Satyr.
770 751 799 810 ὁ.
840 747 892 825 qui
914 745 955 806 ad
977 765 1044 807 mo-

124 829 226 890 dicum
247 828 329 908 dicit,
351 829 397 889 Tu
419 829 553 890 deterius
575 829 683 910 palles.
705 829 744 889 Hi
766 835 837 889 sunt
856 828 1045 890 insanabiles

122 918 154 973 et
180 912 420 992 incorrigibiles,
458 912 539 972 unde
561 920 592 973 et
611 912 725 973 ibidem
748 911 836 992 dicit,
866 911 1045 973 iamdudum

124 995 242 1076 sepelii.
261 994 352 1056 huno.
395 995 486 1056 Tales
515 1002 586 1056 sunt
607 1015 716 1056 omnes
737 995 861 1076 superbi
882 995 1044 1075 iustitisrii,

124 1097 253 1157 quorum
275 1085 384 1139 natura
407 1085 462 1158 est,
485 1078 569 1139 nolle
586 1078 702 1157 doceri,
718 1079 829 1158 sanari,
847 1077 903 1140 sed
920 1097 1045 1159 semper

124 1162 227 1222 dicere
250 1159 384 1239 docenti,
413 1168 446 1222 tu
467 1163 555 1242 peius
575 1163 700 1242 ignoras
723 1181 815 1241 quam
844 1180 922 1242 ego,
955 1163 1044 1242 peius

124 1246 201 1306 vivis
224 1264 316 1324 quam
339 1264 398 1325 ego
422 1250 480 1305 etc.
514 1243 696 1324 Quicunque.
716 1246 820 1323 itaque
842 1243 900 1305 sibi
923 1244 1045 1307 videtur

124 1329 212 1406 scire,
244 1347 323 1406 quae
345 1326 471 1387 scienda
493 1327 550 1387 sibi
573 1334 657 1407 sunt,
686 1336 717 1388 et
738 1347 800 1389 non
824 1346 893 1388 esse
922 1346 1044 1408 alecus,

125 1430 184 1471 nec
206 1430 285 1492 opus
306 1411 421 1471 habere
443 1411 605 1491 magistro,
639 1410 743 1490 quoad
769 1412 938 1490 rationem,
970 1412 1043 1472 item

38 1557 46 1567 ,
126 1495 300 1573 quicunque
321 1493 442 1555 videtur
465 1494 522 1554 sibi
544 1493 618 1554 nihil
640 1493 721 1555 male
743 1494 824 1554 velle
845 1500 899 1554 aut
916 1493 1044 1576 diligere

125 1583 157 1638 et
178 1578 414 1656 concupiscere,
444 1576 546 1656 quoad
573 1577 859 1657 concupiscibilem,
880 1579 954 1649 item
980 1579 1044 1657 qui·

125 1679 245 1739 cunque
267 1660 388 1721 videtur
409 1659 553 1720 sibinihil
575 1659 658 1739 boui,
679 1661 754 1738 veri,
775 1661 847 1721 iusti
875 1659 979 1720 odisse
1008 1679 1044 1721 ac

124 1763 278 1823 respuere,
301 1742 403 1824 quoad
425 1742 623 1819 irascibilem,
651 1762 688 1803 ac
716 1762 773 1823 per
798 1742 859 1803 hoc
880 1749 979 1804 totum
1001 1743 1044 1805 lu-

126 1825 227 1887 cidum
251 1834 368 1886 castum
390 1844 427 1886 ac
447 1845 566 1906 purum,
588 1827 638 1886 hic
660 1832 716 1904 est,
737 1827 878 1905 inquam,
907 1827 958 1905 qui
980 1845 1042 1887 non

126 1909 206 1970 male
228 1909 330 1989 habet,
353 1910 404 1988 qui
426 1908 579 1969 Christum
601 1928 664 1969 non
685 1909 780 1969 habet
801 1908 964 1970 medicum.

209 1992 317 2052 Nullus
341 1993 423 2053 enim
444 1998 582 2053 nostrum
604 1999 660 2073 est,
684 1993 787 2071 quiin
809 1991 856 2052 his
884 1992 979 2054 tribus
1002 1993 1043 2052 vi-

128 2077 177 2137 tiis
199 2077 288 2156 primi
308 2074 430 2157 peccati
462 2094 525 2136 non
554 2076 595 2134 sit
616 2074 772 2138 morbidus
802 2082 833 2135 et
866 2076 992 2136 “saucius
1013 2083 1045 2135 et

129 2178 224 2240 egens
258 2159 394 2238 medico,
430 2159 481 2237 qui
513 2158 594 2228 hanc
625 2159 738 2219 trinam
767 2164 885 2238 partem
922 2159 1044 2219 animae

129 2248 227 2321 sanet,
248 2261 304 2323 per
322 2243 493 2322 potentiam
508 2241 605 2301 Patris
627 2241 731 2321 quoad
758 2241 962 2323 irascibilem,
989 2260 1044 2322 per

128 2327 288 2386 veritatem
310 2325 393 2403 Filii,
428 2324 531 2404 quoad
552 2325 751 2403 rationalem,
782 2344 839 2404 per
859 2325 1043 2386 suavitatem

129 2407 259 2488 Spiritus
282 2408 312 2469 S.
330 2407 432 2486 quoad
454 2407 740 2488 concupiscibilem,
763 2413 917 2470 ettamen
941 2407 1043 2488 plures

128 2491 265 2573 pluribus
286 2491 444 2570 invenias,
476 2489 584 2569 quibus
607 2492 632 2550 si
654 2490 823 2570 obiiciatur,
851 2489 936 2570 quod
958 2491 1042 2552 caeci

129 2576 190 2635 sint
211 2581 242 2636 ct
263 2574 335 2635 mali
358 2580 389 2634 et
409 2574 498 2654 vani,
528 2575 589 2635 siut
609 2573 822 2654 indignissime
843 2574 942 2634 laturi.
977 2573 1043 2636 Hos

128 2659 252 2739 proprie
273 2656 411 2738 appellat
430 2658 567 2738 iniquos,
595 2663 626 2718 et
653 2677 760 2718 eorum
788 2658 881 2717 vitam
903 2658 1043 2738 iniquita-

129 2751 201 2820 tem,
223 2742 344 2821 peiores
367 2759 459 2820 quam
482 2742 625 2820 quisunt
651 2740 734 2822 falsi,
757 2740 838 2819 vani,
867 2740 1043 2820 mendaces,

128 2823 242 2904 iniusti,
263 2825 453 2905 insipientes,
477 2843 526 2901 eo,
549 2824 630 2903 quod
653 2842 715 2885 non
738 2831 854 2884 tantum
874 2824 952 2884 tales
964 2829 1045 2903 sunt,

129 2908 184 2968 sed
206 2908 267 2968 alio
299 2909 405 2987 peiore
432 2913 562 2987 peccato
589 2909 681 2968 etiam
708 2907 839 2987 diligunt
877 2907 1043 2968 vanitatem

129 2998 161 3052 et
182 2999 331 3070 quaerunt
351 2990 554 3069 mendacium,
576 2996 720 3070 tanquam
744 2991 889 3051 iustitiam
913 2997 944 3051 et
966 2991 1044 3052 veri·

128 3080 233 3154 tatem,
262 3080 293 3135 et
323 3080 462 3154 pugnant
499 3079 605 3134 contra
638 3075 783 3134 iustitiam
811 3079 843 3134 et
873 3073 1044 3135 veritatem.

127 3157 222 3238 Igitur
255 3163 320 3218 tota
355 3157 437 3218 salus
470 3164 531 3236 est,
569 3176 630 3218 non
666 3156 731 3218 fieri
758 3163 953 3237 peccatores,
989 3155 1045 3217 sed

129 3246 234 3301 amota
264 3241 413 3302 caecitate
441 3242 520 3302 scire
549 3248 580 3302 et
606 3239 725 3320 videre,
760 3241 904 3319 quoniam
939 3258 1050 3300 sumus

128 3330 318 3404 peccatores,
334 3329 368 3384 ut
378 3323 427 3386 Ps.
445 3327 500 3389 50:
513 3323 581 3386 Tibi
594 3323 654 3384 soli
664 3325 792 3405 peccavi
808 3332 839 3384 et
852 3323 967 3384 malum
983 3328 1044 3384 etc.

128 3406 178 3466 Ad
201 3407 281 3466 hanc
302 3413 404 3468 autem
426 3408 635 3488 cognitionem
656 3426 720 3468 non
741 3408 878 3486 veniunt,
906 3407 958 3486 qui
979 3412 1044 3468 tan-

128 3495 191 3550 tum
215 3488 254 3549 de
277 3490 447 3551 actualibus
471 3490 616 3552 cavendis
638 3490 761 3551 solliciti
784 3498 868 3566 sunt,
898 3490 1043 3570 neglecto

128 3574 188 3633 isto
212 3572 353 3653 originali
377 3573 475 3652 malo,
509 3573 591 3654 quod
613 3592 731 3633 rursum
752 3574 886 3634 actualia
907 3575 1044 3634 suscitat.

130 3654 221 3731 Quod
243 3662 276 3716 ut
296 3655 513 3737 intelligamus,
536 3656 710 3736 sciendum,
743 3656 829 3736 quod
854 3657 967 3737 duplex
998 3662 1046 3716 est

122 3746 299 3820 peccatum,
322 3740 442 3802 actuale
465 3746 496 3802 et
517 3739 676 3822 originale,
699 3742 778 3801 sicut
797 3742 829 3800 in
852 3739 1044 3803 febricitante
